1838 3152
540 239 778 285 Epistulae
802 240 988 276 LVIIII.
1014 251 1042 276 c.
1068 242 1167 277 3-5.
1516 246 1597 288 671

98 356 171 385 me
193 343 514 397 spreuerunt.
548 344 589 385 et
610 343 810 385 Dominus
831 355 991 397 quoque
1012 345 1054 386 in
1075 345 1310 400 euangelio:
1342 346 1430 400 qui
1452 348 1602 390 audit

98 424 190 454 uos
219 425 294 453 me
325 411 475 454 audit
504 412 555 454 et
585 424 694 454 eum
725 412 811 465 qui
832 425 906 454 me
927 412 1094 463 misit,
1126 415 1176 457 et
1204 415 1298 467 qui
1328 415 1483 457 reicit
1514 428 1601 458 uos

96 492 170 522 me
200 480 358 522 reicit
388 482 439 523 et
469 493 578 522 eum
609 482 695 534 qui
726 494 800 523 me
830 480 989 522 misit.
1021 483 1063 523 et
1094 495 1188 524 cum
1218 483 1425 538 leprosum
1456 497 1601 527 emun-

97 549 254 600 dasset,
286 549 436 600 uado,
467 549 624 603 inquit,
656 551 705 592 et
735 550 1036 592 demonstra
1067 552 1116 592 te
1138 553 1412 595 sacerdoti.
1445 555 1602 597 etcum

66 637 81 661 ⁵
98 618 240 672 postea
270 619 454 672 tempore
484 618 687 672 passionis
717 619 881 673 alapam
911 620 1136 673 accepisset
1167 632 1191 661 a
1222 630 1339 662 seruo
1379 621 1601 664 sacerdotis

95 699 269 740 cumque
310 687 348 729 ei
390 686 582 730 dixisset:
629 688 703 729 sic
748 688 1036 740 respondes
1080 688 1358 741 pontifici,
1404 691 1602 733 aduersus

93 755 329 808 pontificem
360 756 561 798 Dominus
591 756 885 799 contumeliose
923 756 1029 799 nihil
1060 757 1166 799 dixit
1195 770 1269 799 nec
1299 758 1521 812 quicquam
1552 759 1601 802 de

94 825 316 867 sacerdotis
358 825 505 867 honore
548 824 747 878 detraxit,
790 825 861 866 sed
901 825 1182 868 innocentiam
1214 839 1332 868 suam
1364 827 1498 882 magis
1528 828 1602 870 ad-

94 906 230 937 serens
270 897 312 936 et
349 894 587 944 ostendens,
618 894 662 935 si
704 894 853 944 male,
902 894 1058 948 inquit,
1105 895 1318 938 locutus
1359 910 1481 947 sum,
1526 909 1602 939 ex-

0 990 1 999 *
49 964 282 1016 mprobra
320 963 377 1005 de
416 963 571 1004 malo:
617 963 660 1004 si
706 962 878 1005 autem
923 962 1070 1015 bene,
1118 964 1245 1018 quid
1283 977 1359 1007 me
1397 965 1602 1007 caedis?

0 1026 1 1031 ¹
93 1034 195 1075 item
227 1033 271 1074 in
299 1033 402 1075 actis
430 1032 709 1085 apostolorum
740 1034 1005 1085 postmodum
1035 1034 1178 1076 beatus
1199 1034 1410 1088 apostolus
1431 1034 1600 1085 Paulus,

93 1114 188 1143 cum
218 1102 254 1143 ei
276 1101 435 1143 dictum
465 1102 592 1142 esset:
623 1101 698 1142 sic
727 1101 910 1144 insilis
940 1102 992 1143 in
1024 1102 1346 1144 sacerdotem
1378 1103 1473 1145 Dei
1504 1116 1603 1145 ma-

94 1169 388 1219 ledicendo,
421 1170 612 1223 quamuis
643 1169 819 1212 Domino
854 1170 939 1211 iam
970 1171 1159 1212 crucifixo
1191 1171 1381 1226 sacrilegi
1413 1172 1454 1213 et
1483 1172 1603 1225 impii

94 1239 135 1280 et
157 1239 316 1281 cruenti
338 1239 402 1280 illi
425 1251 511 1280 esse
533 1238 761 1293 coepissent
775 1251 848 1281 nec
862 1239 947 1281 iam
960 1239 1180 1293 quicquam
1201 1240 1251 1282 de
1267 1240 1513 1282 sacerdotali
1529 1241 1603 1282 ho-

46 1324 78 1349 15
93 1319 189 1350 nore
211 1309 252 1349 et
273 1308 517 1349 auctoritate
540 1309 777 1358 retinerent,
800 1310 941 1350 tamen
957 1309 1094 1363 ipsum
1111 1309 1302 1362 quamuis
1319 1309 1438 1350 inane
1454 1322 1603 1351 nomen

92 1377 134 1418 et
167 1377 356 1418 umbram
391 1377 597 1430 quandam
627 1378 848 1420 sacerdotis
880 1378 1066 1433 cogitans
1097 1378 1267 1428 Paulus,
1299 1378 1603 1420 nesciebam

92 1444 308 1495 fratreS,
339 1446 485 1500 inquit,
509 1446 631 1499 quia
660 1446 897 1500 pontifex
928 1447 1016 1488 est.
1050 1446 1309 1500 scriptum
1341 1447 1419 1488 est
1449 1445 1602 1488 enim:

93 1515 322 1569 principi
353 1517 470 1557 tuae
502 1515 672 1569 plebis
702 1527 797 1556 non
827 1515 1121 1557 maledices.

151 1582 254 1625 Cum
290 1584 388 1626 haec
428 1585 544 1626 tanta
582 1597 629 1626 ac
665 1584 767 1625 talia
810 1585 945 1626 multa
989 1584 1175 1638 exempla
1219 1584 1469 1638 praecedant
1509 1584 1603 1637 qui·
1618 1585 1640 1624 5

45 1665 79 1691 20
93 1652 170 1694 bus
200 1652 464 1695 sacerdotalis
493 1652 717 1694 auctoritas
748 1654 790 1694 et
818 1653 1000 1706 potestas
1030 1652 1079 1694 de
1108 1652 1250 1695 diuina
1271 1652 1510 1708 dignatione
1532 1652 1603 1695 fir-

91 1722 249 1776 matur,
287 1721 428 1775 quales
458 1723 579 1774 putas
609 1733 696 1763 esse
725 1733 791 1763 eos
822 1721 893 1775 qui
923 1721 1193 1774 sacerdotum,
1213 1722 1353 1764 hostes
1388 1723 1429 1764 et
1461 1723 1603 1764 contra

93 1790 310 1832 ecclesiam
331 1790 576 1832 catholicam
606 1790 779 1832 rebelles
813 1803 886 1832 nec
907 1791 1213 1844 praemonentis
1234 1790 1406 1832 Domini
1430 1791 1603 1832 commi-

92 1858 258 1900 natione
280 1871 352 1899 nec
374 1858 505 1900 futuri
528 1858 671 1900 iudicii
693 1859 852 1901 ultione
872 1859 1109 1901 terrentur?
1141 1871 1272 1912 neque
1303 1859 1415 1900 enim
1436 1859 1602 1901 aliunde

230 2019 248 2052 1
275 2018 356 2052 Luc.
384 2019 436 2059 10,
466 2019 517 2054 16.
620 2019 643 2053 4
667 2019 797 2054 Matth.
824 2020 856 2060 8,
881 2019 913 2054 4.
1018 2020 1039 2053 9
1065 2019 1112 2054 Io.
1141 2020 1195 2059 18,
1219 2020 1275 2054 22.
1301 2019 1357 2054 23.
1454 2020 1497 2054 16
1524 2020 1600 2053 Act.

93 2076 149 2117 23,
177 2076 209 2116 4,
237 2077 268 2110 5.

166 2229 184 2263 1
203 2231 411 2273 spreuerunt
437 2239 503 2263 om.
527 2228 594 2264 CR
732 2228 754 2262 2
771 2228 849 2271 uos]
867 2226 991 2271 inquid
1010 2238 1072 2261 uos
1096 2226 1240 2272 CPQR,
1267 2237 1330 2261 uos
1354 2226 1475 2271 inquit
1491 2237 1513 2261 v

94 2285 208 2330 audit]
234 2286 322 2320 add.
343 2286 373 2331 Q
388 2297 433 2321 m.
451 2288 495 2320 2:
526 2287 563 2320 et
581 2286 641 2330 qui
660 2295 714 2320 me
732 2284 834 2319 audit
859 2284 961 2319 audit
986 2295 1066 2319 eum
1085 2284 1147 2329 qui
1165 2285 1248 2328 (om.
1267 2284 1328 2327 M)
1469 2285 1506 2318 et
1523 2293 1603 2318 eum

94 2343 155 2387 qui
172 2354 226 2377 me
244 2343 348 2378 misit
364 2354 430 2378 om.
450 2344 502 2378 Pl
623 2344 660 2377 et
677 2342 739 2387 qui
756 2342 862 2376 reicit
880 2368 887 2376 .
903 2369 911 2377 .
926 2368 935 2375 .
954 2342 1057 2376 misit
1075 2353 1141 2377 om.
1167 2342 1197 2377 C
1309 2342 1332 2376 3
1349 2341 1441 2386 eum]
1468 2341 1530 2385 qui
1547 2351 1603 2375 me

93 2401 197 2435 reicit
220 2401 325 2435 reicit
348 2412 427 2435 eum
448 2401 523 2446 Q²v
541 2403 635 2444 (eum
654 2401 714 2444 M)
852 2401 875 2435 4
891 2400 1130 2441 monstraCR,
1157 2399 1300 2434 ostende
1324 2400 1358 2434 V
1491 2399 1513 2433 5
1531 2409 1603 2432 ser-

93 2469 154 2492 uos
173 2459 209 2492 P
330 2459 351 2492 6
367 2459 550 2503 respondis
573 2459 662 2495 0¹1³
784 2459 804 2492 7
822 2459 875 2493 nil
892 2459 929 2494 R
1046 2458 1068 2492 8
1087 2457 1258 2492 adherens
1276 2467 1320 2492 ex
1337 2457 1500 2492 adrerens
1518 2457 1555 2491 R

92 2517 114 2550 9
130 2516 282 2561 exproba
304 2516 334 2561 Q
473 2517 516 2551 10
532 2519 649 2552 autem
668 2528 713 2551 esc
730 2527 807 2551 eum
833 2517 862 2552 Ο
998 2517 1041 2551 11
1061 2515 1200 2551 actibus
1219 2527 1240 2551 v
1379 2514 1601 2568 postmoduum

91 2584 156 2608 om.
178 2574 210 2608 V
347 2574 390 2608 12
408 2574 539 2620 insilis]
565 2575 691 2609 incilas
709 2575 820 2610 codex
837 2575 954 2610 Nicol.
972 2573 1092 2609 Fabri
1231 2573 1274 2607 13
1290 2572 1466 2617 quamuis]
1485 2582 1554 2616 quo
1576 2571 1606 2607 C

91 2634 153 2668 sed
171 2645 190 2668 o
206 2634 247 2667 in
265 2644 335 2668 ras.
442 2624 501 2666 disi
518 2633 554 2667 L
663 2632 705 2667 14
722 2632 894 2666 crucienti
912 2632 948 2666 P
1051 2631 1224 2676 coepisset
1241 2630 1276 2666 R
1379 2629 1503 2664 honori
1522 2629 1557 2664 R

93 2692 137 2726 16
154 2690 331 2735 quandam
350 2702 394 2725 ex
412 2690 551 2735 quando
575 2690 604 2725 C'
741 2690 783 2724 17
802 2690 922 2734 inquit
942 2689 1071 2724 fratres
1089 2700 1110 2724 v
1250 2688 1294 2722 18
1310 2686 1463 2732 principi
1487 2686 1602 2731 plebis

92 2749 188 2794 tuae]
219 2749 413 2793 principem
445 2747 567 2792 populi
596 2748 653 2782 tui
672 2747 724 2793 Qv
863 2748 906 2781 19
924 2747 1041 2781 multa
1058 2746 1141 2785 ΕΡ,
1170 2747 1207 2779 et
1230 2744 1345 2779 multa
1365 2744 1404 2789 Q,
1434 2745 1471 2777 et
1488 2743 1604 2777 multa

93 2806 167 2840 alia
189 2807 276 2841 CRv
380 2806 425 2839 22
441 2794 526 2840 (1ὴῖιῖ
547 2807 592 2842 0¹
703 2805 748 2839 23
765 2805 886 2839 futura
910 2804 940 2839 C
1042 2803 1184 2838 iudiciis
1202 2803 1254 2838 12¹
1361 2800 1515 2836 sultione
1533 2801 1601 2842 L1,

95 2864 265 2899 ultionem
287 2864 316 2909 Q
