1838 3152
545 266 754 311 Epistula
778 265 1091 301 LV1111.-Lx.
1484 268 1564 311 691

69 384 148 414 non
176 372 258 422 est,
296 371 366 424 qui
394 369 654 412 aduersarius
686 369 839 412 Christi
868 369 950 421 est,
992 370 1063 422 qui
1101 370 1254 413 unitati
1285 372 1328 413 et
1358 370 1447 424 paci
1479 370 1567 412 eius

69 440 261 482 inimicus
296 440 370 489 est,
406 439 619 481 nobiscum
653 451 733 481 non
766 438 902 492 potest
931 437 1154 480 cohaerere.
1191 439 1227 481 si
1257 452 1352 482 cum
1383 438 1569 492 precibus

0 534 1 539 =
70 510 112 550 et
142 507 490 550 satisfactionibus
531 508 725 562 ueniunt,
766 506 999 550 audiantur.
1038 506 1073 548 si
1113 507 1336 549 maledicta
1365 509 1407 549 et
1435 508 1569 550 minas

69 576 280 631 ingerunt,
327 577 582 630 respuantur.
615 576 709 629 opto
740 576 805 627 te,
852 575 979 617 frater
1009 574 1241 627 carissime,
1281 588 1442 630 semper
1472 576 1571 621 bene

43 644 222 686 sualere.

482 848 972 922 EPISTVLA
1019 849 1161 922 LX.

429 983 697 1020 CYPRIANVS
723 985 959 1022 CORNELIO
984 986 1161 1021 FRATRI
1186 987 1218 1021 S.

132 1110 420 1166 Cognouimus,
454 1110 581 1153 frater
609 1111 834 1164 carissime,
854 1112 961 1161 ⁴fidei
989 1126 1035 1155 ac
1064 1113 1234 1155 uirtutis
1264 1115 1426 1156 uestrae
1455 1112 1613 1156 testi-l

77 1179 213 1221 monia
248 1180 426 1234 gloriosa
458 1181 499 1222 et
530 1180 793 1223 confessionis
829 1182 990 1224 uestrae
1025 1182 1219 1224 honorem
1255 1182 1314 1225 sic
1348 1182 1577 1225 exultanter

30 1261 63 1286 10
76 1249 309 1302 accepimus
330 1251 377 1291 ut
397 1250 439 1291 in
456 1250 615 1292 meritis
633 1262 679 1292 ac
696 1250 889 1292 laudibus
911 1251 1060 1292 uestris
1082 1263 1154 1292 nos
1176 1263 1335 1305 quoque
1356 1252 1577 1305 participes

76 1319 117 1359 et
137 1318 266 1360 socios
287 1320 567 1372 conputemus.
599 1332 696 1361 nam
717 1332 810 1361 cum
831 1319 949 1361 nobis
970 1321 1012 1362 et
1033 1321 1203 1362 ecclesia
1223 1333 1303 1362 una
1324 1320 1380 1361 sit
1401 1322 1442 1362 et
1463 1333 1577 1363 mens

78 1386 218 1428 iuncta
238 1388 280 1429 et
300 1388 517 1430 indiuidua
538 1389 762 1440 concordia,
796 1389 887 1442 quis
908 1402 987 1431 non
1009 1390 1194 1432 sacerdos
1215 1389 1259 1431 in
1280 1389 1578 1432 consacerdotis

79 1455 143 1497 sui
160 1456 352 1498 laudibus
369 1458 582 1511 tamquam
600 1458 642 1499 in
659 1458 744 1499 suis
765 1459 940 1512 propriis
961 1459 1194 1513 gratuletur
1215 1460 1287 1501 aut
1308 1471 1409 1512 quae
1430 1458 1580 1501 frater-

80 1523 188 1566 nitas
217 1526 357 1567 nonin
379 1525 555 1568 fratrum
585 1527 736 1581 gaudio
766 1527 917 1581 ubique
946 1528 1151 1570 laetetur?
1181 1528 1352 1582 exprimi
1379 1527 1480 1569 satis
1501 1541 1580 1570 non

38 1608 69 1633 ιε,
84 1595 219 1647 potest
255 1596 407 1648 quanta
442 1595 536 1637 istic
571 1596 768 1638 exultatio
804 1596 929 1638 fuerit
957 1599 998 1639 et
1029 1598 1182 1651 quanta
1216 1597 1378 1640 laetitia
1407 1610 1501 1639 cum
1531 1597 1579 1639 de

80 1663 195 1704 uobis
216 1676 407 1717 prospera
428 1666 469 1706 et
486 1665 609 1707 fortia
631 1665 954 1719 conperissemus
976 1666 1121 1709 ducem
1143 1668 1184 1708 te
1205 1667 1293 1708 illic
1313 1666 1578 1709 confessionis

78 1731 276 1774 fratribus
309 1732 506 1786 extitisse,
538 1734 608 1776 sed
631 1734 671 1776 et
693 1733 986 1777 confessionem
1007 1735 1123 1777 ducis
1145 1736 1194 1777 de
1215 1735 1391 1777 fratrum
1413 1747 1580 1777 consen—

78 1800 190 1842 sione
207 1801 395 1852 creuisse,
419 1803 465 1843 ut
484 1802 581 1844 dum
598 1804 804 1858 praecedis
821 1804 872 1846 ad
887 1804 1062 1859 gloriam
1085 1805 1227 1847 feceris
1249 1804 1403 1847 multos
1424 1803 1580 1859 gloriae

151 1962 169 1996 1
189 1962 316 1996 christi
341 1965 395 1996 est
412 1963 473 2007 qui
490 1974 555 1998 om.
575 1964 610 1999 R
776 1965 942 2021 Qitaffis
960 1968 996 1999 et
1012 1964 1109 2009 pacis
1132 1963 1196 2000 CR
1380 1963 1403 1997 4
1420 1965 1502 2007 opto
1523 1990 1529 1996 .
1546 1988 1552 1993 .
1568 1987 1576 1995 .

84 2019 201 2054 ualere
226 2031 291 2054 om.
324 2020 483 2066 ΟΡΜῼΙ
689 2021 725 2056 in
750 2021 818 2056 dno
844 2033 980 2066 semper
1004 2022 1092 2056 bene
1119 2022 1235 2056 ualere
1260 2023 1296 2056 et
1320 2021 1431 2055 nostri
1459 2020 1581 2054 memi-

84 2077 178 2111 nisse
198 2077 243 2112 R.
262 2098 302 2103 -—
321 2078 376 2113 Ad
400 2078 571 2123 (Explicit
596 2079 641 2113 ad
659 2079 708 2123 P)
726 2079 929 2114 Cornelium
954 2079 996 2114 de
1021 2080 1175 2123 quinque
1199 2078 1416 2123 presbyteris
1442 2079 1478 2111 et
1495 2077 1581 2111 For-

83 2136 210 2168 tunato
224 2135 516 2180 pseudoepiscopo
534 2137 681 2181 explicit
695 2139 777 2181 (om.
793 2138 843 2181 P)
858 2137 938 2178 LP,
957 2136 1012 2171 Ad
1026 2136 1228 2171 Cornelium
1242 2135 1394 2170 secunda
1410 2134 1582 2179 (epistula

65 2231 67 2233 ¹
85 2192 194 2226 tertia
215 2192 257 2238 Q)
276 2193 422 2237 explicit
442 2193 519 2238 QR,
538 2193 696 2239 Explicit
712 2194 804 2228 liber
822 2194 993 2228 secundus
1016 2195 1053 2230 C.
1073 2214 1114 2218 —

154 2248 267 2294 Epist.
295 2249 367 2284 LX.
393 2270 432 2276 —
459 2251 594 2295 Incipit
623 2252 668 2286 ad
697 2252 898 2287 Cornelium
927 2251 968 2286 dc
998 2251 1212 2286 confessione
1242 2251 1317 2285 eius
1348 2250 1404 2291 (·1·
1428 2249 1516 2285 add.
1540 2250 1586 2293 T)

87 2306 202 2347 LPT,
222 2307 355 2352 Incipit
371 2307 414 2343 ad
429 2308 629 2344 Cornelium
647 2310 824 2354 aepistula
838 2310 884 2344 M
897 2310 1063 2353 (initium
1080 2310 1182 2354 epist.
1201 2309 1298 2344 deest
1315 2309 1357 2343 in
1375 2308 1433 2353 Q),
1451 2306 1585 2351 Incipit

87 2363 132 2398 ad
157 2364 302 2399 eundem
332 2366 444 2401 tertia
472 2366 514 2401 de
533 2367 750 2402 confessione
778 2368 853 2402 eius
871 2367 916 2408 R,
949 2367 1082 2411 Incipit
1106 2366 1149 2401 ad
1167 2365 1312 2401 eundem
1338 2365 1428 2400 liber
1453 2364 1584 2399 tertius

87 2421 131 2455 aa
156 2422 301 2456 confess.
325 2424 478 2458 feliciter
501 2425 537 2460 c.
558 2445 598 2450 —
616 2427 638 2459 e
662 2414 739 2459 ffsv
735 2425 779 2459 T1
970 2414 1126 2466 knTi‘Tz
1152 2435 1218 2459 om.
1242 2423 1307 2459 CR
1490 2421 1511 2455 9
1536 2421 1585 2455 sic

87 2468 152 2513 ὁπἰ.
168 2469 214 2521 Ὀ,
235 2469 319 2516 si'R
451 2482 649 2517 exultantes
673 2483 702 2517 C
828 2482 871 2516 10
886 2482 962 2527 nos]
980 2493 1048 2516 non
1066 2482 1114 2516 M
1237 2481 1278 2515 11
1297 2480 1345 2525 ct]
1365 2491 1405 2514 ac
1426 2480 1455 2515 C
1469 2490 1495 2514 3.
1515 2480 1539 2514 l.

89 2537 192 2572 uobis
210 2538 258 2572 M
348 2540 383 2573 et
400 2539 568 2574 ccclesiae
587 2540 627 2580 T,
645 2540 792 2575 ecclesia
814 2540 879 2575 CR
984 2540 1028 2574 12
1045 2541 1081 2573 et
1098 2539 1144 2573 M
1159 2549 1187 2573 s.
1206 2539 1228 2573 l.
1246 2549 1289 2572 m„
1308 2541 1331 2572 2
1437 2538 1479 2571 13
1497 2547 1585 2580 quae

89 2605 134 2628 ex
151 2595 236 2638 quia.
260 2596 288 2630 C
456 2597 697 2632 fraternitatis
721 2599 764 2633 0¹
943 2597 986 2632 14
1004 2608 1072 2632 non
1088 2608 1153 2631 om.
1177 2596 1206 2631 C
1367 2595 1403 2629 in
1421 2605 1487 2629 om.
1507 2594 1542 2628 R

91 2652 266 2687 fratruum
286 2653 366 2687 MT
374 2657 378 2674 ¹
547 2665 614 2689 non
632 2654 763 2700 ubique
786 2656 815 2691 C
829 2655 891 2690 sed
910 2665 978 2690 non
995 2666 1022 2689 s.
1040 2655 1063 2689 l.
1225 2654 1268 2688 15
1286 2652 1367 2686 istis
1385 2651 1430 2692 R,
1450 2651 1513 2685 isti
1532 2651 1586 2689 M.

92 2708 163 2744 ista
186 2710 216 2745 (J
351 2711 525 2746 exsultate
543 2712 579 2747 R
717 2712 877 2748 laetitiae
902 2712 943 2748 0¹
1089 2711 1132 2745 16
1149 2710 1271 2745 ducem
1288 2709 1336 2753 te]
1361 2708 1524 2742 ducentis
1542 2719 1586 2742 ex

92 2766 240 2803 ducente
265 2769 294 2803 C
441 2769 676 2805 confessiones
701 2770 731 2806 C
882 2770 923 2804 17
941 2768 1169 2805 confessionis
1187 2767 1309 2802 ducein
1328 2766 1451 2800 Ramb.
1472 2765 1541 2807 (B)

92 2827 316 2860 consensione
335 2827 500 2867 LMPV,
526 2827 742 2862 confessione
767 2827 867 2864 CRT
1003 2827 1045 2861 18
1063 2824 1279 2879 praecedisse
1303 2823 1332 2857 C
1459 2822 1588 2856 multos

94 2881 220 2917 feceris
244 2884 363 2919 (JRTv
1106 2881 1113 2887 ’

1221 2941 1317 2982 44*
