1838 3152
607 232 850 277 Epistulae
875 232 954 266 LX.
980 242 1009 266 c.
1037 232 1135 266 1—3.
1537 233 1622 275 693

119 350 262 380 uersus
302 347 440 378 omnes
476 335 577 377 satis
618 335 785 386 uirium,
827 335 1121 377 circumuenire
1155 335 1317 388 quaerit
1353 335 1621 377 solitudinem

117 406 386 461 singulorum.
417 403 487 445 sed
516 404 679 445 retusus
709 403 879 445 adunati
908 403 1109 445 exercitus
1142 403 1220 444 fide
1241 404 1395 456 pariter
1415 406 1457 446 et
1478 405 1620 458 uigore.

118 473 324 517 intellexit
345 472 502 514 milites
519 471 672 513 Christi
694 472 869 527 uigilare
890 472 975 513 iam
996 471 1151 512 sobrios
1173 473 1214 513 et
1235 473 1415 514 armatos
1437 472 1488 513 ad
1506 483 1621 525 proe-

118 542 222 584 lium
252 543 373 592 stare,
405 541 517 583 uinci
546 553 625 583 non
646 553 776 595 posse,
808 540 912 582 mori
935 551 1050 594 posse
1072 540 1113 582 et
1133 541 1208 582 hoc
1228 541 1315 594 ipso
1337 541 1512 582 inuictos
1534 553 1620 582 esse

86 631 102 656 ε,
119 611 216 664 quia
243 610 347 652 mori
376 621 455 651 non
484 609 648 660 timent,
683 623 756 652 nec
784 622 1012 664 repugnare
1041 610 1182 651 contra
1211 609 1495 664 inpugnanteS,
1526 622 1620 651 eum

119 679 300 721 occidere
321 678 605 720 innocentibus
627 691 700 720 nec
718 680 931 720 nocentem
953 677 1087 728 liceat,
1111 677 1181 718 sed
1202 678 1388 730 prompte
1405 679 1446 719 et
1462 677 1620 719 animas

116 749 158 791 et
179 749 419 803 sanguinem
441 748 613 798 tradere,
636 748 683 788 ut
704 759 797 788 cum
818 747 935 789 tanta
955 747 998 788 in
1020 746 1180 788 saeculo
1203 745 1366 788 malitia
1386 747 1427 787 et
1448 746 1620 787 saeuitia

115 818 334 871 grassetur,
365 830 388 858 a
409 816 531 858 malis
553 817 594 858 et
615 816 748 858 saeuis
780 816 961 858 uelocius
992 815 1217 857 recedatur.
1251 815 1371 868 quale
1401 814 1508 856 illud
1538 814 1618 857 fuit

116 885 191 927 sub
214 885 342 927 oculis
359 885 436 927 Dei
458 885 739 938 spectaculum
761 885 1000 939 gloriosum,
1023 885 1143 938 quale
1165 884 1206 925 in
1228 885 1447 937 conspectu
1464 882 1619 925 Christi

58 972 102 997 ,ιο
116 953 202 995 eius
219 953 413 996 ecclesiae
430 965 525 994 suae
541 953 752 1007 gaudium,
776 953 827 994 ad
844 966 1026 1008 pugnam
1048 966 1171 1006 quam
1192 954 1469 1006 temptauerat
1489 952 1620 994 hostis

114 1021 263 1064 inferre
280 1033 358 1063 non
379 1021 563 1075 singulos
583 1021 740 1064 milites
762 1022 831 1063 sed
853 1023 940 1063 tota
961 1022 1086 1063 simul
1109 1023 1243 1064 castra
1264 1022 1458 1075 prodisse.
1481 1033 1620 1063 omnes

114 1090 225 1132 enim
255 1091 414 1132 constat
441 1092 637 1132 uenturos
667 1090 806 1141 fuisse,
844 1090 879 1131 si
909 1091 1052 1132 audire
1082 1091 1326 1144 potuissent,
1360 1092 1519 1145 quando
1548 1090 1621 1133 ad-

114 1160 340 1201 cucurrerit
361 1160 624 1214 properanter
639 1161 680 1201 et
697 1160 855 1201 uenerit
877 1160 1062 1213 quisquis
1085 1160 1260 1202 audiuit.
1285 1162 1385 1214 quot
1406 1160 1494 1202 illic
1514 1159 1621 1213 lapsi

115 1228 294 1283 gloriosa
324 1228 574 1271 confessione
596 1229 693 1270 sunt
713 1229 910 1270 restituti.
942 1230 1145 1270 steterunt
1166 1228 1290 1271 fortes
1312 1230 1354 1270 et
1374 1229 1460 1280 ipso
1483 1228 1621 1271 dolore

66 1316 101 1342 ιε)
117 1297 392 1350 paenitentiae
413 1297 513 1340 facti
535 1297 585 1339 ad
608 1298 809 1351 proelium
832 1297 1042 1339 fortiores:
1073 1299 1120 1339 ut
1141 1299 1334 1352 appareat
1355 1310 1485 1351 nuper
1505 1297 1620 1339 subi-

116 1366 224 1407 tatos
254 1379 339 1408 esse
361 1368 402 1408 et
423 1379 552 1409 nouae
581 1366 712 1420 adque
733 1367 918 1408 insuetae
939 1366 997 1408 rei
1019 1379 1170 1419 pauore
1192 1367 1434 1421 trepidasse,
1466 1366 1620 1408 redisse

115 1435 167 1476 ad
190 1447 231 1476 se
252 1436 514 1489 postmodum
544 1435 664 1477 fidem
699 1448 840 1477 ueram
863 1437 904 1477 et
926 1436 1033 1477 uires
1063 1448 1155 1477 suas
1187 1435 1236 1477 de
1257 1436 1332 1478 Dei
1358 1436 1506 1477 timore
1535 1435 1620 1477 col-

115 1503 244 1545 lectas
266 1503 315 1546 ad
339 1515 501 1545 omnem
531 1504 777 1557 patientiam
800 1505 1035 1545 constanter
1057 1505 1098 1544 et
1120 1505 1293 1546 firmiter
1313 1504 1523 1546 roborasse
1546 1516 1620 1546 nec

115 1571 198 1613 iam
221 1573 328 1614 sta-re
349 1573 399 1614 ad
421 1572 607 1614 criminis
628 1572 805 1621 ueniam,
829 1573 899 1614 sed
921 1572 972 1614 ad
993 1572 1194 1625 passionis
1217 1584 1419 1615 coronam.

60 1661 103 1688 ,20
172 1639 280 1691 Quid
302 1641 353 1682 ad
375 1641 475 1683 haec
495 1641 766 1691 Nouatianus‚
798 1641 925 1683 frater
953 1641 1196 1684 carissime?
1224 1642 1420 1683 utrumne
1441 1641 1524 1683 iam
1547 1641 1618 1683 de·
1634 1640 1658 1681 3

114 1709 230 1763 ponit
262 1711 470 1752 errorem?
499 1723 550 1752 an
573 1721 682 1761 uero,
713 1710 783 1763 qui
814 1709 1068 1752 dementium
1098 1722 1186 1752 mos
1209 1711 1284 1760 est,
1314 1710 1417 1763 ipsis
1438 1710 1555 1751 bonis
1578 1711 1619 1751 et

114 1779 319 1833 prosperis
355 1779 507 1821 nostris
539 1779 633 1833 plus
663 1778 832 1821 adactus
864 1779 926 1820 est
955 1778 1007 1819 ad
1037 1779 1214 1820 furorem
1246 1780 1287 1820 et
1308 1791 1387 1832 quo
1416 1778 1551 1833 magis
1573 1790 1620 1820 ac

113 1848 248 1903 magis
278 1848 510 1890 dilectionis
532 1862 578 1890 ac
599 1848 694 1890 fidei
725 1848 872 1890 crescit
900 1847 967 1889 hic
995 1847 1140 1902 gloria,
1174 1839 1262 1890 illic
1291 1847 1556 1890 dissensionis
1578 1847 1619 1890 et

112 1917 190 1958 zeli
221 1918 471 1960 recrudescit
503 1917 683 1960 insania:
715 1930 789 1959 nec
817 1917 968 1959 uulnus
999 1930 1120 1958 suum
1143 1917 1270 1960 miser
1291 1918 1421 1967 curat,
1453 1916 1523 1958 sed
1545 1915 1618 1958 ad-

182 2100 200 2133 1
219 2099 351 2144 omnes]
376 2089 432 2133 οῐῖι
454 2099 484 2134 C
667 2099 770 2144 satis]
797 2088 877 2134 sc‘fs‘
885 2099 921 2134 R
1111 2099 1133 2133 2
1151 2099 1311 2132 retrusus
1332 2097 1371 2138 T,
1398 2097 1554 2131 seclusus
1572 2106 1619 2131 ex

113 2167 275 2191 rccrusus
297 2157 327 2192 C
507 2156 528 2191 4
549 2158 664 2190 estare
682 2157 718 2192 R
903 2156 1071 2200 inuictos]
1097 2166 1165 2190 non
1192 2155 1331 2189 uinctos
1355 2154 1385 2189 0
1407 2165 1445 2188 os
1470 2165 1514 2188 ez
1531 2164 1570 2188 as

110 2215 134 2249 5
152 2214 240 2248 mori
258 2215 339 2259 non]
359 2225 421 2249 nec
440 2215 529 2249 mori
550 2215 579 2250 C
592 2214 655 2248 sed
673 2225 734 2248 nec
751 2225 777 2248 s.
798 2215 819 2248 l.
959 2214 980 2248 6
997 2212 1164 2258 occidere]
1183 2212 1248 2246 hoc
1266 2211 1380 2246 dicere
1404 2211 1442 2252 C,
1460 2211 1617 2246 occidere

112 2282 180 2306 non
198 2271 283 2306 licet
300 2272 438 2306 nullum
458 2272 491 2306 Τ
663 2273 811 2306 nocente
830 2272 873 2312 P,
893 2272 1059 2305 nocentes
1084 2270 1148 2305 CR.
1325 2269 1344 2302 7
1363 2267 1522 2303 traderet
1545 2269 1575 2304 C

111 2330 148 2362 et
165 2340 230 2363 om.
256 2330 293 2370 C,
313 2340 330 2363 e
349 2329 385 2366 R
538 2329 582 2363 10
599 2329 675 2363 eius
693 2340 758 2363 om.
778 2339 807 2370 v,
826 2330 862 2363 et
879 2328 953 2362 eius
979 2328 1022 2363 0²
1160 2336 1243 2360 suae
1263 2337 1330 2361 om.
1354 2326 1420 2361 CR
1558 2325 1616 2371 ad]

110 2387 147 2420 et
165 2386 212 2420 Μ
346 2387 387 2420 11
406 2388 483 2421 tota
508 2387 610 2421 simel
628 2388 682 2427 Μ,
714 2386 820 2420 semel
845 2387 922 2420 tota
945 2385 1011 2420 GR
1147 2383 1262 2418 omnis
1286 2383 1328 2418 C¹
1477 2383 1520 2417 12
1538 2394 1618 2417 con-

110 2442 211 2476 stitit
236 2443 271 2479 R
478 2446 649 2478 uenturus
680 2445 722 2479 C·
937 2442 1131 2477 accurrerit
1161 2441 1280 2482 0131),
1306 2440 1531 2474 adcurrerent
1561 2441 1617 2481 0²,

110 2500 260 2534 currerit
285 2501 315 2534 Τ
463 2503 506 2536 13
523 2502 662 2536 uenerit
685 2502 715 2538 C
851 2500 943 2546 quod
967 2500 1088 2536 C¹PT
1236 2498 1278 2532 14
1296 2497 1498 2531 confusione
1521 2497 1563 2532 0¹

104 2558 304 2602 steterunt]
324 2560 364 2592 ut
381 2558 450 2592 iste
468 2549 655 2594 iterum⁰T
860 2557 954 2592 fores
972 2557 1007 2593 R
1213 2557 1249 2589 ct
1267 2555 1342 2599 ipso
1360 2558 1422 2589 etc.
1442 2555 1519 2588 eath.
1542 2554 1572 2599 Q

114 2614 158 2648 15
175 2615 431 2660 paenitentiae]
448 2615 644 2660 patientiae
667 2616 732 2651 CR
906 2614 1087 2649 subitatos
1105 2624 1180 2648 esse
1198 2623 1242 2646 ex
1259 2611 1446 2646 dubitatus
1466 2613 1519 2645 est
1542 2612 1572 2646 C

114 2672 158 2705 16
176 2671 351 2715 insuetae-l
368 2671 568 2706 inueterate
587 2673 623 2707 P
805 2673 852 2707 20
869 2672 1000 2706 fratres
1018 2672 1054 2707 R
1239 2657 1327 2703 kfnss
1334 2669 1365 2702 T
1372 2673 1395 2709 '‚
1415 2679 1479 2702 om.
1506 2668 1571 2702 CR

111 2729 290 2774 utrumne]
311 2732 429 2764 utrum
452 2729 481 2764 C
617 2730 688 2764 iam
706 2741 771 2765 om.
797 2730 834 2771 C,
853 2729 997 2764 tandem
1014 2739 1059 2763 ea:
1076 2729 1151 2762 tam
1172 2727 1204 2762 T
1339 2726 1380 2760 21
1400 2727 1569 2759 terrorem
1587 2724 1619 2759 T

106 2786 169 2820 sed
186 2787 203 2820 t
219 2798 245 2820 s.
263 2787 285 2821 l.
393 2787 534 2831 quidem
552 2787 724 2822 mentium
740 2788 775 2822 P
878 2787 972 2831 ipsos
989 2786 1037 2820 L¹
1148 2784 1193 2818 22
1211 2782 1302 2837 quod
1323 2783 1353 2817 C
1443 2792 1482 2815 ac
1500 2781 1615 2825 inagis

104 2854 174 2878 om.
194 2844 230 2879 R
371 2845 416 2878 23
432 2844 634 2879 delictionis
652 2844 687 2879 R
826 2843 1062 2878 dissensiones
1080 2842 1110 2876 T
1246 2840 1290 2875 24
1308 2839 1483 2874 crudescit
1505 2838 1570 2873 GR
