<?xml version="1.0" encoding="UTF-8"?>
<!DOCTYPE html PUBLIC "-//W3C//DTD XHTML 1.0 Transitional//EN"
    "http://www.w3.org/TR/xhtml1/DTD/xhtml1-transitional.dtd">
<html xmlns="http://www.w3.org/1999/xhtml" xml:lang="en" lang="en">
 <head>
  <title>
</title>
<meta http-equiv="Content-Type" content="text/html;charset=utf-8" />
  <meta name='ocr-system' content='tesseract 3.04.00' />
  <meta name='ocr-capabilities' content='ocr_page ocr_carea ocr_par ocr_line ocrx_word'/>
</head>
<body>
  <div class='ocr_page' id='page_1' title='image "./corpusscriptor203cypruoft/corpusscriptor203cypruoft_0778.png"; bbox 0 0 1838 3152; ppageno 0'>
   <div class='ocr_carea' id='block_1_1' title="bbox 179 246 1143 290">
    <p class='ocr_par' dir='ltr' id='par_1_1' title="bbox 179 246 1143 290">
     <span class='ocr_line' id='line_1_1' title="bbox 179 246 1143 290; baseline -0.007 -4"><span class='ocrx_word' id='word_1_1' title='bbox 179 246 261 288; x_wconf 84' lang='lat'>764</span> <span class='ocrx_word' id='word_1_2' title='bbox 711 246 905 282; x_wconf 81' lang='lat' dir='ltr'>Caecilii</span> <span class='ocrx_word' id='word_1_3' title='bbox 930 247 1143 290; x_wconf 85' lang='lat' dir='ltr'>Cypriani</span> 
     </span>
    </p>
   </div>
   <div class='ocr_carea' id='block_1_2' title="bbox 114 348 1724 1918">
    <p class='ocr_par' dir='ltr' id='par_1_2' title="bbox 114 348 1724 1918">
     <span class='ocr_line' id='line_1_2' title="bbox 114 348 1674 406; baseline -0.001 -12"><span class='ocrx_word' id='word_1_4' title='bbox 114 354 162 394; x_wconf 81' lang='lat'>15</span> <span class='ocrx_word' id='word_1_5' title='bbox 234 348 350 400; x_wconf 81' lang='lat' dir='ltr'>Quod</span> <span class='ocrx_word' id='word_1_6' title='bbox 373 350 407 391; x_wconf 91' lang='lat' dir='ltr'>si</span> <span class='ocrx_word' id='word_1_7' title='bbox 429 350 579 404; x_wconf 89' lang='lat' dir='ltr'>aliquis</span> <span class='ocrx_word' id='word_1_8' title='bbox 602 351 645 391; x_wconf 90' lang='lat' dir='ltr'>in</span> <span class='ocrx_word' id='word_1_9' title='bbox 666 350 738 391; x_wconf 93' lang='lat' dir='ltr'>illo</span> <span class='ocrx_word' id='word_1_10' title='bbox 760 352 948 391; x_wconf 88' lang='lat' dir='ltr'>mouetur</span> <span class='ocrx_word' id='word_1_11' title='bbox 969 351 1075 403; x_wconf 89' lang='lat' dir='ltr'>quod</span> <span class='ocrx_word' id='word_1_12' title='bbox 1098 350 1266 403; x_wconf 89' lang='lat' dir='ltr'>quidam</span> <span class='ocrx_word' id='word_1_13' title='bbox 1289 351 1337 392; x_wconf 91' lang='lat' dir='ltr'>de</span> <span class='ocrx_word' id='word_1_14' title='bbox 1366 351 1428 393; x_wconf 89' lang='lat' dir='ltr'>his</span> <span class='ocrx_word' id='word_1_15' title='bbox 1458 351 1528 404; x_wconf 91' lang='lat' dir='ltr'>qui</span> <span class='ocrx_word' id='word_1_16' title='bbox 1564 352 1674 406; x_wconf 92' lang='lat' dir='ltr'>aegri</span> 
     </span>
     <span class='ocr_line' id='line_1_3' title="bbox 177 417 1675 472; baseline 0.001 -13"><span class='ocrx_word' id='word_1_17' title='bbox 177 417 439 470; x_wconf 69' lang='lat' dir='ltr'>baptizantur</span> <span class='ocrx_word' id='word_1_18' title='bbox 460 418 675 471; x_wconf 88' lang='lat' dir='ltr'>spiritibus</span> <span class='ocrx_word' id='word_1_19' title='bbox 702 418 834 460; x_wconf 87' lang='lat' dir='ltr'>adhuc</span> <span class='ocrx_word' id='word_1_20' title='bbox 863 418 1071 460; x_wconf 82' lang='lat' dir='ltr'>inmundis</span> <span class='ocrx_word' id='word_1_21' title='bbox 1100 419 1424 472; x_wconf 86' lang='lat' dir='ltr'>temptabantur‚</span> <span class='ocrx_word' id='word_1_22' title='bbox 1457 420 1560 461; x_wconf 88' lang='lat' dir='ltr'>sciat</span> <span class='ocrx_word' id='word_1_23' title='bbox 1588 420 1675 461; x_wconf 86' lang='lat' dir='ltr'>dia-</span> 
     </span>
     <span class='ocr_line' id='line_1_4' title="bbox 177 487 1676 542; baseline 0.001 -14"><span class='ocrx_word' id='word_1_24' title='bbox 177 487 262 528; x_wconf 91' lang='lat' dir='ltr'>boli</span> <span class='ocrx_word' id='word_1_25' title='bbox 296 488 522 540; x_wconf 74' lang='lat' dir='ltr'>nequitiam</span> <span class='ocrx_word' id='word_1_26' title='bbox 544 489 793 542; x_wconf 81' lang='lat' dir='ltr'>pertinacem</span> <span class='ocrx_word' id='word_1_27' title='bbox 816 500 942 541; x_wconf 90' lang='lat' dir='ltr'>usque</span> <span class='ocrx_word' id='word_1_28' title='bbox 965 488 1018 529; x_wconf 84' lang='lat' dir='ltr'>ad</span> <span class='ocrx_word' id='word_1_29' title='bbox 1039 501 1186 541; x_wconf 89' lang='lat' dir='ltr'>aquam</span> <span class='ocrx_word' id='word_1_30' title='bbox 1208 489 1431 530; x_wconf 86' lang='lat' dir='ltr'>salutarem</span> <span class='ocrx_word' id='word_1_31' title='bbox 1453 489 1601 541; x_wconf 87' lang='lat' dir='ltr'>ualere,</span> <span class='ocrx_word' id='word_1_32' title='bbox 1634 489 1676 530; x_wconf 91' lang='lat' dir='ltr'>in</span> 
     </span>
     <span class='ocr_line' id='line_1_5' title="bbox 176 555 1675 609; baseline 0.002 -13"><span class='ocrx_word' id='word_1_33' title='bbox 176 555 384 609; x_wconf 89' lang='lat' dir='ltr'>baptismo</span> <span class='ocrx_word' id='word_1_34' title='bbox 415 569 510 597; x_wconf 88' lang='lat' dir='ltr'>uero</span> <span class='ocrx_word' id='word_1_35' title='bbox 533 569 650 598; x_wconf 90' lang='lat' dir='ltr'>omne</span> <span class='ocrx_word' id='word_1_36' title='bbox 671 557 877 609; x_wconf 84' lang='lat' dir='ltr'>nequitiae</span> <span class='ocrx_word' id='word_1_37' title='bbox 899 568 994 597; x_wconf 85' lang='lat' dir='ltr'>suae</span> <span class='ocrx_word' id='word_1_38' title='bbox 1023 556 1138 597; x_wconf 90' lang='lat' dir='ltr'>uirus</span> <span class='ocrx_word' id='word_1_39' title='bbox 1167 556 1369 598; x_wconf 86' lang='lat' dir='ltr'>amittere.</span> <span class='ocrx_word' id='word_1_40' title='bbox 1401 557 1507 609; x_wconf 89' lang='lat' dir='ltr'>quod</span> <span class='ocrx_word' id='word_1_41' title='bbox 1542 570 1675 599; x_wconf 78' lang='lat' dir='ltr'>exem-</span> 
     </span>
     <span class='ocr_line' id='line_1_6' title="bbox 174 624 1701 679; baseline 0.001 -14"><span class='ocrx_word' id='word_1_42' title='bbox 174 624 291 677; x_wconf 88' lang='lat' dir='ltr'>plum</span> <span class='ocrx_word' id='word_1_43' title='bbox 323 625 526 666; x_wconf 82' lang='lat' dir='ltr'>cernimus</span> <span class='ocrx_word' id='word_1_44' title='bbox 555 626 597 666; x_wconf 88' lang='lat' dir='ltr'>in</span> <span class='ocrx_word' id='word_1_45' title='bbox 628 638 722 679; x_wconf 86' lang='lat' dir='ltr'>rege</span> <span class='ocrx_word' id='word_1_46' title='bbox 751 625 973 675; x_wconf 77' lang='lat' dir='ltr'>Pharaone,</span> <span class='ocrx_word' id='word_1_47' title='bbox 1004 625 1074 677; x_wconf 90' lang='lat' dir='ltr'>qui</span> <span class='ocrx_word' id='word_1_48' title='bbox 1106 625 1178 666; x_wconf 88' lang='lat' dir='ltr'>diu</span> <span class='ocrx_word' id='word_1_49' title='bbox 1206 626 1432 666; x_wconf 80' lang='lat' dir='ltr'>reluctatus</span> <span class='ocrx_word' id='word_1_50' title='bbox 1462 627 1502 666; x_wconf 89' lang='lat' dir='ltr'>et</span> <span class='ocrx_word' id='word_1_51' title='bbox 1536 626 1577 666; x_wconf 91' lang='lat' dir='ltr'>in</span> <span class='ocrx_word' id='word_1_52' title='bbox 1602 638 1701 667; x_wconf 56' lang='lat' dir='ltr'>sua-³</span> 
     </span>
     <span class='ocr_line' id='line_1_7' title="bbox 175 693 1675 747; baseline 0.001 -14"><span class='ocrx_word' id='word_1_53' title='bbox 175 693 346 747; x_wconf 88' lang='lat' dir='ltr'>perfidia</span> <span class='ocrx_word' id='word_1_54' title='bbox 377 694 610 735; x_wconf 87' lang='lat' dir='ltr'>demoratus</span> <span class='ocrx_word' id='word_1_55' title='bbox 642 695 730 735; x_wconf 85' lang='lat' dir='ltr'>tam</span> <span class='ocrx_word' id='word_1_56' title='bbox 760 694 831 735; x_wconf 91' lang='lat' dir='ltr'>diu</span> <span class='ocrx_word' id='word_1_57' title='bbox 861 693 1050 735; x_wconf 89' lang='lat' dir='ltr'>resistere</span> <span class='ocrx_word' id='word_1_58' title='bbox 1078 694 1213 746; x_wconf 89' lang='lat' dir='ltr'>potuit</span> <span class='ocrx_word' id='word_1_59' title='bbox 1235 694 1275 735; x_wconf 89' lang='lat' dir='ltr'>et</span> <span class='ocrx_word' id='word_1_60' title='bbox 1295 694 1530 746; x_wconf 87' lang='lat' dir='ltr'>praeualere</span> <span class='ocrx_word' id='word_1_61' title='bbox 1551 694 1675 736; x_wconf 87' lang='lat' dir='ltr'>donec</span> 
     </span>
     <span class='ocr_line' id='line_1_8' title="bbox 174 762 1673 815; baseline 0 -12"><span class='ocrx_word' id='word_1_62' title='bbox 174 762 225 803; x_wconf 85' lang='lat' dir='ltr'>ad</span> <span class='ocrx_word' id='word_1_63' title='bbox 247 775 395 814; x_wconf 91' lang='lat' dir='ltr'>aquam</span> <span class='ocrx_word' id='word_1_64' title='bbox 424 763 601 804; x_wconf 90' lang='lat' dir='ltr'>ueniret:</span> <span class='ocrx_word' id='word_1_65' title='bbox 643 774 720 815; x_wconf 93' lang='lat' dir='ltr'>quo</span> <span class='ocrx_word' id='word_1_66' title='bbox 750 775 842 803; x_wconf 88' lang='lat' dir='ltr'>cum</span> <span class='ocrx_word' id='word_1_67' title='bbox 864 762 1056 813; x_wconf 85' lang='lat' dir='ltr'>uenisset,</span> <span class='ocrx_word' id='word_1_68' title='bbox 1092 763 1132 803; x_wconf 90' lang='lat' dir='ltr'>et</span> <span class='ocrx_word' id='word_1_69' title='bbox 1153 762 1288 804; x_wconf 88' lang='lat' dir='ltr'>uictus</span> <span class='ocrx_word' id='word_1_70' title='bbox 1310 763 1371 804; x_wconf 91' lang='lat' dir='ltr'>est</span> <span class='ocrx_word' id='word_1_71' title='bbox 1393 763 1434 803; x_wconf 87' lang='lat' dir='ltr'>et</span> <span class='ocrx_word' id='word_1_72' title='bbox 1458 762 1673 804; x_wconf 80' lang='lat' dir='ltr'>extinctus.</span> 
     </span>
     <span class='ocr_line' id='line_1_9' title="bbox 176 830 1677 884; baseline 0.001 -13"><span class='ocrx_word' id='word_1_73' title='bbox 176 843 288 872; x_wconf 88' lang='lat' dir='ltr'>mare</span> <span class='ocrx_word' id='word_1_74' title='bbox 319 832 460 872; x_wconf 92' lang='lat' dir='ltr'>autem</span> <span class='ocrx_word' id='word_1_75' title='bbox 489 831 594 872; x_wconf 88' lang='lat' dir='ltr'>illud</span> <span class='ocrx_word' id='word_1_76' title='bbox 625 832 927 873; x_wconf 84' lang='lat' dir='ltr'>sacramentum</span> <span class='ocrx_word' id='word_1_77' title='bbox 960 831 1158 884; x_wconf 75' lang='lat' dir='ltr'>baptismi</span> <span class='ocrx_word' id='word_1_78' title='bbox 1181 830 1307 872; x_wconf 86' lang='lat' dir='ltr'>fuisse</span> <span class='ocrx_word' id='word_1_79' title='bbox 1329 832 1512 873; x_wconf 78' lang='lat' dir='ltr'>declarat</span> <span class='ocrx_word' id='word_1_80' title='bbox 1534 831 1677 873; x_wconf 90' lang='lat' dir='ltr'>beatus</span> 
     </span>
     <span class='ocr_line' id='line_1_10' title="bbox 177 899 1678 954; baseline 0.001 -14"><span class='ocrx_word' id='word_1_81' title='bbox 177 900 387 952; x_wconf 89' lang='lat' dir='ltr'>apostolus</span> <span class='ocrx_word' id='word_1_82' title='bbox 428 900 583 941; x_wconf 90' lang='lat' dir='ltr'>Paulus</span> <span class='ocrx_word' id='word_1_83' title='bbox 625 899 781 941; x_wconf 85' lang='lat' dir='ltr'>dicens:</span> <span class='ocrx_word' id='word_1_84' title='bbox 823 900 937 941; x_wconf 88' lang='lat' dir='ltr'>nolo</span> <span class='ocrx_word' id='word_1_85' title='bbox 979 900 1112 941; x_wconf 88' lang='lat' dir='ltr'>enim</span> <span class='ocrx_word' id='word_1_86' title='bbox 1149 911 1236 941; x_wconf 91' lang='lat' dir='ltr'>uos</span> <span class='ocrx_word' id='word_1_87' title='bbox 1277 900 1539 954; x_wconf 79' lang='lat' dir='ltr'>ignorare,</span> <span class='ocrx_word' id='word_1_88' title='bbox 1579 899 1678 941; x_wconf 87' lang='lat' dir='ltr'>fra—</span> 
     </span>
     <span class='ocr_line' id='line_1_11' title="bbox 176 968 1724 1021; baseline 0.001 -13"><span class='ocrx_word' id='word_1_89' title='bbox 176 968 301 1018; x_wconf 81' lang='lat' dir='ltr'>tres,</span> <span class='ocrx_word' id='word_1_90' title='bbox 352 968 469 1020; x_wconf 89' lang='lat' dir='ltr'>quia</span> <span class='ocrx_word' id='word_1_91' title='bbox 508 969 680 1021; x_wconf 88' lang='lat' dir='ltr'>patres</span> <span class='ocrx_word' id='word_1_92' title='bbox 722 968 889 1009; x_wconf 88' lang='lat' dir='ltr'>nostri</span> <span class='ocrx_word' id='word_1_93' title='bbox 929 980 1098 1010; x_wconf 90' lang='lat' dir='ltr'>omnes</span> <span class='ocrx_word' id='word_1_94' title='bbox 1139 969 1228 1010; x_wconf 89' lang='lat' dir='ltr'>sub</span> <span class='ocrx_word' id='word_1_95' title='bbox 1270 968 1401 1010; x_wconf 88' lang='lat' dir='ltr'>nube</span> <span class='ocrx_word' id='word_1_96' title='bbox 1442 968 1675 1020; x_wconf 84' lang='lat' dir='ltr'>fuerunt,</span> <span class='ocrx_word' id='word_1_97' title='bbox 1693 985 1724 1010; x_wconf 87' lang='grc' dir='ltr'>ιο</span> 
     </span>
     <span class='ocr_line' id='line_1_12' title="bbox 177 1036 1679 1091; baseline 0.001 -14"><span class='ocrx_word' id='word_1_98' title='bbox 177 1036 225 1078; x_wconf 92' lang='lat' dir='ltr'>et</span> <span class='ocrx_word' id='word_1_99' title='bbox 256 1049 425 1078; x_wconf 87' lang='lat' dir='ltr'>omnes</span> <span class='ocrx_word' id='word_1_100' title='bbox 461 1049 548 1089; x_wconf 91' lang='lat' dir='ltr'>per</span> <span class='ocrx_word' id='word_1_101' title='bbox 583 1049 719 1078; x_wconf 90' lang='lat' dir='ltr'>mare</span> <span class='ocrx_word' id='word_1_102' title='bbox 760 1037 1108 1088; x_wconf 79' lang='lat' dir='ltr'>transierunt,</span> <span class='ocrx_word' id='word_1_103' title='bbox 1152 1039 1200 1079; x_wconf 91' lang='lat' dir='ltr'>et</span> <span class='ocrx_word' id='word_1_104' title='bbox 1229 1049 1395 1079; x_wconf 85' lang='lat' dir='ltr'>omnes</span> <span class='ocrx_word' id='word_1_105' title='bbox 1429 1037 1478 1078; x_wconf 90' lang='lat' dir='ltr'>in</span> <span class='ocrx_word' id='word_1_106' title='bbox 1510 1037 1679 1091; x_wconf 86' lang='lat' dir='ltr'>Moyse</span> 
     </span>
     <span class='ocr_line' id='line_1_13' title="bbox 175 1104 1679 1158; baseline 0.001 -12"><span class='ocrx_word' id='word_1_107' title='bbox 175 1104 438 1158; x_wconf 91' lang='lat' dir='ltr'>baptizati</span> <span class='ocrx_word' id='word_1_108' title='bbox 479 1107 597 1147; x_wconf 87' lang='lat' dir='ltr'>sunt</span> <span class='ocrx_word' id='word_1_109' title='bbox 639 1106 686 1147; x_wconf 89' lang='lat' dir='ltr'>et</span> <span class='ocrx_word' id='word_1_110' title='bbox 726 1106 777 1146; x_wconf 91' lang='lat' dir='ltr'>in</span> <span class='ocrx_word' id='word_1_111' title='bbox 819 1106 948 1147; x_wconf 90' lang='lat' dir='ltr'>nube</span> <span class='ocrx_word' id='word_1_112' title='bbox 988 1107 1039 1147; x_wconf 91' lang='lat' dir='ltr'>et</span> <span class='ocrx_word' id='word_1_113' title='bbox 1074 1106 1125 1146; x_wconf 92' lang='lat' dir='ltr'>in</span> <span class='ocrx_word' id='word_1_114' title='bbox 1160 1106 1299 1148; x_wconf 86' lang='lat' dir='ltr'>mari.</span> <span class='ocrx_word' id='word_1_115' title='bbox 1343 1107 1382 1148; x_wconf 90' lang='lat' dir='ltr'>et</span> <span class='ocrx_word' id='word_1_116' title='bbox 1418 1106 1579 1147; x_wconf 83' lang='lat' dir='ltr'>addidit</span> <span class='ocrx_word' id='word_1_117' title='bbox 1616 1106 1679 1148; x_wconf 89' lang='lat' dir='ltr'>di-</span> 
     </span>
     <span class='ocr_line' id='line_1_14' title="bbox 176 1173 1673 1229; baseline 0.001 -15"><span class='ocrx_word' id='word_1_118' title='bbox 176 1185 288 1214; x_wconf 87' lang='lat' dir='ltr'>cens:</span> <span class='ocrx_word' id='word_1_119' title='bbox 342 1173 461 1215; x_wconf 88' lang='lat' dir='ltr'>haec</span> <span class='ocrx_word' id='word_1_120' title='bbox 510 1175 678 1215; x_wconf 88' lang='lat' dir='ltr'>autem</span> <span class='ocrx_word' id='word_1_121' title='bbox 726 1175 892 1216; x_wconf 88' lang='lat' dir='ltr'>omnia</span> <span class='ocrx_word' id='word_1_122' title='bbox 940 1174 1143 1229; x_wconf 88' lang='lat' dir='ltr'>figurae</span> <span class='ocrx_word' id='word_1_123' title='bbox 1192 1176 1402 1216; x_wconf 89' lang='lat' dir='ltr'>nostrae</span> <span class='ocrx_word' id='word_1_124' title='bbox 1452 1175 1673 1217; x_wconf 89' lang='lat' dir='ltr'>fuerunt.</span> 
     </span>
     <span class='ocr_line' id='line_1_15' title="bbox 175 1243 1678 1298; baseline 0.001 -14"><span class='ocrx_word' id='word_1_125' title='bbox 175 1243 284 1295; x_wconf 89' lang='lat' dir='ltr'>quod</span> <span class='ocrx_word' id='word_1_126' title='bbox 331 1243 452 1284; x_wconf 90' lang='lat' dir='ltr'>hodie</span> <span class='ocrx_word' id='word_1_127' title='bbox 501 1243 626 1285; x_wconf 90' lang='lat' dir='ltr'>etiam</span> <span class='ocrx_word' id='word_1_128' title='bbox 665 1243 843 1298; x_wconf 82' lang='lat' dir='ltr'>geritur,</span> <span class='ocrx_word' id='word_1_129' title='bbox 897 1245 943 1286; x_wconf 92' lang='lat' dir='ltr'>ut</span> <span class='ocrx_word' id='word_1_130' title='bbox 992 1257 1064 1297; x_wconf 91' lang='lat' dir='ltr'>per</span> <span class='ocrx_word' id='word_1_131' title='bbox 1103 1245 1318 1286; x_wconf 82' lang='lat' dir='ltr'>exorcistas</span> <span class='ocrx_word' id='word_1_132' title='bbox 1359 1256 1456 1286; x_wconf 87' lang='lat' dir='ltr'>uoce</span> <span class='ocrx_word' id='word_1_133' title='bbox 1498 1244 1678 1286; x_wconf 90' lang='lat' dir='ltr'>humana</span> 
     </span>
     <span class='ocr_line' id='line_1_16' title="bbox 176 1312 1723 1367; baseline -0.001 -15"><span class='ocrx_word' id='word_1_134' title='bbox 176 1312 216 1353; x_wconf 91' lang='lat' dir='ltr'>et</span> <span class='ocrx_word' id='word_1_135' title='bbox 260 1312 463 1365; x_wconf 87' lang='lat' dir='ltr'>potestate</span> <span class='ocrx_word' id='word_1_136' title='bbox 505 1312 647 1354; x_wconf 88' lang='lat' dir='ltr'>diuina</span> <span class='ocrx_word' id='word_1_137' title='bbox 687 1312 924 1367; x_wconf 86' lang='lat' dir='ltr'>flagelletur</span> <span class='ocrx_word' id='word_1_138' title='bbox 965 1314 1005 1354; x_wconf 89' lang='lat' dir='ltr'>et</span> <span class='ocrx_word' id='word_1_139' title='bbox 1046 1313 1189 1354; x_wconf 89' lang='lat' dir='ltr'>uratur</span> <span class='ocrx_word' id='word_1_140' title='bbox 1230 1314 1270 1354; x_wconf 89' lang='lat' dir='ltr'>et</span> <span class='ocrx_word' id='word_1_141' title='bbox 1313 1313 1552 1366; x_wconf 83' lang='lat' dir='ltr'>torqueatur</span> <span class='ocrx_word' id='word_1_142' title='bbox 1587 1313 1676 1355; x_wconf 89' lang='lat' dir='ltr'>dia·</span> <span class='ocrx_word' id='word_1_143' title='bbox 1694 1327 1723 1352; x_wconf 64' lang='grc' dir='ltr'>ιε</span> 
     </span>
     <span class='ocr_line' id='line_1_17' title="bbox 175 1380 1678 1435; baseline 0.003 -15"><span class='ocrx_word' id='word_1_144' title='bbox 175 1380 314 1433; x_wconf 75' lang='lat' dir='ltr'>bolus,</span> <span class='ocrx_word' id='word_1_145' title='bbox 352 1382 393 1421; x_wconf 91' lang='lat' dir='ltr'>et</span> <span class='ocrx_word' id='word_1_146' title='bbox 424 1393 518 1421; x_wconf 83' lang='lat' dir='ltr'>eum</span> <span class='ocrx_word' id='word_1_147' title='bbox 549 1381 656 1422; x_wconf 82' lang='lat' dir='ltr'>exire</span> <span class='ocrx_word' id='word_1_148' title='bbox 688 1395 730 1423; x_wconf 91' lang='lat' dir='ltr'>se</span> <span class='ocrx_word' id='word_1_149' title='bbox 760 1383 801 1423; x_wconf 91' lang='lat' dir='ltr'>et</span> <span class='ocrx_word' id='word_1_150' title='bbox 832 1382 1017 1424; x_wconf 89' lang='lat' dir='ltr'>homines</span> <span class='ocrx_word' id='word_1_151' title='bbox 1048 1382 1124 1423; x_wconf 90' lang='lat' dir='ltr'>Dei</span> <span class='ocrx_word' id='word_1_152' title='bbox 1156 1382 1365 1423; x_wconf 87' lang='lat' dir='ltr'>dimittere</span> <span class='ocrx_word' id='word_1_153' title='bbox 1397 1394 1513 1435; x_wconf 89' lang='lat' dir='ltr'>saepe</span> <span class='ocrx_word' id='word_1_154' title='bbox 1554 1381 1678 1432; x_wconf 77' lang='lat' dir='ltr'>dicat,</span> 
     </span>
     <span class='ocr_line' id='line_1_18' title="bbox 175 1449 1678 1504; baseline 0.001 -14"><span class='ocrx_word' id='word_1_155' title='bbox 175 1449 218 1490; x_wconf 88' lang='lat' dir='ltr'>in</span> <span class='ocrx_word' id='word_1_156' title='bbox 259 1461 304 1490; x_wconf 92' lang='lat' dir='ltr'>eo</span> <span class='ocrx_word' id='word_1_157' title='bbox 345 1450 485 1491; x_wconf 87' lang='lat' dir='ltr'>tamen</span> <span class='ocrx_word' id='word_1_158' title='bbox 525 1450 632 1502; x_wconf 88' lang='lat' dir='ltr'>quod</span> <span class='ocrx_word' id='word_1_159' title='bbox 673 1450 822 1492; x_wconf 84' lang='lat' dir='ltr'>dixerit</span> <span class='ocrx_word' id='word_1_160' title='bbox 863 1451 983 1493; x_wconf 87' lang='lat' dir='ltr'>fallat</span> <span class='ocrx_word' id='word_1_161' title='bbox 1024 1451 1064 1492; x_wconf 91' lang='lat' dir='ltr'>et</span> <span class='ocrx_word' id='word_1_162' title='bbox 1105 1450 1146 1491; x_wconf 90' lang='lat' dir='ltr'>id</span> <span class='ocrx_word' id='word_1_163' title='bbox 1183 1450 1290 1503; x_wconf 89' lang='lat' dir='ltr'>quod</span> <span class='ocrx_word' id='word_1_164' title='bbox 1325 1463 1395 1504; x_wconf 90' lang='lat' dir='ltr'>per</span> <span class='ocrx_word' id='word_1_165' title='bbox 1425 1450 1678 1492; x_wconf 87' lang='lat' dir='ltr'>Pharaonem</span> 
     </span>
     <span class='ocr_line' id='line_1_19' title="bbox 176 1518 1677 1574; baseline 0.001 -15"><span class='ocrx_word' id='word_1_166' title='bbox 176 1519 289 1572; x_wconf 88' lang='lat' dir='ltr'>prius</span> <span class='ocrx_word' id='word_1_167' title='bbox 339 1522 503 1574; x_wconf 84' lang='lat' dir='ltr'>gestum</span> <span class='ocrx_word' id='word_1_168' title='bbox 553 1522 615 1562; x_wconf 89' lang='lat' dir='ltr'>est</span> <span class='ocrx_word' id='word_1_169' title='bbox 666 1520 807 1562; x_wconf 87' lang='lat' dir='ltr'>eodem</span> <span class='ocrx_word' id='word_1_170' title='bbox 853 1519 1063 1561; x_wconf 86' lang='lat' dir='ltr'>mendacio</span> <span class='ocrx_word' id='word_1_171' title='bbox 1109 1519 1394 1560; x_wconf 89' lang='lat' dir='ltr'>obstinationis</span> <span class='ocrx_word' id='word_1_172' title='bbox 1436 1520 1477 1560; x_wconf 92' lang='lat' dir='ltr'>et</span> <span class='ocrx_word' id='word_1_173' title='bbox 1523 1518 1677 1561; x_wconf 88' lang='lat' dir='ltr'>fraudis</span> 
     </span>
     <span class='ocr_line' id='line_1_20' title="bbox 176 1587 1676 1642; baseline -0.001 -13"><span class='ocrx_word' id='word_1_174' title='bbox 176 1589 370 1630; x_wconf 77' lang='lat' dir='ltr'>exerceat.</span> <span class='ocrx_word' id='word_1_175' title='bbox 413 1602 506 1630; x_wconf 84' lang='lat' dir='ltr'>eum</span> <span class='ocrx_word' id='word_1_176' title='bbox 536 1590 675 1630; x_wconf 89' lang='lat' dir='ltr'>tamen</span> <span class='ocrx_word' id='word_1_177' title='bbox 707 1589 758 1630; x_wconf 87' lang='lat' dir='ltr'>ad</span> <span class='ocrx_word' id='word_1_178' title='bbox 794 1601 943 1642; x_wconf 88' lang='lat' dir='ltr'>aquam</span> <span class='ocrx_word' id='word_1_179' title='bbox 979 1588 1203 1630; x_wconf 86' lang='lat' dir='ltr'>salutarem</span> <span class='ocrx_word' id='word_1_180' title='bbox 1232 1587 1362 1640; x_wconf 88' lang='lat' dir='ltr'>adque</span> <span class='ocrx_word' id='word_1_181' title='bbox 1391 1587 1442 1629; x_wconf 90' lang='lat' dir='ltr'>ad</span> <span class='ocrx_word' id='word_1_182' title='bbox 1477 1587 1676 1641; x_wconf 87' lang='lat' dir='ltr'>baptismi</span> 
     </span>
     <span class='ocr_line' id='line_1_21' title="bbox 175 1656 1720 1709; baseline -0.001 -11"><span class='ocrx_word' id='word_1_183' title='bbox 175 1657 538 1700; x_wconf 86' lang='lat' dir='ltr'>sanctificationem</span> <span class='ocrx_word' id='word_1_184' title='bbox 564 1658 742 1707; x_wconf 67' lang='lat' dir='ltr'>uenitur,</span> <span class='ocrx_word' id='word_1_185' title='bbox 776 1657 879 1699; x_wconf 83' lang='lat' dir='ltr'>scire</span> <span class='ocrx_word' id='word_1_186' title='bbox 900 1657 1096 1698; x_wconf 88' lang='lat' dir='ltr'>debemus</span> <span class='ocrx_word' id='word_1_187' title='bbox 1120 1657 1161 1698; x_wconf 93' lang='lat' dir='ltr'>et</span> <span class='ocrx_word' id='word_1_188' title='bbox 1182 1656 1306 1698; x_wconf 89' lang='lat' dir='ltr'>fidere</span> <span class='ocrx_word' id='word_1_189' title='bbox 1335 1657 1431 1709; x_wconf 90' lang='lat' dir='ltr'>quia</span> <span class='ocrx_word' id='word_1_190' title='bbox 1461 1657 1550 1698; x_wconf 88' lang='lat' dir='ltr'>illic</span> <span class='ocrx_word' id='word_1_191' title='bbox 1580 1657 1669 1698; x_wconf 84' lang='lat' dir='ltr'>dia·</span> <span class='ocrx_word' id='word_1_192' title='bbox 1687 1671 1720 1696; x_wconf 84' lang='lat'>20</span> 
     </span>
     <span class='ocr_line' id='line_1_22' title="bbox 172 1725 1675 1779; baseline 0 -13"><span class='ocrx_word' id='word_1_193' title='bbox 172 1726 291 1768; x_wconf 89' lang='lat' dir='ltr'>bolus</span> <span class='ocrx_word' id='word_1_194' title='bbox 314 1727 562 1779; x_wconf 87' lang='lat' dir='ltr'>opprimitur</span> <span class='ocrx_word' id='word_1_195' title='bbox 583 1727 624 1767; x_wconf 91' lang='lat' dir='ltr'>et</span> <span class='ocrx_word' id='word_1_196' title='bbox 643 1726 765 1767; x_wconf 90' lang='lat' dir='ltr'>homo</span> <span class='ocrx_word' id='word_1_197' title='bbox 786 1727 946 1767; x_wconf 85' lang='lat' dir='ltr'>dicatus</span> <span class='ocrx_word' id='word_1_198' title='bbox 969 1726 1052 1767; x_wconf 92' lang='lat' dir='ltr'>Deo</span> <span class='ocrx_word' id='word_1_199' title='bbox 1075 1725 1218 1767; x_wconf 89' lang='lat' dir='ltr'>diuina</span> <span class='ocrx_word' id='word_1_200' title='bbox 1240 1725 1498 1779; x_wconf 85' lang='lat' dir='ltr'>indulgentia</span> <span class='ocrx_word' id='word_1_201' title='bbox 1523 1725 1675 1767; x_wconf 89' lang='lat' dir='ltr'>libera-</span> 
     </span>
     <span class='ocr_line' id='line_1_23' title="bbox 174 1794 1676 1848; baseline 0.001 -13"><span class='ocrx_word' id='word_1_202' title='bbox 174 1794 253 1835; x_wconf 88' lang='lat' dir='ltr'>tur.</span> <span class='ocrx_word' id='word_1_203' title='bbox 279 1807 374 1836; x_wconf 90' lang='lat' dir='ltr'>nam</span> <span class='ocrx_word' id='word_1_204' title='bbox 396 1795 431 1835; x_wconf 90' lang='lat' dir='ltr'>si</span> <span class='ocrx_word' id='word_1_205' title='bbox 453 1795 600 1848; x_wconf 84' lang='lat' dir='ltr'>scorpii</span> <span class='ocrx_word' id='word_1_206' title='bbox 625 1795 665 1836; x_wconf 92' lang='lat' dir='ltr'>et</span> <span class='ocrx_word' id='word_1_207' title='bbox 687 1796 895 1847; x_wconf 77' lang='lat' dir='ltr'>serpentes</span> <span class='ocrx_word' id='word_1_208' title='bbox 918 1794 988 1847; x_wconf 91' lang='lat' dir='ltr'>qui</span> <span class='ocrx_word' id='word_1_209' title='bbox 1010 1794 1053 1835; x_wconf 92' lang='lat' dir='ltr'>in</span> <span class='ocrx_word' id='word_1_210' title='bbox 1070 1795 1176 1836; x_wconf 87' lang='lat' dir='ltr'>sicco</span> <span class='ocrx_word' id='word_1_211' title='bbox 1193 1795 1443 1848; x_wconf 83' lang='lat' dir='ltr'>praeualent‚</span> <span class='ocrx_word' id='word_1_212' title='bbox 1467 1795 1509 1836; x_wconf 89' lang='lat' dir='ltr'>in</span> <span class='ocrx_word' id='word_1_213' title='bbox 1528 1808 1676 1847; x_wconf 90' lang='lat' dir='ltr'>aquam</span> 
     </span>
     <span class='ocr_line' id='line_1_24' title="bbox 173 1863 1676 1918; baseline 0.001 -14"><span class='ocrx_word' id='word_1_214' title='bbox 173 1863 437 1916; x_wconf 84' lang='lat' dir='ltr'>praecipitati</span> <span class='ocrx_word' id='word_1_215' title='bbox 459 1864 695 1917; x_wconf 88' lang='lat' dir='ltr'>praeualere</span> <span class='ocrx_word' id='word_1_216' title='bbox 717 1865 888 1918; x_wconf 87' lang='lat' dir='ltr'>possunt</span> <span class='ocrx_word' id='word_1_217' title='bbox 911 1864 983 1905; x_wconf 90' lang='lat' dir='ltr'>aut</span> <span class='ocrx_word' id='word_1_218' title='bbox 1005 1876 1079 1905; x_wconf 91' lang='lat' dir='ltr'>sua</span> <span class='ocrx_word' id='word_1_219' title='bbox 1101 1875 1256 1905; x_wconf 90' lang='lat' dir='ltr'>uenena</span> <span class='ocrx_word' id='word_1_220' title='bbox 1288 1863 1473 1914; x_wconf 82' lang='lat' dir='ltr'>retinere‚</span> <span class='ocrx_word' id='word_1_221' title='bbox 1505 1865 1676 1917; x_wconf 85' lang='lat' dir='ltr'>possunt</span> 
     </span>
    </p>
   </div>
   <div class='ocr_carea' id='block_1_3' title="bbox 311 2022 732 2063">
    <p class='ocr_par' dir='ltr' id='par_1_3' title="bbox 311 2022 732 2063">
     <span class='ocr_line' id='line_1_25' title="bbox 311 2022 732 2063; baseline -0.002 -7"><span class='ocrx_word' id='word_1_222' title='bbox 311 2023 331 2056; x_wconf 84' lang='lat'>9</span> <span class='ocrx_word' id='word_1_223' title='bbox 358 2022 374 2056; x_wconf 90' lang='grc' dir='ltr'><strong>Ι</strong></span> <span class='ocrx_word' id='word_1_224' title='bbox 401 2022 475 2056; x_wconf 77' lang='lat' dir='ltr'>Cor.</span> <span class='ocrx_word' id='word_1_225' title='bbox 504 2022 557 2063; x_wconf 87' lang='lat'>10,</span> <span class='ocrx_word' id='word_1_226' title='bbox 588 2023 617 2055; x_wconf 80' lang='lat'>1.</span> <span class='ocrx_word' id='word_1_227' title='bbox 645 2022 675 2056; x_wconf 79' lang='lat'>2.</span> <span class='ocrx_word' id='word_1_228' title='bbox 702 2022 732 2056; x_wconf 89' lang='grc'>6.</span> 
     </span>
    </p>
   </div>
   <div class='ocr_carea' id='block_1_4' title="bbox 173 2168 1679 2847">
    <p class='ocr_par' dir='ltr' id='par_1_4' title="bbox 173 2168 1679 2847">
     <span class='ocr_line' id='line_1_26' title="bbox 243 2168 1677 2214; baseline 0.001 -11"><span class='ocrx_word' id='word_1_229' title='bbox 243 2170 261 2203; x_wconf 91' lang='grc'>1</span> <span class='ocrx_word' id='word_1_230' title='bbox 280 2169 325 2203; x_wconf 87' lang='lat' dir='ltr'>iis</span> <span class='ocrx_word' id='word_1_231' title='bbox 342 2181 363 2204; x_wconf 79' lang='lat' dir='ltr'><em>v</em></span> <span class='ocrx_word' id='word_1_232' title='bbox 500 2170 521 2204; x_wconf 79' lang='lat'>2</span> <span class='ocrx_word' id='word_1_233' title='bbox 538 2169 813 2213; x_wconf 84' lang='lat' dir='ltr'>baptizabantur</span> <span class='ocrx_word' id='word_1_234' title='bbox 827 2169 916 2214; x_wconf 72' lang='lat' dir='ltr'>EQ²</span> <span class='ocrx_word' id='word_1_235' title='bbox 936 2169 1180 2213; x_wconf 86' lang='lat' dir='ltr'>(baptizantur</span> <span class='ocrx_word' id='word_1_236' title='bbox 1195 2169 1244 2203; x_wconf 89' lang='lat' dir='ltr'><em>M</em></span> <span class='ocrx_word' id='word_1_237' title='bbox 1245 2168 1311 2214; x_wconf 67' lang='grc' dir='ltr'>ρ’)</span> <span class='ocrx_word' id='word_1_238' title='bbox 1452 2170 1677 2214; x_wconf 87' lang='lat' dir='ltr'>temptaban-</span> 
     </span>
     <span class='ocr_line' id='line_1_27' title="bbox 174 2227 1633 2272; baseline 0.001 -12"><span class='ocrx_word' id='word_1_239' title='bbox 174 2227 233 2260; x_wconf 87' lang='lat' dir='ltr'>tur</span> <span class='ocrx_word' id='word_1_240' title='bbox 254 2227 290 2260; x_wconf 88' lang='grc' dir='ltr'><strong><em>Β</em></strong></span> <span class='ocrx_word' id='word_1_241' title='bbox 298 2227 482 2272; x_wconf 73' lang='lat' dir='ltr'><strong><em>CEPQV,</em></strong></span> <span class='ocrx_word' id='word_1_242' title='bbox 502 2229 688 2261; x_wconf 85' lang='lat' dir='ltr'>tentantur</span> <span class='ocrx_word' id='word_1_243' title='bbox 707 2240 726 2262; x_wconf 86' lang='lat' dir='ltr'><em>v</em></span> <span class='ocrx_word' id='word_1_244' title='bbox 922 2228 1038 2261; x_wconf 85' lang='lat' dir='ltr'>sciant</span> <span class='ocrx_word' id='word_1_245' title='bbox 1059 2227 1094 2261; x_wconf 90' lang='lat' dir='ltr'><em>P</em></span> <span class='ocrx_word' id='word_1_246' title='bbox 1287 2227 1309 2261; x_wconf 85' lang='lat'>4</span> <span class='ocrx_word' id='word_1_247' title='bbox 1328 2227 1426 2261; x_wconf 88' lang='lat' dir='ltr'>uirus</span> <span class='ocrx_word' id='word_1_248' title='bbox 1450 2227 1479 2262; x_wconf 80' lang='lat' dir='ltr'><em>G</em></span> <span class='ocrx_word' id='word_1_249' title='bbox 1495 2238 1534 2261; x_wconf 90' lang='lat' dir='ltr'>us</span> <span class='ocrx_word' id='word_1_250' title='bbox 1554 2238 1596 2261; x_wconf 68' lang='lat' dir='ltr'>em</span> <span class='ocrx_word' id='word_1_251' title='bbox 1614 2238 1633 2262; x_wconf 81' lang='grc' dir='ltr'>ο</span> 
     </span>
     <span class='ocr_line' id='line_1_28' title="bbox 174 2283 1625 2328; baseline 0.002 -12"><span class='ocrx_word' id='word_1_252' title='bbox 174 2283 365 2318; x_wconf 79' lang='lat' dir='ltr'>admittere</span> <span class='ocrx_word' id='word_1_253' title='bbox 388 2286 431 2320; x_wconf 83' lang='lat' dir='ltr'>C¹</span> <span class='ocrx_word' id='word_1_254' title='bbox 646 2285 667 2319; x_wconf 86' lang='lat'>5</span> <span class='ocrx_word' id='word_1_255' title='bbox 685 2287 720 2319; x_wconf 89' lang='lat' dir='ltr'>et</span> <span class='ocrx_word' id='word_1_256' title='bbox 738 2296 802 2320; x_wconf 81' lang='lat' dir='ltr'>om.</span> <span class='ocrx_word' id='word_1_257' title='bbox 823 2285 905 2326; x_wconf 87' lang='lat' dir='ltr'>BP,</span> <span class='ocrx_word' id='word_1_258' title='bbox 924 2286 978 2319; x_wconf 88' lang='lat' dir='ltr'>est</span> <span class='ocrx_word' id='word_1_259' title='bbox 1002 2286 1043 2320; x_wconf 81' lang='lat'>0¹</span> <span class='ocrx_word' id='word_1_260' title='bbox 1261 2284 1279 2318; x_wconf 76' lang='lat'>7</span> <span class='ocrx_word' id='word_1_261' title='bbox 1299 2294 1384 2328; x_wconf 72' lang='lat' dir='ltr'>quo*</span> <span class='ocrx_word' id='word_1_262' title='bbox 1406 2285 1450 2326; x_wconf 88' lang='lat' dir='ltr'>P,</span> <span class='ocrx_word' id='word_1_263' title='bbox 1469 2284 1560 2328; x_wconf 87' lang='lat' dir='ltr'>quod</span> <span class='ocrx_word' id='word_1_264' title='bbox 1583 2284 1612 2319; x_wconf 80' lang='lat' dir='ltr'><strong><em>C</em></strong></span> <span class='ocrx_word' id='word_1_265' title='bbox 1620 2289 1625 2306; x_wconf 92' lang='lat'><em>¹</em></span> 
     </span>
     <span class='ocr_line' id='line_1_29' title="bbox 173 2341 1677 2387; baseline -0.001 -12"><span class='ocrx_word' id='word_1_266' title='bbox 173 2341 195 2375; x_wconf 84' lang='lat'>8</span> <span class='ocrx_word' id='word_1_267' title='bbox 214 2344 433 2375; x_wconf 85' lang='lat' dir='ltr'>sacramento</span> <span class='ocrx_word' id='word_1_268' title='bbox 453 2342 525 2387; x_wconf 72' lang='lat' dir='ltr'>EQ</span> <span class='ocrx_word' id='word_1_269' title='bbox 640 2343 660 2377; x_wconf 85' lang='lat'>9</span> <span class='ocrx_word' id='word_1_270' title='bbox 678 2342 795 2376; x_wconf 84' lang='lat' dir='ltr'>dicens</span> <span class='ocrx_word' id='word_1_271' title='bbox 812 2342 939 2387; x_wconf 87' lang='lat' dir='ltr'>paulus</span> <span class='ocrx_word' id='word_1_272' title='bbox 959 2343 994 2377; x_wconf 99' lang='grc' dir='ltr'><strong><em>Β</em></strong></span> <span class='ocrx_word' id='word_1_273' title='bbox 1110 2341 1216 2385; x_wconf 89' lang='lat' dir='ltr'>enim]</span> <span class='ocrx_word' id='word_1_274' title='bbox 1235 2342 1355 2375; x_wconf 88' lang='lat' dir='ltr'>autem</span> <span class='ocrx_word' id='word_1_275' title='bbox 1379 2341 1408 2376; x_wconf 86' lang='lat' dir='ltr'><strong><em>C</em></strong></span> <span class='ocrx_word' id='word_1_276' title='bbox 1522 2341 1565 2375; x_wconf 87' lang='lat'>10</span> <span class='ocrx_word' id='word_1_277' title='bbox 1581 2341 1677 2385; x_wconf 86' lang='lat' dir='ltr'>quia]</span> 
     </span>
     <span class='ocr_line' id='line_1_30' title="bbox 177 2387 1678 2445; baseline 0 -13"><span class='ocrx_word' id='word_1_278' title='bbox 177 2390 244 2441; x_wconf 64' lang='lat' dir='ltr'>quo</span> <span class='ocrx_word' id='word_1_279' title='bbox 261 2387 335 2433; x_wconf 54' lang='lat' dir='ltr'>offis</span> <span class='ocrx_word' id='word_1_280' title='bbox 358 2399 387 2434; x_wconf 87' lang='lat' dir='ltr'>C&#39;</span> <span class='ocrx_word' id='word_1_281' title='bbox 490 2401 531 2434; x_wconf 90' lang='grc'>11</span> <span class='ocrx_word' id='word_1_282' title='bbox 545 2401 654 2444; x_wconf 72' lang='lat' dir='ltr'>prius</span> <span class='ocrx_word' id='word_1_283' title='bbox 671 2403 706 2434; x_wconf 89' lang='lat' dir='ltr'>et</span> <span class='ocrx_word' id='word_1_284' title='bbox 722 2412 786 2435; x_wconf 79' lang='lat' dir='ltr'>om.</span> <span class='ocrx_word' id='word_1_285' title='bbox 807 2402 842 2435; x_wconf 93' lang='grc' dir='ltr'><strong><em>Β</em></strong></span> <span class='ocrx_word' id='word_1_286' title='bbox 935 2400 1047 2444; x_wconf 82' lang='lat' dir='ltr'>moysi</span> <span class='ocrx_word' id='word_1_287' title='bbox 1065 2400 1146 2445; x_wconf 73' lang='lat' dir='ltr'>EQ,</span> <span class='ocrx_word' id='word_1_288' title='bbox 1165 2410 1307 2444; x_wconf 79' lang='lat' dir='ltr'>moysen</span> <span class='ocrx_word' id='word_1_289' title='bbox 1331 2399 1395 2434; x_wconf 78' lang='lat' dir='ltr'>GP</span> <span class='ocrx_word' id='word_1_290' title='bbox 1501 2399 1543 2433; x_wconf 80' lang='lat'>12</span> <span class='ocrx_word' id='word_1_291' title='bbox 1561 2399 1678 2443; x_wconf 88' lang='lat' dir='ltr'>bapti-</span> 
     </span>
     <span class='ocr_line' id='line_1_31' title="bbox 174 2445 1679 2504; baseline 0.001 -15"><span class='ocrx_word' id='word_1_292' title='bbox 174 2446 277 2490; x_wconf 80' lang='lat' dir='ltr'>zandi</span> <span class='ocrx_word' id='word_1_293' title='bbox 298 2445 367 2499; x_wconf 79' lang='grc' dir='ltr'>Βυ,</span> <span class='ocrx_word' id='word_1_294' title='bbox 382 2457 484 2501; x_wconf 89' lang='lat' dir='ltr'>bapti</span> <span class='ocrx_word' id='word_1_295' title='bbox 502 2458 538 2492; x_wconf 89' lang='lat' dir='ltr'><em>P</em></span> <span class='ocrx_word' id='word_1_296' title='bbox 712 2460 795 2492; x_wconf 88' lang='lat' dir='ltr'>sunt</span> <span class='ocrx_word' id='word_1_297' title='bbox 813 2460 849 2493; x_wconf 89' lang='lat' dir='ltr'>et</span> <span class='ocrx_word' id='word_1_298' title='bbox 869 2458 947 2504; x_wconf 74' lang='lat' dir='ltr'>QV,</span> <span class='ocrx_word' id='word_1_299' title='bbox 966 2459 1049 2492; x_wconf 88' lang='lat' dir='ltr'>sunt</span> <span class='ocrx_word' id='word_1_300' title='bbox 1068 2458 1197 2493; x_wconf 84' lang='lat' dir='ltr'><strong><em>BCEv</em></strong></span> <span class='ocrx_word' id='word_1_301' title='bbox 1372 2458 1408 2491; x_wconf 91' lang='lat' dir='ltr'>et</span> <span class='ocrx_word' id='word_1_302' title='bbox 1424 2457 1461 2490; x_wconf 90' lang='lat' dir='ltr'>in</span> <span class='ocrx_word' id='word_1_303' title='bbox 1479 2457 1570 2491; x_wconf 90' lang='lat' dir='ltr'>nube</span> <span class='ocrx_word' id='word_1_304' title='bbox 1588 2459 1623 2491; x_wconf 87' lang='lat' dir='ltr'>et</span> <span class='ocrx_word' id='word_1_305' title='bbox 1641 2457 1679 2491; x_wconf 89' lang='lat' dir='ltr'>in</span> 
     </span>
     <span class='ocr_line' id='line_1_32' title="bbox 174 2514 1678 2557; baseline 0.001 -10"><span class='ocrx_word' id='word_1_306' title='bbox 174 2514 265 2547; x_wconf 85' lang='lat' dir='ltr'>mari</span> <span class='ocrx_word' id='word_1_307' title='bbox 282 2524 345 2548; x_wconf 81' lang='lat' dir='ltr'>om.</span> <span class='ocrx_word' id='word_1_308' title='bbox 365 2514 400 2548; x_wconf 90' lang='lat' dir='ltr'><strong><em>P</em></strong></span> <span class='ocrx_word' id='word_1_309' title='bbox 516 2516 559 2549; x_wconf 85' lang='lat'>13</span> <span class='ocrx_word' id='word_1_310' title='bbox 577 2517 695 2550; x_wconf 86' lang='lat' dir='ltr'>autem</span> <span class='ocrx_word' id='word_1_311' title='bbox 712 2516 747 2550; x_wconf 89' lang='lat' dir='ltr'><strong><em>P</em></strong></span> <span class='ocrx_word' id='word_1_312' title='bbox 763 2527 789 2551; x_wconf 83' lang='lat' dir='ltr'>s.</span> <span class='ocrx_word' id='word_1_313' title='bbox 809 2517 830 2550; x_wconf 82' lang='lat' dir='ltr'>l.</span> <span class='ocrx_word' id='word_1_314' title='bbox 854 2527 898 2550; x_wconf 84' lang='lat' dir='ltr'>m.</span> <span class='ocrx_word' id='word_1_315' title='bbox 918 2519 954 2557; x_wconf 75' lang='lat'>2,</span> <span class='ocrx_word' id='word_1_316' title='bbox 973 2527 1039 2550; x_wconf 84' lang='lat' dir='ltr'>om.</span> <span class='ocrx_word' id='word_1_317' title='bbox 1063 2516 1092 2551; x_wconf 85' lang='lat' dir='ltr'><em>C</em></span> <span class='ocrx_word' id='word_1_318' title='bbox 1198 2515 1339 2548; x_wconf 88' lang='lat' dir='ltr'>fuerant</span> <span class='ocrx_word' id='word_1_319' title='bbox 1358 2514 1393 2548; x_wconf 90' lang='grc' dir='ltr'><strong><em>Β</em></strong></span> <span class='ocrx_word' id='word_1_320' title='bbox 1509 2515 1553 2548; x_wconf 85' lang='grc'>14</span> <span class='ocrx_word' id='word_1_321' title='bbox 1570 2515 1678 2548; x_wconf 86' lang='lat' dir='ltr'>etiam</span> 
     </span>
     <span class='ocr_line' id='line_1_33' title="bbox 174 2570 1636 2614; baseline 0.002 -10"><span class='ocrx_word' id='word_1_322' title='bbox 174 2570 311 2614; x_wconf 87' lang='lat' dir='ltr'>geritur</span> <span class='ocrx_word' id='word_1_323' title='bbox 328 2582 392 2606; x_wconf 86' lang='lat' dir='ltr'>om.</span> <span class='ocrx_word' id='word_1_324' title='bbox 414 2572 449 2606; x_wconf 92' lang='lat' dir='ltr'><em>B</em></span> <span class='ocrx_word' id='word_1_325' title='bbox 600 2575 641 2607; x_wconf 88' lang='lat' dir='ltr'>ut</span> <span class='ocrx_word' id='word_1_326' title='bbox 659 2574 694 2609; x_wconf 92' lang='grc' dir='ltr'><strong><em>Β</em></strong></span> <span class='ocrx_word' id='word_1_327' title='bbox 710 2584 739 2608; x_wconf 79' lang='lat' dir='ltr'>s.</span> <span class='ocrx_word' id='word_1_328' title='bbox 757 2573 777 2607; x_wconf 84' lang='lat' dir='ltr'>l.</span> <span class='ocrx_word' id='word_1_329' title='bbox 930 2573 1146 2608; x_wconf 84' lang='lat' dir='ltr'>exorchistas</span> <span class='ocrx_word' id='word_1_330' title='bbox 1164 2573 1200 2607; x_wconf 92' lang='lat' dir='ltr'><strong><em>P</em></strong></span> <span class='ocrx_word' id='word_1_331' title='bbox 1349 2571 1392 2605; x_wconf 88' lang='grc'>16</span> <span class='ocrx_word' id='word_1_332' title='bbox 1409 2571 1473 2606; x_wconf 85' lang='lat' dir='ltr'>heo</span> <span class='ocrx_word' id='word_1_333' title='bbox 1490 2572 1583 2606; x_wconf 82' lang='lat' dir='ltr'>exire</span> <span class='ocrx_word' id='word_1_334' title='bbox 1606 2572 1636 2607; x_wconf 81' lang='lat' dir='ltr'><strong><em>C</em></strong></span> 
     </span>
     <span class='ocr_line' id='line_1_34' title="bbox 174 2619 1635 2675; baseline 0.002 -14"><span class='ocrx_word' id='word_1_335' title='bbox 174 2628 231 2662; x_wconf 88' lang='lat' dir='ltr'>dei</span> <span class='ocrx_word' id='word_1_336' title='bbox 261 2639 327 2663; x_wconf 83' lang='lat' dir='ltr'>om.</span> <span class='ocrx_word' id='word_1_337' title='bbox 358 2631 387 2663; x_wconf 76' lang='grc' dir='ltr'><em>Ο</em></span> <span class='ocrx_word' id='word_1_338' title='bbox 590 2641 692 2674; x_wconf 88' lang='lat' dir='ltr'>saepe</span> <span class='ocrx_word' id='word_1_339' title='bbox 720 2630 829 2675; x_wconf 85' lang='lat' dir='ltr'>dicat]</span> <span class='ocrx_word' id='word_1_340' title='bbox 861 2641 896 2664; x_wconf 89' lang='lat' dir='ltr'>se</span> <span class='ocrx_word' id='word_1_341' title='bbox 920 2630 1079 2675; x_wconf 89' lang='lat' dir='ltr'>predicat</span> <span class='ocrx_word' id='word_1_342' title='bbox 1102 2631 1131 2665; x_wconf 87' lang='lat' dir='ltr'><strong><em>C</em></strong></span> <span class='ocrx_word' id='word_1_343' title='bbox 1336 2630 1377 2663; x_wconf 71' lang='lat'>17</span> <span class='ocrx_word' id='word_1_344' title='bbox 1403 2620 1452 2672; x_wconf 80' lang='lat' dir='ltr'>in]</span> <span class='ocrx_word' id='word_1_345' title='bbox 1468 2619 1520 2663; x_wconf 77' lang='lat' dir='ltr'>&#39;et</span> <span class='ocrx_word' id='word_1_346' title='bbox 1545 2630 1581 2663; x_wconf 88' lang='lat' dir='ltr'>in</span> <span class='ocrx_word' id='word_1_347' title='bbox 1599 2630 1635 2664; x_wconf 91' lang='lat' dir='ltr'><strong><em>P</em></strong></span> 
     </span>
     <span class='ocr_line' id='line_1_35' title="bbox 175 2677 1678 2732; baseline 0.001 -14"><span class='ocrx_word' id='word_1_348' title='bbox 175 2685 218 2719; x_wconf 90' lang='grc'>19</span> <span class='ocrx_word' id='word_1_349' title='bbox 236 2677 279 2719; x_wconf 70' lang='grc' dir='ltr'>(Η</span> <span class='ocrx_word' id='word_1_350' title='bbox 291 2696 421 2730; x_wconf 85' lang='lat' dir='ltr'>aquam</span> <span class='ocrx_word' id='word_1_351' title='bbox 439 2690 468 2721; x_wconf 76' lang='lat' dir='ltr'><em>C</em></span> <span class='ocrx_word' id='word_1_352' title='bbox 594 2687 797 2732; x_wconf 80' lang='lat' dir='ltr'>baptissimi</span> <span class='ocrx_word' id='word_1_353' title='bbox 819 2690 848 2722; x_wconf 78' lang='lat' dir='ltr'><em>C</em></span> <span class='ocrx_word' id='word_1_354' title='bbox 860 2689 1006 2732; x_wconf 67' lang='lat' dir='ltr'>saepius</span> <span class='ocrx_word' id='word_1_355' title='bbox 1135 2687 1180 2721; x_wconf 81' lang='lat'>20</span> <span class='ocrx_word' id='word_1_356' title='bbox 1197 2687 1273 2721; x_wconf 88' lang='lat' dir='ltr'>illic</span> <span class='ocrx_word' id='word_1_357' title='bbox 1290 2697 1353 2721; x_wconf 82' lang='lat' dir='ltr'>om.</span> <span class='ocrx_word' id='word_1_358' title='bbox 1379 2687 1407 2722; x_wconf 79' lang='grc' dir='ltr'><strong><em>Ο</em></strong></span> <span class='ocrx_word' id='word_1_359' title='bbox 1535 2687 1578 2720; x_wconf 78' lang='lat'>21</span> <span class='ocrx_word' id='word_1_360' title='bbox 1598 2686 1678 2720; x_wconf 85' lang='lat' dir='ltr'>sub-</span> 
     </span>
     <span class='ocr_line' id='line_1_36' title="bbox 173 2736 1676 2790; baseline 0 -14"><span class='ocrx_word' id='word_1_361' title='bbox 173 2742 342 2786; x_wconf 87' lang='lat' dir='ltr'>primitur</span> <span class='ocrx_word' id='word_1_362' title='bbox 360 2745 408 2778; x_wconf 88' lang='lat' dir='ltr'><em>M</em></span> <span class='ocrx_word' id='word_1_363' title='bbox 413 2748 418 2766; x_wconf 91' lang='lat'>¹</span> <span class='ocrx_word' id='word_1_364' title='bbox 444 2748 553 2790; x_wconf 88' lang='lat' dir='ltr'>(oppr.</span> <span class='ocrx_word' id='word_1_365' title='bbox 574 2746 623 2780; x_wconf 88' lang='lat' dir='ltr'><strong><em>M</em></strong></span> <span class='ocrx_word' id='word_1_366' title='bbox 625 2747 637 2765; x_wconf 83' lang='lat'>²</span> <span class='ocrx_word' id='word_1_367' title='bbox 645 2745 687 2790; x_wconf 75' lang='lat' dir='ltr'>Q)</span> <span class='ocrx_word' id='word_1_368' title='bbox 850 2745 988 2779; x_wconf 85' lang='lat' dir='ltr'>dicatur</span> <span class='ocrx_word' id='word_1_369' title='bbox 1005 2736 1050 2779; x_wconf 64' lang='lat' dir='ltr'>df&gt;</span> <span class='ocrx_word' id='word_1_370' title='bbox 1070 2745 1131 2786; x_wconf 82' lang='lat' dir='ltr'>C1,</span> <span class='ocrx_word' id='word_1_371' title='bbox 1150 2744 1211 2779; x_wconf 88' lang='lat' dir='ltr'>deo</span> <span class='ocrx_word' id='word_1_372' title='bbox 1229 2744 1369 2778; x_wconf 84' lang='lat' dir='ltr'>dicatus</span> <span class='ocrx_word' id='word_1_373' title='bbox 1386 2755 1407 2779; x_wconf 76' lang='lat' dir='ltr'><em>v</em></span> <span class='ocrx_word' id='word_1_374' title='bbox 1572 2743 1616 2777; x_wconf 70' lang='lat'>2⁶2</span> <span class='ocrx_word' id='word_1_375' title='bbox 1634 2744 1676 2787; x_wconf 86' lang='lat' dir='ltr'>si]</span> 
     </span>
     <span class='ocr_line' id='line_1_37' title="bbox 175 2799 1678 2847; baseline 0.001 -14"><span class='ocrx_word' id='word_1_376' title='bbox 175 2799 268 2834; x_wconf 85' lang='lat' dir='ltr'>sicut</span> <span class='ocrx_word' id='word_1_377' title='bbox 285 2813 305 2836; x_wconf 77' lang='lat' dir='ltr'><em>v</em></span> <span class='ocrx_word' id='word_1_378' title='bbox 497 2814 589 2847; x_wconf 82' lang='lat' dir='ltr'>aqua</span> <span class='ocrx_word' id='word_1_379' title='bbox 607 2804 642 2837; x_wconf 92' lang='grc' dir='ltr'><strong><em>Β</em></strong></span> <span class='ocrx_word' id='word_1_380' title='bbox 832 2803 875 2837; x_wconf 79' lang='lat'>23</span> <span class='ocrx_word' id='word_1_381' title='bbox 895 2814 964 2837; x_wconf 91' lang='lat' dir='ltr'>non</span> <span class='ocrx_word' id='word_1_382' title='bbox 982 2804 1129 2847; x_wconf 89' lang='lat' dir='ltr'>possunt</span> <span class='ocrx_word' id='word_1_383' title='bbox 1151 2803 1200 2837; x_wconf 82' lang='lat' dir='ltr'>Cv</span> <span class='ocrx_word' id='word_1_384' title='bbox 1384 2803 1446 2835; x_wconf 83' lang='lat' dir='ltr'>aut</span> <span class='ocrx_word' id='word_1_385' title='bbox 1464 2811 1527 2834; x_wconf 87' lang='lat' dir='ltr'>sua</span> <span class='ocrx_word' id='word_1_386' title='bbox 1545 2811 1678 2834; x_wconf 87' lang='lat' dir='ltr'>uenena</span> 
     </span>
    </p>
   </div>
   <div class='ocr_carea' id='block_1_5' title="bbox 174 2858 1313 2905">
    <p class='ocr_par' dir='ltr' id='par_1_5' title="bbox 174 2858 1313 2905">
     <span class='ocr_line' id='line_1_38' title="bbox 174 2858 1313 2905; baseline 0.002 -15"><span class='ocrx_word' id='word_1_387' title='bbox 174 2858 326 2892; x_wconf 82' lang='lat' dir='ltr'>retinere</span> <span class='ocrx_word' id='word_1_388' title='bbox 344 2870 407 2893; x_wconf 74' lang='lat' dir='ltr'>om.</span> <span class='ocrx_word' id='word_1_389' title='bbox 434 2861 467 2893; x_wconf 76' lang='lat' dir='ltr'><strong><em>V</em></strong></span> <span class='ocrx_word' id='word_1_390' title='bbox 601 2861 766 2905; x_wconf 83' lang='lat' dir='ltr'>retinere]</span> <span class='ocrx_word' id='word_1_391' title='bbox 786 2871 823 2894; x_wconf 87' lang='lat' dir='ltr'>re</span> <span class='ocrx_word' id='word_1_392' title='bbox 843 2861 874 2893; x_wconf 88' lang='grc' dir='ltr'><strong><em>Β</em></strong></span> <span class='ocrx_word' id='word_1_393' title='bbox 1015 2861 1171 2905; x_wconf 80' lang='lat' dir='ltr'>possunt]</span> <span class='ocrx_word' id='word_1_394' title='bbox 1193 2860 1240 2893; x_wconf 80' lang='lat' dir='ltr'>sic</span> <span class='ocrx_word' id='word_1_395' title='bbox 1266 2858 1313 2893; x_wconf 71' lang='lat' dir='ltr'>Cv</span> 
     </span>
    </p>
   </div>
  </div>
 </body>
</html>
