1838 3152
149 1782 196 1823 17

209 227 292 268 686
746 225 938 261 Caecilii
964 225 1176 271 Cypriani

208 329 469 371 conscientia.
522 341 647 381 quam
689 329 927 371 execrabilis
969 330 1071 380 uita,
1114 343 1233 383 quam
1277 331 1423 384 turpis,
1466 333 1513 373 ut
1555 332 1633 374 etsi
1673 333 1715 374 in

209 396 378 438 ecclesia
409 398 556 447 essent,
588 398 664 439 eici
694 398 799 439 tales
824 399 873 440 de
905 398 1077 440 ecclesia
1107 399 1380 441 debuissent?
1413 400 1586 453 denique
1617 402 1714 454 quia

209 466 499 508 conscientiam
537 479 653 508 suam
687 467 849 516 norunt,
886 480 959 508 nec
990 467 1141 508 audent
1172 468 1311 509 uenire
1340 469 1411 509 aut
1442 469 1493 509 ad
1523 469 1715 511 ecclesiae

211 535 341 576 limen
363 535 565 585 accedere,
589 536 658 576 sed
681 535 779 576 foris
802 548 873 588 per
895 536 1152 589 prouinciam
1175 536 1544 578 circumueniendis
1573 537 1715 579 fratri-

208 603 285 645 bus
308 605 348 645 et
371 604 595 656 spoliandis
618 605 841 657 pererrant,
872 605 913 645 et
934 605 1125 646 omnibus
1146 605 1229 646 iam
1252 606 1353 647 satis
1375 606 1462 646 noti
1485 606 1615 658 adque
1637 619 1713 647 un·
1728 621 1742 650 5

209 671 332 724 dique
360 684 431 725 pro
461 673 545 713 suis
574 672 825 714 facinoribus
854 673 1028 724 exclusi,
1064 673 1163 715 illuc
1187 674 1313 715 etiam
1334 674 1384 715 ad
1406 687 1478 715 uos
1500 675 1712 729 nauigant.

213 753 342 793 neque
364 741 473 782 enim
494 741 629 795 potest
651 741 735 782 illis
758 741 870 783 frons
892 754 979 783 esse
1002 742 1054 783 ad
1079 754 1151 783 nos
1173 743 1390 784 accedendi
1414 745 1485 784 aut
1507 743 1617 796 apud
1645 756 1716 785 nos

210 809 470 860 consistendi,
502 822 595 851 cum
617 810 700 851 sint
720 810 986 852 acerbissima
1010 811 1050 851 et
1071 811 1319 865 grauissima
1341 812 1514 853 crimina
1536 825 1637 865 quae
1660 814 1716 854 eis

211 891 234 919 a
262 878 459 920 fratribus
489 879 743 933 ingerantur.
781 879 816 920 si
847 879 1050 920 iudicium
1086 881 1275 921 nostrum
1302 881 1508 922 noluerint
1540 882 1714 935 experiri

211 948 391 989 ueniant.
414 947 586 1000 denique
608 948 642 988 si
665 961 745 1000 qua
767 947 853 990 illis
875 948 1082 990 excusatio
1105 950 1146 990 et
1168 949 1349 991 defensio
1371 950 1507 1002 potest
1529 963 1628 1001 esse,
1650 951 1716 992 ui-
1732 965 1765 990 ιο

215 1016 383 1058 deamus
406 1030 524 1069 quen]
549 1017 726 1059 habeant
748 1017 1042 1059 satisfactionis
1065 1030 1162 1059 suae
1184 1030 1364 1069 sensum,
1388 1032 1510 1072 quem
1532 1019 1719 1061 adferant

211 1086 489 1138 paenitentiae
511 1086 706 1128 fructum.
730 1100 803 1128 nec
826 1087 997 1129 ecclesia
1019 1086 1114 1128 istic
1136 1088 1326 1140 cuiquam
1347 1088 1530 1129 cluditur
1545 1101 1617 1130 nec
1634 1089 1719 1142 epi-

212 1166 355 1208 scopus
374 1154 499 1196 alicui
516 1156 753 1210 denegatur.
777 1156 980 1209 patientia
996 1157 1036 1197 et
1058 1155 1246 1198 facilitas
1260 1158 1301 1198 et
1322 1157 1559 1199 humanitas
1582 1159 1720 1199 nostra

213 1223 473 1265 uenientibus
504 1225 667 1277 praesto
703 1226 775 1266 est.
811 1225 906 1278 opto
937 1238 1076 1267 omnes
1106 1225 1149 1266 in
1178 1226 1394 1268 ecclesiam
1415 1226 1591 1281 regredi,
1624 1228 1718 1280 opto

211 1292 424 1334 uniuersos
453 1293 737 1335 conmilitones
768 1295 927 1335 nostros
957 1294 1066 1335 intra
1087 1293 1241 1336 Christi
1263 1297 1398 1337 castra
1419 1295 1460 1336 et
1480 1295 1558 1337 Dei
1588 1296 1716 1349 patris
1733 1311 1764 1336 15

213 1361 424 1403 domicilia
458 1363 657 1404 concludi.
695 1363 864 1404 remitto
901 1363 1059 1413 omnia,
1097 1364 1233 1405 multa
1263 1363 1479 1406 dissimulo
1513 1364 1649 1406 studio
1681 1366 1720 1406 et

215 1433 312 1472 uoto
349 1432 601 1486 colligendae
637 1431 925 1474 fraternitatis.
965 1433 1092 1474 etiam
1127 1445 1230 1486 quae
1264 1433 1307 1474 in
1335 1433 1470 1475 Deum
1503 1434 1722 1475 commissa

214 1502 311 1542 sunt
344 1514 423 1542 non
452 1501 571 1554 pleno
602 1501 754 1542 iudicio
791 1501 1002 1556 religionis
1033 1503 1231 1543 examino.
1274 1502 1438 1544 delictis
1473 1502 1565 1555 plus
1596 1516 1720 1556 quam

214 1570 322 1622 quod
344 1571 502 1623 oportet
523 1570 784 1612 remittendis
806 1583 929 1625 paene
951 1571 1037 1623 ipse
1060 1571 1264 1624 delinquo.
1288 1571 1513 1624 amplector
1532 1572 1721 1624 prompta

215 1640 256 1680 et
276 1639 396 1692 plena
427 1639 642 1681 dilectione
674 1653 768 1681 cum
789 1639 1041 1692 paenitentia
1061 1641 1333 1690 reuertentes,
1363 1641 1577 1693 peccatum
1598 1653 1719 1682 suum
1737 1660 1769 1685 ρο

217 1708 496 1750 satisfactione
517 1708 667 1749 humili
689 1710 729 1749 et
751 1708 933 1761 simplici
956 1708 1205 1750 confitentes,

274 1776 315 1818 Si
338 1777 408 1830 qui
437 1778 574 1817 autem
608 1778 704 1818 sunt
736 1778 806 1830 qui
837 1779 989 1830 putant
1021 1790 1062 1818 se
1095 1778 1147 1819 ad
1177 1778 1391 1819 ecclesiam
1423 1790 1503 1819 non
1534 1778 1721 1832 precibus

215 1846 285 1888 sed
306 1846 430 1887 minis
452 1846 611 1900 regredi
634 1858 750 1899 posse
771 1848 843 1887 aut
866 1847 1104 1888 existimant
1127 1847 1289 1889 aditum
1312 1859 1353 1888 se
1372 1847 1452 1889 sibi
1469 1859 1548 1888 non
1565 1848 1722 1889 lamen-

215 1915 443 1956 tationibus
481 1917 521 1957 et
558 1915 912 1958 satisfactionibus
950 1916 1021 1957 sed
1058 1917 1281 1958 terroribus
1317 1916 1468 1967 facere,
1507 1929 1578 1969 pro
1615 1917 1722 1958 certo

285 2098 304 2131 1
323 2098 391 2132 etsi
409 2098 458 2143 in]
479 2100 514 2132 et
533 2099 606 2132 sine
624 2098 658 2133 R
753 2099 774 2133 3
792 2098 937 2133 audient
958 2099 1038 2140 PR,
1058 2109 1120 2133 nos
1139 2099 1268 2133 audent
1286 2111 1306 2134 v
1400 2100 1520 2134 uenire
1538 2099 1724 2141 CLPRV‚

215 2154 312 2189 adire
332 2155 384 2200 Qv
487 2155 544 2200 ad]
563 2155 604 2190 de
623 2156 657 2191 R
765 2156 911 2190 ecclesia
929 2156 959 2191 C
1065 2157 1087 2191 4
1105 2157 1232 2191 climen
1251 2157 1302 2191 L¹
1413 2158 1613 2192 accedentes
1633 2158 1676 2192 0¹

216 2212 276 2246 sed
294 2223 374 2256 emp.
394 2213 424 2248 C
526 2213 547 2246 6
565 2224 626 2258 pro
645 2224 689 2248 ex
706 2224 767 2258 per
786 2214 815 2248 C
918 2214 937 2248 7
956 2214 1050 2248 enim
1068 2225 1134 2249 om.
1153 2214 1226 2249 LP
1318 2215 1395 2249 fons
1415 2215 1449 2249 L
1542 2215 1723 2250 accedenti

216 2271 280 2303 aut
298 2270 409 2314 capud
427 2271 471 2305 0¹
600 2272 621 2306 8
639 2272 859 2305 aceruissimi
877 2272 926 2306 M
941 2272 1186 2316 (acerbissima
1208 2272 1252 2317 Q)
1370 2274 1406 2306 et
1423 2273 1638 2317 grauissima
1656 2284 1720 2308 om.

217 2328 302 2362 LM
317 2329 410 2372 (each.
435 2329 480 2373 Q)
612 2329 633 2363 9
652 2329 864 2374 ingeruntur
880 2341 901 2365 υ
1017 2330 1168 2374 experiri
1185 2341 1250 2364 om.
1263 2331 1309 2364 *V
1432 2331 1476 2364 10
1492 2331 1659 2364 ucniaent
1678 2331 1722 2371 L,

216 2385 362 2419 uenient
379 2386 409 2420 C
509 2387 596 2431 esse]
614 2388 726 2421 tuisse
745 2387 773 2422 G
878 2388 919 2421 11
939 2387 1101 2421 adferant
1118 2398 1208 2422 corr.
1228 2388 1269 2422 in
1286 2387 1436 2422 offerant
1454 2388 1484 2423 C
1579 2389 1622 2422 12
1640 2388 1723 2423 fluc-

215 2444 294 2476 tum
311 2444 346 2477 L
462 2444 608 2478 ecclesia
627 2445 694 2478 stic
713 2444 757 2486 L,
777 2444 994 2479 eclesiastico
1013 2446 1056 2486 P,
1075 2445 1308 2480 ecclesiastici
1331 2446 1360 2490 Q
1486 2447 1528 2481 12
1547 2448 1723 2491 episcopa-

215 2501 274 2534 tus
294 2500 324 2545 Q
395 2502 438 2535 13
452 2502 647 2546 patientiae
665 2504 700 2536 et
718 2513 796 2546 emp.
814 2503 850 2544 0,
869 2503 911 2537 in
927 2514 1037 2548 marg).
1057 2503 1253 2547 patientiae
1325 2504 1458 2548 nostra]
1478 2506 1600 2538 sancta
1614 2504 1677 2539 GR

217 2558 262 2592 14
279 2569 395 2593 omnes
413 2570 478 2593 om.
498 2560 526 2594 C
646 2560 689 2595 15
706 2560 933 2595 obmilitones
954 2561 990 2596 R
1007 2561 1068 2595 sed
1086 2561 1129 2595 ob
1146 2562 1188 2595 in
1205 2572 1276 2595 ras.
1399 2562 1441 2595 1ss
1460 2562 1624 2596 conclude
1643 2563 1678 2597 R

216 2615 387 2650 dissimili
405 2617 440 2651 L
567 2618 614 2662 et]
634 2628 673 2652 ac
691 2617 756 2653 CR
888 2619 929 2652 17
949 2619 1075 2663 etiam]
1094 2619 1164 2652 iam
1182 2619 1212 2653 C
1339 2619 1546 2654 commissa*
1571 2619 1600 2664 Q
1619 2622 1723 2662 (com-

217 2673 325 2708 misse
341 2675 401 2719 M)
508 2675 551 2709 18
570 2686 676 2720 quam
693 2675 797 2720 quod]
817 2686 923 2720 quam
941 2676 1028 2711 CRv
1134 2677 1177 2710 19
1195 2676 1418 2710 dimittendis
1441 2676 1476 2711 V
1573 2688 1677 2721 p*ene
1696 2677 1727 2712 C'

217 2730 232 2764 1
251 2741 340 2765 eras.
451 2733 528 2777 ipso
546 2733 593 2767 M
609 2733 699 2777 (ipse
721 2732 763 2778 Q)
879 2733 923 2767 21
942 2733 1199 2778 satisfactione]
1219 2733 1373 2767 factione
1392 2734 1422 2769 C
1529 2734 1573 2768 23
1591 2735 1664 2779 aut]
1684 2737 1725 2768 ut

219 2787 285 2822 isti
303 2789 332 2823 C
346 2789 409 2824 sed
426 2789 490 2823 isti
507 2801 533 2824 s.
553 2791 575 2824 l.
702 2802 737 2825 se
755 2801 821 2826 om.
840 2791 928 2835 1³9²
947 2792 1041 2834 (each.
1065 2791 1111 2835 Q)
1236 2791 1288 2825 ibi
1305 2791 1354 2825 M
1368 2791 1453 2835 (sibi
1476 2791 1517 2836 Q)
1643 2793 1722 2836 non]

219 2856 302 2879 nam
320 2846 357 2888 C,
377 2857 445 2881 non
463 2847 626 2891 precibus
645 2848 680 2883 R
773 2848 819 2883 24
835 2849 871 2882 et
889 2848 1198 2883 satisfactionibus
1217 2859 1282 2883 om.
1302 2849 1336 2883 L
1430 2851 1525 2884 certe
1543 2849 1587 2884 0¹
