1838 3152
551 261 790 305 Epistulae
814 260 1010 295 LXXIII.
1036 271 1063 295 c.
1091 261 1235 296 18—22.
1552 263 1635 306 795

142 364 293 406 6661606
327 363 431 406 dicit
462 375 578 418 posse
610 363 814 418 proficere,
851 363 1027 418 gloriam
1059 364 1116 405 eis
1149 366 1191 405 et
1220 375 1407 406 coronam
1436 365 1635 418 passionis

137 432 367 488 adsignant.
399 432 506 485 quod
527 432 562 474 si
584 431 790 474 haeretico
817 443 890 473 nec
918 431 1127 485 baptisma
1155 431 1344 485 publicae
1372 432 1635 476 confessionis

138 502 179 544 et
200 500 416 555 sanguinis
445 499 636 555 proficere
656 500 707 541 ad
727 500 905 542 salutem
925 501 1074 553 potest,
1104 500 1201 553 quia
1229 500 1340 542 salus
1367 502 1480 542 extra
1505 501 1634 543 eccle-

141 569 246 612 siam
275 582 354 611 non
375 570 451 620 est,
482 569 634 622 quanto
661 568 796 623 magis
818 567 855 610 ei
875 567 980 609 nihil
1008 567 1202 621 proderit,
1233 568 1268 610 si
1289 568 1332 610 in
1351 568 1511 611 latebra
1531 571 1572 611 et
1591 570 1634 611 in

104 653 115 674 ε
143 637 350 679 latronum
379 637 573 691 spelunca
600 636 808 678 adulterae
835 648 964 689 aquae
992 636 1179 691 contagio
1199 636 1353 678 tinctus
1373 649 1451 679 non
1471 638 1635 679 tantum

137 707 306 760 peccata
327 706 500 759 antiqua
519 716 600 747 non
621 705 864 759 exposuerit,
893 705 965 746 sed
986 704 1119 746 adhuc
1138 704 1275 758 potius
1296 717 1400 747 noua
1420 706 1461 747 et
1481 706 1635 748 maiora

136 774 440 816 cumulauerit‘?
475 785 599 827 quare
626 773 832 826 baptisma
859 773 976 815 nobis
1004 774 1046 815 et
1066 772 1281 815 haereticis
1309 785 1520 816 commune
1547 787 1634 817 esse

135 854 215 884 non
242 843 389 896 potest,
425 854 520 884 cum
549 841 697 895 quibus
725 854 798 884 nec
824 843 942 895 pater
968 842 1079 883 Deus
1108 853 1182 884 nec
1208 840 1319 884 filius
1347 839 1534 884 Christus
1561 856 1634 885 nec

135 912 301 953 sanctus
320 910 489 964 spiritus
509 922 583 952 nec
602 910 701 952 fides
729 922 802 953 nec
823 911 993 953 ecclesia
1014 911 1103 964 ipsa
1123 911 1351 952 communis
1371 912 1445 952 est.
1482 913 1524 953 et
1543 911 1633 953 ideo

90 995 121 1019 10
134 979 336 1032 baptizari
363 990 430 1020 eos
457 980 616 1032 oportet
636 979 706 1032 qui
728 978 777 1020 de
796 979 954 1021 haeresi
975 979 1027 1021 ad
1048 979 1262 1021 ecclesiam
1282 980 1466 1030 ueniunt,
1494 981 1542 1021 ut
1563 980 1633 1033 qui

134 1049 322 1103 legitimo
359 1049 400 1090 et
435 1060 530 1090 uero
571 1047 702 1101 adque
742 1048 861 1089 unico
901 1048 1065 1089 sanctae
1105 1048 1298 1090 ecclesiae
1336 1048 1542 1101 baptismo
1581 1048 1634 1090 ad

135 1130 309 1173 regnum
328 1117 405 1158 Dei
436 1117 743 1171 regeneratione
765 1116 907 1158 diuina
927 1118 1224 1169 praeparantur
1243 1118 1497 1158 sacramento
1519 1117 1632 1158 utro-

135 1199 213 1240 que
243 1186 474 1236 nascantur,
517 1185 613 1238 quia
642 1185 843 1239 scriptum
874 1186 955 1227 est:
996 1185 1100 1226 nisi
1139 1185 1251 1238 quis
1288 1187 1440 1227 natus
1470 1184 1634 1227 fuerit

134 1267 187 1297 ex
208 1267 335 1308 aqua
354 1254 404 1295 et
424 1254 636 1307 spiritu,
667 1265 762 1295 non
782 1255 956 1307 potest
976 1253 1196 1295 introire
1218 1253 1270 1295 in
1292 1266 1504 1308 regnum
1526 1253 1629 1295 Dei.

88 1339 120 1364 1⁵
192 1322 280 1374 Quo
301 1323 343 1364 in
364 1323 451 1364 loco
472 1322 653 1376 quidam,
681 1322 799 1376 quasi
820 1334 1015 1364 euacuare
1035 1322 1194 1375 possint
1214 1322 1394 1364 humana
1414 1335 1631 1376 argumen-
1647 1327 1699 1366 22

134 1393 290 1434 tatione
318 1392 633 1446 praedicationis
662 1391 922 1445 euangelicae
951 1391 1183 1441 ueritatem,
1215 1392 1490 1433 catecuminos
1515 1391 1632 1433 nobis

110 1462 355 1514 -opponunt,
385 1460 420 1501 si
442 1460 534 1514 quis
555 1472 602 1502 ex
623 1460 688 1502 his
719 1462 939 1513 antequam
958 1460 1000 1502 in
1022 1460 1192 1502 ecclesia
1220 1460 1452 1513 baptizetur
1472 1460 1516 1501 in
1536 1472 1632 1502 con-

135 1528 309 1571 fessione
331 1529 509 1571 nominis
529 1529 806 1582 adprehensus
826 1529 953 1571 fuerit
973 1531 1014 1571 et
1029 1530 1198 1579 occisus,
1220 1542 1271 1571 an
1292 1541 1406 1583 spem
1428 1529 1574 1570 salutis
1590 1530 1631 1571 et

135 1597 364 1650 praemium
397 1597 660 1640 confessionis
690 1598 872 1649 amittat,
904 1610 949 1640 eo
978 1598 1085 1651 quod
1113 1610 1160 1639 ex
1188 1610 1292 1651 aqua
1322 1598 1434 1651 prius
1465 1609 1544 1639 non
1574 1599 1630 1640 sit

86 1682 119 1708 20
134 1667 311 1708 renatus.
346 1666 478 1708 sciant
497 1667 628 1721 igitur
649 1667 850 1709 eiusmodi
871 1666 1056 1709 homines
1077 1667 1367 1721 suffragatores
1389 1668 1430 1709 et
1450 1667 1631 1708 fautores

133 1734 433 1777 haereticorum
454 1735 730 1777 catecuminos
750 1735 845 1777 illos
867 1735 999 1789 primo
1021 1736 1225 1790 integram
1242 1736 1363 1777 fidem
1381 1737 1422 1777 et
1439 1736 1630 1777 ecclesiae

133 1805 355 1846 ueritatem
384 1806 521 1846 tenere
543 1804 585 1846 et
605 1805 656 1846 ad
677 1804 968 1846 debellandum
999 1805 1209 1846 diabolum
1231 1805 1280 1846 de
1302 1805 1455 1847 diuinis
1485 1805 1630 1846 castris

134 1886 228 1915 cum
263 1873 385 1927 plena
419 1874 462 1915 et
496 1874 654 1915 sincera
686 1874 764 1915 Dei
799 1874 929 1927 patris
965 1875 1006 1915 et
1036 1873 1188 1915 Christi
1225 1876 1266 1915 et
1297 1874 1466 1927 spiritus
1501 1873 1631 1915 sancti

134 1942 366 1996 cognitione
401 1942 627 1995 procedere,
664 1942 810 1984 deinde
841 1955 914 1985 nec
946 1943 1099 1997 priuari
1138 1942 1331 1995 baptismi
1368 1942 1631 1994 sacramento,

271 2067 289 2100 1
316 2066 358 2101 cf.
385 2065 403 2100 I
429 2066 507 2102 Cor.
534 2066 587 2107 13,
613 2066 645 2100 3.
742 2067 784 2101 13
809 2066 859 2101 Io.
885 2067 918 2108 3,
942 2067 973 2100 5.

202 2179 220 2213 1
240 2179 354 2214 066160
372 2179 408 2214 Β
576 2180 688 2224 posse]
706 2191 769 2224 pro
787 2190 823 2214 se
843 2180 876 2214 Τ
1040 2181 1089 2214 616
1107 2183 1143 2214 et
1159 2180 1195 2214 P
1210 2181 1252 2214 in
1268 2189 1339 2214 ras.
1360 2190 1394 2213 m
1410 2181 1447 2222 2,
1466 2179 1542 2213 eius
1560 2178 1588 2213 C

133 2237 155 2271 2
172 2236 340 2281 adsignat
358 2237 404 2279 Β,
422 2237 610 2282 adsignent
632 2237 679 2272 T*
850 2237 1041 2272 haereticis
1059 2248 1105 2272 ex
1122 2237 1301 2272 haeretica
1317 2237 1347 2272 C
1511 2226 1536 2270 '3
1553 2246 1632 2269 san-

131 2294 212 2339 guis
231 2294 265 2328 L
436 2295 521 2339 quia
538 2306 584 2329 ex
600 2305 686 2338 qua·-
710 2295 743 2329 Τ
915 2295 1026 2339 extra]
1045 2296 1167 2329 contra
1185 2294 1221 2328 B
1396 2294 1419 2328 4
1435 2293 1482 2337 ei]
1500 2295 1537 2327 et
1552 2293 1632 2333 BT,

132 2351 183 2385 eis
201 2361 246 2385 ex
263 2352 299 2385 et
316 2351 345 2387 G
472 2351 638 2396 proderat
655 2352 698 2386 0¹
839 2352 862 2386 5
879 2351 1041 2386 adultera
1059 2362 1099 2386 ea
1116 2362 1205 2396 quae
1223 2351 1295 2386 LP
1422 2350 1633 2394 contagione

133 2407 274 2443 BCT’v
423 2408 559 2443 tinctus
578 2420 624 2443 ex
640 2408 758 2443 cintus
776 2409 804 2444 C
953 2409 975 2443 8
992 2419 1060 2443 non
1077 2411 1195 2454 potcst
1212 2420 1287 2443 esse
1304 2408 1333 2443 C
1476 2407 1632 2442 christus

132 2464 230 2498 filius
247 2465 277 2500 G
429 2466 451 2500 9
468 2455 708 2510 εῇἶεᾶενΟΝυ
861 2477 924 2500 1166
942 2466 1100 2510 ecclesia]
1119 2466 1155 2499 in
1173 2465 1321 2500 ecclesia
1338 2465 1368 2500 C
1519 2465 1563 2498 10
1579 2474 1631 2497 re-

133 2520 310 2565 baptizari
326 2531 383 2556 eos
400 2533 469 2557 non
487 2523 523 2557 B
689 2526 730 2558 ut
747 2523 824 2567 qui]
841 2523 913 2557 nisi
930 2523 1171 2568 paenitentiae
1189 2522 1225 2556 B
1394 2522 1435 2556 11
1454 2521 1630 2565 legitimo]

132 2578 309 2623 baptismo
326 2578 410 2614 add.
431 2579 466 2614 B
590 2583 711 2616 sancto
728 2581 758 2616 C
887 2580 930 2615 12
947 2580 1192 2624 regneratione
1214 2579 1248 2614 T
1367 2581 1535 2623 parantur
1558 2579 1589 2612 T

134 2635 178 2669 13
193 2638 362 2670 nascatur
380 2637 409 2671 C
562 2640 707 2672 renatus
724 2638 824 2673 CT²v
988 2638 1030 2672 14
1048 2625 1120 2681 εῇἷ
1130 2625 1233 2671 sffsC
1385 2636 1519 2669 intrare
1537 2636 1586 2668 Cv

134 2692 202 2737 dei]
221 2693 397 2728 caelorum
415 2694 445 2729 C
594 2696 637 2730 15
654 2696 866 2739 argumenta
881 2695 1019 2730 ratione
1037 2695 1071 2729 L
1225 2694 1267 2728 16
1284 2695 1527 2727 catecumenos
1545 2691 1628 2731 LN,

133 2749 391 2784 cathicuminos
413 2751 446 2786 T
589 2752 630 2786 17
648 2752 719 2797 his]
738 2753 788 2787 eis
806 2753 836 2788 C
972 2753 1009 2787 in
1027 2752 1171 2786 ecclesia
1190 2762 1255 2786 om.
1277 2751 1305 2785 C
1447 2749 1493 2783 20
1509 2749 1631 2783 huius-

134 2806 228 2842 modi
249 2819 267 2843 v
375 2809 412 2842 et
429 2807 580 2843 factores
598 2810 628 2844 G
634 2813 658 2851 ¹,
677 2820 742 2844 om.
762 2810 798 2845 B
911 2810 954 2844 21
973 2809 1233 2844 cathecuminos
1251 2809 1322 2843 PT
1435 2807 1480 2840 22
1497 2805 1630 2840 bellan-

134 2863 216 2899 dum
236 2865 337 2900 C¹P¹
349 2865 382 2898 T
389 2869 395 2886 ¹
541 2866 583 2900 24
601 2865 830 2910 baptismatis
849 2867 879 2902 C
892 2867 941 2901 tis
957 2877 985 2901 ε.
1004 2867 1026 2901 l.
