1838 3152
577 229 812 274 Epistulae
836 229 1103 264 XXXVIIII.
1130 240 1159 264 c.
1184 230 1202 263 1
1219 230 1284 265 04.
1592 230 1677 273 583

183 335 273 389 quis
294 334 400 388 quod
417 333 534 376 audit
549 334 591 375 et
606 333 755 375 uideat.
780 334 822 375 in
838 345 954 376 seruo
966 334 1042 375 Dei
1064 334 1281 376 uictoriam
1304 334 1436 389 gloria
1459 334 1675 376 uulnerum

181 403 290 457 fecit,
314 403 486 458 gloriam
508 402 745 444 cicatricum
767 403 963 443 memoria
983 402 1175 444 custodit.

235 472 320 514 Nec
348 471 461 513 rudis
486 471 564 513 iste
585 472 656 513 aut
676 483 804 513 nouus
826 471 889 512 est
909 470 952 512 in
973 470 1157 512 Celerino
1179 470 1389 512 carissimo
1410 470 1548 512 nostro
1570 470 1675 512 titu-
1690 472 1714 512 3

180 541 244 583 lus
265 540 502 595 gloriarum.
525 553 597 595 per
617 540 794 595 uestigia
813 540 1067 594 cognationis
1088 553 1184 582 suae
1207 540 1406 594 graditur,
1438 540 1676 592 parentibus

151 624 165 648 ⁵
179 622 225 652 ac
245 609 483 664 propinquis
505 609 590 651 suis
610 609 757 651 honore
779 609 983 651 consimili
1004 609 1167 651 diuinae
1188 609 1440 663 dignationis
1461 609 1672 661 aequatur.

177 678 271 721 auia
288 679 376 720 eius
392 678 575 721 Celerina
595 679 678 720 iam
695 678 853 731 pridem
868 678 1064 732 martyrio
1086 680 1277 721 coronata
1292 679 1364 720 est.
1387 678 1487 719 item
1504 678 1675 731 patruus

177 748 263 789 eius
298 748 340 789 et
373 747 599 789 auunculus
633 747 906 789 Laurentinus
946 749 987 788 et
1023 747 1226 801 Egnatius
1261 747 1304 788 in
1339 746 1483 788 castris
1519 747 1560 787 et
1594 746 1675 799 ipsi

175 816 381 870 quondam
402 815 680 857 saecularibus
701 815 943 866 militanteS‚
971 816 1042 857 sed
1062 816 1148 858 ueri
1171 817 1212 858 et
1234 815 1442 870 spiritales
1463 815 1539 857 Dei
1560 814 1675 856 mili-

174 887 249 935 tes,
267 885 365 927 dum
382 885 593 927 diabolum
610 883 762 926 Christi
779 884 1027 926 confessione
1043 886 1315 939 prosternunt,
1333 885 1492 938 palmas
1507 882 1675 925 Domini

130 967 162 992 10
176 956 217 996 et
238 966 404 996 coronas
433 953 599 995 inlustri
627 953 811 1006 passione
833 956 1081 995 meruerunt.
1112 954 1313 996 sacrificia
1333 966 1405 1007 pro
1427 953 1486 995 eis
1511 965 1675 1006 semper

174 1025 220 1065 ut
242 1023 503 1076 meministis,
540 1021 762 1073 offerimus,
796 1022 982 1075 quotiens
1016 1024 1246 1077 martyrum
1281 1022 1486 1076 passiones
1517 1023 1558 1063 et
1588 1021 1675 1063 dies

173 1092 456 1134 anniuersaria
485 1090 868 1133 commemoratione
890 1091 1153 1133 celebramus.
1183 1103 1256 1133 nec
1277 1092 1451 1145 degener
1471 1103 1567 1146 ergo
1588 1103 1675 1133 esse

174 1173 248 1203 nec
276 1160 410 1203 minor
439 1161 598 1214 poterat
619 1173 739 1214 quem
762 1159 820 1202 sic
842 1160 1078 1202 domesticis
1100 1160 1298 1213 exemplis
1319 1160 1491 1202 uirtutis
1512 1172 1560 1202 ac
1579 1159 1675 1202 fidei

172 1229 418 1284 prouocabat
454 1229 637 1271 familiae
672 1229 854 1284 dignitas
885 1230 927 1271 et
955 1241 1149 1285 generosa
1184 1229 1394 1271 nobilitas
1431 1229 1539 1282 quod
1568 1229 1604 1271 si
1632 1229 1675 1271 in
1726 1242 1731 1245 ·

128 1311 158 1335 15
172 1298 333 1341 familia
374 1298 571 1340 saeculari
610 1298 926 1352 praedicationis
962 1299 1003 1339 et
1038 1298 1175 1340 laudis
1216 1300 1278 1340 est
1313 1310 1400 1339 esse
1439 1298 1674 1351 patricium,

171 1369 322 1421 quanto
343 1368 510 1410 maioris
531 1368 666 1409 laudis
685 1368 726 1409 et
742 1367 905 1409 honoris
927 1368 988 1409 est
1009 1367 1096 1410 fieri
1118 1367 1160 1409 in
1181 1367 1349 1410 caelesti
1370 1367 1675 1422 praedicatione

169 1449 421 1492 generosum.
452 1449 532 1478 non
561 1437 725 1479 inuenio
753 1450 874 1490 quem
896 1436 1120 1478 beatiorem
1143 1437 1278 1492 magis
1299 1437 1447 1488 dicam,
1481 1439 1676 1479 utrumne

170 1506 263 1547 illos
293 1506 343 1547 de
374 1506 615 1559 posteritate
650 1508 737 1548 tam
770 1507 880 1549 clara
917 1520 968 1549 an
999 1506 1108 1549 hunc
1135 1507 1183 1548 de
1204 1507 1361 1562 origine
1390 1507 1581 1562 gloriosa.
1615 1506 1676 1549 ita

173 1576 400 1629 aequaliter
430 1576 539 1629 apud
570 1588 636 1617 eos
668 1577 842 1619 recurrit
871 1578 912 1619 et
942 1578 1144 1619 commeat
1177 1577 1318 1619 diuina
1348 1577 1535 1632 dignatio
1567 1576 1614 1617 ut
1634 1577 1676 1617 et

124 1655 156 1681 20
170 1644 337 1686 illorum
377 1656 565 1687 coronam
605 1645 787 1701 dignitas
828 1646 979 1688 sobolis
1019 1646 1215 1688 inlustret
1255 1647 1296 1688 et
1331 1646 1455 1688 huius
1495 1646 1673 1701 gloriam

170 1713 405 1756 sublimitas
426 1714 586 1769 generis
608 1714 841 1757 inluminet.

225 1783 349 1825 Hunc
364 1784 416 1825 ad
432 1795 517 1834 nos,
540 1783 687 1825 fratres
707 1784 978 1835 dilectissimi,
1002 1797 1096 1826 cum
1112 1785 1229 1827 tanta
1246 1785 1413 1827 Domini
1435 1784 1672 1840 dignatione
1688 1783 1711 1823 4

169 1852 415 1903 uenientem,
445 1853 680 1895 testimonio
708 1855 750 1895 et
778 1854 975 1896 miraculo
1005 1854 1093 1896 eius
1123 1853 1252 1908 ipsius
1282 1854 1416 1908 quise
1436 1855 1672 1908 persecutus

168 1921 304 1964 fuerat
333 1922 564 1974 inlustrem,
598 1922 697 1976 quid
729 1923 843 1965 aliud
875 1936 997 1977 quam
1027 1936 1147 1977 super
1175 1923 1384 1977 pulpitum
1405 1923 1447 1965 id
1469 1924 1531 1965 est
1552 1936 1673 1977 super

124 1990 156 2017 ²⁵
171 1991 353 2033 tribunal
386 1991 579 2034 ecclesiae
599 1993 814 2045 oportebat
834 1992 986 2046 inponi,
1017 1995 1067 2035 ut
1086 1993 1165 2035 loci
1186 1993 1346 2035 altioris
1368 1993 1553 2036 celsitate
1574 1992 1671 2035 sub-

168 2059 286 2102 nixus
304 2061 345 2102 et
359 2060 469 2114 plebi
487 2061 703 2104 uniuersae
723 2073 794 2115 pro
814 2061 980 2104 honoris
1002 2063 1065 2104 sui
1087 2062 1278 2105 claritate
1299 2063 1538 2116 conspicuus
1560 2062 1672 2117 legat

237 2270 255 2303 1
274 2269 462 2304 uictoriam
487 2270 640 2315 gloriam
666 2271 850 2306 uulnerum
876 2271 1061 2306 uulnerum
1083 2271 1113 2306 0
1126 2270 1189 2306 sed
1206 2271 1364 2306 alterum
1384 2270 1570 2305 uulnerum
1588 2282 1668 2315 exp.

166 2338 210 2361 m.
228 2329 255 2362 2
377 2328 400 2362 2
417 2318 503 2363 fecit
519 2328 636 2373 gloria
658 2329 688 2365 C
703 2340 732 2364 s.
752 2329 773 2363 l.
900 2328 1017 2373 gloria
1033 2339 1062 2363 c.
1079 2328 1286 2363 memoriam
1308 2329 1412 2364 CNR
1428 2329 1503 2363 m'si
1519 2328 1615 2373 qaod
1632 2329 1676 2364 N

165 2384 316 2428 gloriam
333 2396 376 2419 m.
397 2389 417 2420 1
535 2387 558 2420 3
575 2387 651 2431 aut]
671 2397 711 2421 ac
732 2387 763 2422 Ο
883 2388 905 2421 4
923 2386 1139 2431 cognitionis
1162 2387 1191 2421 C
1197 2388 1206 2404 ¹
1322 2387 1344 2421 5
1360 2386 1557 2421 consimilis
1580 2387 1623 2421 C·

165 2442 186 2475 6
203 2443 368 2476 coronata
393 2444 447 2477 est
464 2443 498 2477 L
522 2454 549 2478 8.
568 2443 591 2478 l.
608 2455 653 2478 m.
672 2445 698 2478 2
822 2444 841 2478 7
866 2443 1066 2479 laurentius
1084 2455 1104 2479 v
1220 2444 1382 2489 ignatius
1398 2443 1473 2489 ΝΩ
1588 2445 1610 2479 8
1633 2447 1669 2478 ct

165 2510 231 2534 om.
249 2499 285 2534 R
376 2502 398 2535 9
421 2500 639 2536 diabolorum
657 2501 694 2537 R
785 2502 1017 2546 confessione]
1041 2503 1287 2546 congressione
1309 2501 1344 2536 V
1433 2490 1668 2541 dffi'CLNV,

165 2566 186 2590 a
202 2545 365 2602 ᾶῖιῖἷΡῼ,
382 2546 500 2593 ὼΤὸΒ
582 2559 626 2593 10
638 2569 800 2594 coronam
815 2559 850 2594 R
930 2560 974 2593 12
991 2559 1273 2594 commemoratio
1288 2559 1324 2593 R
1401 2558 1572 2603 degenere
1587 2558 1623 2593 R

165 2623 238 2647 esse
256 2614 327 2649 iam
350 2615 384 2650 V
481 2616 524 2650 14
541 2616 573 2650 si
589 2627 654 2651 om.
674 2617 709 2651 L
812 2616 853 2650 17
872 2627 1082 2661 generorum
1098 2616 1134 2651 R
1225 2617 1410 2650 utrumnec
1433 2616 1477 2650 (7¹
1572 2615 1615 2649 19
1632 2618 1667 2648 et

168 2672 353 2716 commeat]
384 2674 425 2706 ut
453 2661 620 2708 cffieaad
650 2674 680 2710 C
807 2673 854 2708 20
876 2673 1008 2708 sobolis
1101 2673 1253 2717 gloriam
1283 2683 1349 2707 om.
1369 2672 1424 2715 L‚·
1454 2671 1585 2706 sobolis

166 2727 371 2763 sublimitas
389 2740 455 2764 om.
473 2730 509 2765 R
616 2730 749 2766 subolis
773 2731 812 2773 V,
832 2729 950 2765 sobole
975 2732 1017 2766 (3¹
1133 2730 1178 2765 24
1196 2729 1314 2764 fuerat
1329 2731 1535 2774 persecutus
1558 2729 1621 2764 CR.

164 2795 268 2828 quam
286 2796 330 2820 ex
347 2797 414 2830 que
437 2787 467 2821 C
580 2787 630 2832 id]
648 2788 714 2823 hoc
736 2788 802 2824 CR
916 2788 961 2823 26
979 2788 1102 2823 honori
1121 2787 1169 2828 R,
1187 2787 1284 2821 horis
1307 2788 1352 2822 C¹
1461 2786 1491 2820 si
1509 2786 1610 2831 legat
1628 2787 1665 2827 0,

167 2841 264 2886 legat
281 2844 316 2876 et
338 2843 368 2887 Q
385 2843 500 2888 (legat
518 2844 577 2889 M)
