1912 3152
495 286 550 318 ln·
575 296 705 329 ops-rc
731 287 773 319 ct
797 285 1095 330 eleemosynis
1122 300 1147 320 c.
1180 288 1322 321 lli—1³¹.
1573 289 1655 330 387

153 390 226 430 ris
258 401 355 429 non
387 388 614 430 deficiet
645 389 696 430 et
727 401 967 441 capsaces
998 390 1097 431 olei
1139 403 1234 431 non
1266 391 1469 432 minuet
1501 404 1657 445 usque

153 456 204 499 i'n
236 457 369 498 diem
402 469 498 510 quo
530 456 678 498 dabit
709 457 959 499 Dominus
1001 458 1221 499 imbrem
1262 471 1411 512 super
1450 460 1655 501 terram.

153 526 376 568 secundum
399 525 562 567 diuinae
583 525 896 579 pollicitationis
918 526 1041 567 fidem
1063 527 1345 580 multiplicata
1376 531 1472 569 sunt
1504 528 1655 571 uiduae

153 598 194 637 et
215 595 426 636 cumulata
446 607 549 648 quae
585 594 796 647 praestitit
832 596 873 636 et
908 595 1098 648 operibus
1135 595 1256 637 iustis
1286 608 1331 637 ac
1353 596 1658 639 misericordiae

108 673 121 696 ⁵»
154 664 313 705 meritis
350 666 574 718 augmenta
610 665 651 706 et
686 664 936 706 incrementa
971 664 1230 706 sumentibus
1253 665 1373 706 farris
1396 667 1437 707 et
1458 665 1535 707 olei
1560 678 1659 707 uasa

154 733 340 786 conpleta
375 734 482 774 sunt.
515 745 588 774 nec
624 732 721 774 filiis
758 732 932 774 abstulit
965 735 1098 775 mater
1119 733 1225 785 quod
1248 733 1394 774 Heliae
1416 733 1553 781 dedit,
1586 734 1655 774 sed

154 801 286 855 magis
307 801 483 843 contulit
504 801 601 842 filiis
623 801 729 854 quod
751 801 924 856 benigne
959 803 1000 843 et
1036 802 1102 854 pie
1136 801 1245 843 fecit.
1289 803 1330 843 et
1365 801 1440 843 illa
1476 803 1654 844 nondum

153 870 361 912 christum
386 870 561 918 sciebat,
594 870 774 911 nondum
812 872 1026 924 praecepta
1062 870 1150 912 eius
1186 870 1389 916 audierat,
1424 882 1503 912 non
1539 884 1657 912 cruce

153 942 192 980 ct
215 939 400 992 passione
423 939 510 980 eius
533 938 746 991 redempta
767 938 906 981 cibum
930 942 971 981 et
993 941 1136 992 potum
1159 951 1229 992 pro
1247 940 1444 994 sanguine
1461 939 1658 993 repende-

106 1024 137 1048 ιο
151 1009 241 1054 bat,
276 1011 322 1049 ut
343 1021 389 1049 ex
411 1007 487 1049 hoc
514 1010 707 1061 appareat
739 1009 939 1060 quantum
977 1008 1018 1049 in
1056 1008 1226 1049 ecclesia
1258 1010 1396 1061 peccet
1433 1009 1502 1062 qui
1539 1021 1581 1050 se
1618 1010 1659 1049 et

154 1077 261 1118 filios
292 1076 454 1118 Christo
487 1077 734 1129 anteponens
765 1076 936 1119 diuitias
968 1090 1062 1118 suas
1094 1079 1231 1119 seruat
1261 1090 1332 1119 nec
1363 1077 1659 1130 patrimonium

152 1144 359 1198 copiosum
382 1159 476 1186 cum
499 1145 776 1200 indigentium
799 1148 1040 1199 paupertate
1064 1146 1351 1188 communicat.

210 1212 288 1254 Sed
311 1213 418 1255 enim
441 1214 564 1255 multi
589 1216 684 1256 sunt
706 1215 747 1256 in
769 1215 889 1256 domo
912 1214 1029 1256 liberi
1054 1216 1094 1256 et
1116 1215 1298 1257 retardat
1321 1217 1361 1256 te
1384 1218 1657 1258 numerositas

151 1282 328 1323 filiorum
354 1283 572 1334 quominus
595 1283 766 1337 largiter
785 1283 900 1324 bonis
918 1283 1108 1336 operibus
1131 1284 1311 1325 insistas.
1337 1284 1462 1337 adqui
1479 1285 1554 1326 hoc
1570 1285 1657 1338 ipso

105 1366 130 1389 ι’
149 1351 306 1404 operari
330 1350 509 1404 amplius
531 1350 675 1398 debes,
699 1362 778 1402 quo
801 1350 1030 1391 multorum
1053 1350 1270 1403 pignorum
1293 1353 1411 1403 pater
1433 1364 1486 1392 cs.
1520 1352 1657 1404 plures

151 1421 246 1461 sunt
281 1432 352 1472 pro
390 1419 538 1471 quibus
576 1419 801 1459 Dominum
837 1418 1083 1471 depreceris,
1118 1419 1344 1460 multorum
1376 1419 1528 1462 delicta
1548 1421 1658 1462 redi-

34 1495 40 1568 Ἰ
150 1488 297 1529 menda
317 1494 431 1534 sunt,
480 1487 707 1528 multorum
730 1487 964 1541 purgandae
986 1487 1276 1531 conscientiae,
1310 1488 1535 1529 multorum
1569 1489 1659 1530 ani-

36 1569 41 1633 1
149 1568 239 1597 mae
261 1555 507 1598 liberandae.
540 1564 587 1597 ut
618 1556 660 1597 in
691 1556 766 1597 hac
798 1556 886 1597 uita
917 1555 1117 1598 saeculari
1139 1556 1296 1597 alendis
1328 1556 1660 1610 sustinendisque

150 1625 390 1679 pignoribus
411 1638 491 1678 quo
512 1625 644 1666 maior
664 1628 726 1666 est
747 1637 941 1666 numerus
962 1624 1038 1666 hoc
1059 1624 1190 1666 maior
1211 1626 1252 1666 et
1273 1626 1464 1678 sumptus
1486 1626 1570 1676 est,
1600 1626 1661 1667 ita,

40 1711 44 1736 ·.
105 1697 191 1736 soet
226 1695 268 1737 in
305 1694 393 1735 uita
425 1694 604 1747 spiritali
626 1694 758 1746 adque
795 1694 963 1736 caelesti
995 1705 1074 1747 quo
1097 1693 1272 1746 amplior
1293 1693 1420 1735 fuerit
1440 1694 1660 1749 pignorum

149 1764 266 1818 copia
286 1776 373 1805 esse
395 1764 437 1805 et
457 1775 627 1816 operum
650 1763 772 1804 debet
794 1763 925 1804 maior
946 1763 1127 1815 inpensa.
1161 1762 1220 1804 sic
1258 1762 1329 1804 Iob
1363 1762 1562 1805 sacrificia
1583 1777 1661 1804 nu-

148 1845 306 1875 merosa
328 1844 399 1886 pro
422 1831 563 1873 liberis
586 1831 817 1881 obterebat,
841 1833 1102 1885 quantusque
1124 1832 1210 1873 erat
1232 1832 1274 1872 in
1295 1831 1416 1872 domo
1440 1832 1660 1886 pignorum

144 1914 340 1943 numerus
364 1902 509 1943 tantus
531 1900 709 1942 dabatur
731 1901 815 1943 Deo
838 1903 879 1943 et
901 1914 1097 1943 numerus
1119 1901 1364 1943 hostiarum.
1397 1903 1439 1943 et
1461 1900 1658 1954 quoniam

147 1970 297 2012 cotidie
318 1970 456 2012 deesse
487 1982 566 2012 non
599 1971 732 2022 potest
753 1970 861 2023 quod
883 1972 1074 2023 peccetur
1095 1970 1137 2011 in
1161 1970 1381 2023 conspectu
1401 1969 1501 2019 Dei,
1534 1970 1660 2011 sacri-

100 2055 132 2080 25
146 2038 239 2081 ficia
257 2039 462 2080 cotidiana
498 2052 575 2081 non
614 2040 785 2081 deerant
806 2039 957 2092 quibus
980 2040 1147 2091 possent
1168 2040 1338 2092 peccata
1358 2038 1480 2092 tergi.
1513 2038 1661 2091 probat

146 2107 349 2162 scriptura
389 2107 555 2149 dicens:
612 2108 701 2149 Iob
756 2107 903 2148 homo
958 2120 1110 2148 uerus
1156 2109 1204 2148 et
1254 2107 1429 2148 iustus
1475 2107 1662 2147 habuit

147 2175 292 2217 filios
324 2178 525 2230 septem
557 2179 605 2218 et
636 2177 786 2219 filias
818 2167 923 2217 tres
955 2178 1003 2217 et
1034 2176 1350 2218 emundabat
1380 2176 1504 2218 illos
1535 2175 1661 2216 offe-

148 2258 263 2286 rens
294 2258 382 2297 pro
428 2245 503 2286 eis
549 2245 752 2287 hostias
784 2246 891 2286 Deo
922 2245 1207 2287 secundum
1238 2257 1510 2286 numerum
1542 2245 1661 2286 illo-

148 2327 259 2355 rum
292 2317 340 2355 et
372 2327 457 2368 pro
490 2328 545 2368 pe
562 2315 730 2355 ccatis
777 2326 832 2353 oo
847 2328 897 2355 ru
913 2328 950 2354 m
1001 2314 1230 2355 uitulum
1275 2327 1441 2355 unum.
1496 2314 1527 2354 si
1565 2327 1660 2365 ergo

283 2441 327 2473 26
352 2439 414 2473 Iob
438 2441 464 2479 l,
482 2442 514 2474 2.
532 2442 563 2474 3.
583 2442 615 2473 ἵ).

219 2544 235 2576 1
261 2543 391 2578 deiciet
411 2544 459 2577 G'
546 2546 582 2577 ct
599 2554 763 2587 capsaces
780 2543 850 2577 olci
877 2543 976 2583 WG,
1004 2554 1066 2577 nec
1084 2542 1120 2576 in
1141 2553 1203 2576 uas
1220 2541 1337 2575 oleum
1357 2541 1395 2575 κ’
1479 2542 1660 2576 minuetur

152 2601 205 2633 (iv
298 2599 321 2634 5
345 2600 466 2634 farriis
486 2601 517 2634 G
611 2600 633 2633 6
658 2600 796 2635 cheliac
817 2601 865 2634 G·
962 2600 1003 2634 11
1031 2600 1114 2633 ante
1132 2609 1350 2644 praeponens
1367 2598 1407 2633 F
1484 2599 1526 2633 14
1552 2597 1661 2643 adqui

155 2657 268 2698 WF·,
294 2658 419 2701 atquin
437 2658 499 2698 1⁶²,
526 2660 634 2702 atquc
654 2658 685 2691 G
775 2661 859 2702 post
885 2657 960 2701 ipso
985 2667 1130 2691 erasum
1148 2655 1299 2701 largiter
1317 2656 1358 2690 in
1378 2655 1426 2690 W
1520 2656 1563 2689 15
1587 2666 1661 2690 am-

152 2714 257 2758 plius]
276 2714 469 2758 plurimum
494 2715 525 2749 V
616 2716 698 2760 quo]
717 2715 808 2759 quod
827 2715 951 2749 malim
1044 2713 1232 2758 pignerum
1253 2714 1285 2747 G
1392 2713 1438 2748 18
1465 2713 1661 2748 saecularia

157 2771 218 2805 W¹
292 2772 572 2817 sustentandisq.
593 2773 625 2807 G
708 2773 752 2806 19
776 2772 855 2817 hoc]
876 2782 914 2806 eo
935 2772 968 2805 G
1062 2773 1118 2805 est
1134 2782 1199 2805 om.
1221 2770 1255 2805 G
1348 2770 1392 2804 21
1418 2772 1455 2804 et
1471 2780 1537 2805 om.
1560 2771 1589 2804 G

152 2828 200 2862 sic
217 2831 254 2862 ct
275 2841 293 2863 υ
363 2829 408 2863 25
432 2832 580 2873 possunt
604 2830 648 2872 G,
668 2830 807 2874 possint
824 2830 866 2865 F
937 2829 1031 2869 tergi
1052 2828 1090 2862 F
1103 2831 1135 2862 et
1155 2828 1311 2870 Anam-t.
1333 2828 1353 2861 Ι.
1373 2839 1400 2862 c.
1428 2827 1490 2862 IV.
1515 2831 1566 2866 10,
1586 2833 1657 2868 πέλ,

151 2886 282 2931 tergeri
303 2887 407 2920 Wslr
478 2888 522 2920 2⁶⁰»
547 2887 724 2930 scriptura
741 2887 866 2921 ‹liuina
887 2899 902 2918 e·

1306 2945 1360 2979 ds,
1371 2944 1391 2965 ss

1681 1214 1728 1253 18
