1912 3152
464 805 577 868 AD
634 804 1264 869 FORTVNATVM.

166 958 460 1041 Desiderasti‚
493 990 715 1031 Fortunate
752 990 981 1041 carissime,
1023 991 1068 1032 ut
1104 989 1299 1043 quoniam
1334 995 1653 1044 pressurarum!

109 1062 150 1104 et
170 1060 499 1115 persecutionum
514 1059 670 1113 pondus
693 1059 896 1101 incumbit
918 1059 958 1101 et
978 1059 1021 1100 in
1042 1059 1119 1101 fine
1141 1058 1272 1113 adque
1292 1058 1335 1100 in
1356 1071 1616 1102 consumma-

108 1129 216 1172 tione
238 1128 382 1171 mundi
404 1128 638 1170 antichristi
661 1129 825 1181 tempus
848 1128 1046 1170 infestum
1070 1128 1395 1182 adpropinquare
1417 1128 1502 1171 iam
1523 1140 1614 1170 coe-

61 1217 75 1242 s
107 1199 192 1254 pit,
222 1198 272 1240 ad
294 1198 591 1252 praeparandas
614 1198 655 1239 et
677 1196 990 1239 corroborandas
1013 1196 1188 1238 fratrum
1210 1197 1367 1238 mentes
1389 1197 1438 1239 de
1460 1196 1614 1239 diuinis

106 1267 319 1322 scripturis
371 1266 630 1308 hortamenta
683 1278 949 1319 conponerem
987 1266 1136 1319 quibus
1178 1264 1334 1307 milites
1371 1264 1526 1308 Christi
1562 1266 1614 1308 ad

106 1337 291 1391 spiritale
327 1337 368 1378 et
404 1336 577 1379 caeleste
613 1336 820 1378 certamen
857 1336 1093 1377 animarem.
1127 1336 1494 1389 obtemperandum
1532 1335 1615 1377 fuit

106 1406 304 1449 desiderio
342 1406 412 1447 tuo
449 1406 536 1447 tam
573 1405 818 1455 necessarie,
854 1406 898 1446 ut
929 1407 1131 1458 quantum
1163 1404 1318 1447 sufficit
1350 1404 1615 1447 mediocritas

104 1477 243 1518 nostra
264 1475 416 1517 auxilio
438 1474 601 1516 diuinae
623 1475 904 1527 inspirationis
945 1474 1147 1516 instructa
1177 1474 1296 1527 quasi
1318 1486 1432 1516 arma
1454 1487 1500 1516 ac
1521 1487 1616 1515 mu-

61 1560 94 1586 10
105 1545 288 1587 nimenta
324 1543 524 1597 quaedam
560 1544 804 1598 pugnaturis
841 1543 1041 1585 fratribus
1073 1543 1122 1585 de
1151 1543 1375 1597 praeceptis
1397 1542 1616 1584 dominicis

105 1614 398 1668 promerentur.
431 1625 575 1665 parum
606 1614 669 1654 est
706 1613 814 1654 enim
847 1613 953 1665 quod
977 1613 1053 1654 Dei
1075 1613 1238 1666 plebem
1260 1613 1429 1654 classico
1451 1612 1613 1653 nostrae

105 1682 215 1725 uocis
237 1681 456 1736 erigimus,
490 1681 570 1722 nisi
594 1681 850 1723 credentium
880 1681 1002 1723 fidem
1026 1682 1066 1722 et
1088 1681 1267 1723 dicatam
1288 1681 1373 1723 Deo
1396 1681 1612 1722 deuotam-

105 1764 180 1805 que
202 1751 403 1792 uirtutem
426 1750 567 1791 diuina
590 1750 763 1792 lectione
786 1752 1009 1793 firmemus.

160 1819 268 1871 Quid
289 1821 427 1862 autern
449 1821 585 1873 potius
608 1822 679 1862 aut
698 1821 830 1862 maius
848 1833 965 1862 curae
983 1822 1143 1863 nostrae
1161 1834 1207 1863 ac
1224 1819 1497 1862 sollicitudini
1515 1831 1611 1861 con·
1627 1821 1650 1860 2

0 1887 1 1900 ³
60 1889 216 1943 15gruit
237 1902 360 1942 quam
383 1890 647 1931 commissum
668 1890 784 1931 nobis
808 1890 1012 1931 diuinitus
1041 1890 1239 1943 populum
1260 1890 1300 1931 et
1322 1889 1546 1931 exercitum
1568 1888 1611 1930 in

105 1959 248 2001 castris
271 1958 516 2000 caelestibus
546 1959 818 2001 constitutum
857 1959 1053 2001 aduersus
1089 1959 1244 2001 diaboli
1279 1959 1362 2000 tela
1399 1958 1439 1999 et
1475 1957 1612 1999 iacula

105 2027 456 2070 exhortationibus
477 2028 661 2069 adsiduis
685 2032 955 2082 praeparare?
986 2042 1115 2082 neque
1138 2029 1246 2070 enim
1277 2028 1444 2070 idoneus
1474 2027 1610 2081 potest

105 2108 189 2138 esse
209 2096 330 2138 miles
352 2098 403 2138 ad
425 2097 582 2138 bellum
605 2098 674 2150 qui
698 2111 775 2139 nou
798 2098 1046 2140 exercitatus
1077 2098 1118 2139 iu
1148 2110 1292 2151 campo
1321 2096 1436 2150 prius
1468 2095 1607 2147 fuerit,

104 2166 174 2207 aut
209 2166 278 2218 qui
313 2166 583 2220 agonisticam
621 2179 808 2208 coronam
841 2167 1002 2220 quaerit
1033 2166 1204 2219 adipisci
1226 2166 1268 2207 in
1290 2166 1421 2208 stadio
1444 2177 1610 2206 corona—

25 2221 34 2267 l
60 2232 233 2285 zobitur,
256 2234 335 2276 nisi
359 2248 478 2276 usum
501 2237 542 2277 et
564 2235 757 2289 peritiam
780 2235 936 2277 uirium
960 2237 1053 2277 ante
1076 2235 1313 2278 meditetur.
1348 2233 1609 2276 aduersarius

103 2303 220 2344 uetus
256 2304 318 2344 est
354 2304 395 2345 et
431 2303 560 2344 hostis
597 2304 790 2357 antiquus
823 2317 916 2346 cum
948 2317 1026 2357 quo
1072 2303 1273 2358 proelium
1311 2303 1506 2358 gerimus.
1541 2314 1609 2344 sex

101 2370 218 2413 milia
239 2385 434 2414 annorum
458 2373 541 2414 iam
563 2385 687 2426 paene
709 2373 972 2426 conplentur,
1006 2385 1052 2413 ex
1082 2384 1160 2426 quo
1183 2372 1391 2414 hominem
1421 2371 1608 2413 diabolus

100 2438 309 2495 inpugnat.
345 2442 481 2483 omnia
512 2454 659 2496 genera
691 2442 921 2497 temptandi
954 2444 994 2483 et
1026 2444 1132 2486 artes
1164 2442 1295 2495 adque
1327 2441 1498 2483 insidias
1521 2441 1607 2482 dci-

166 2563 308 2589 mcrmr
333 2565 382 2589 An
408 2566 662 2590 rou'rx'NATvm
689 2557 752 2599 (DE
773 2566 1066 2591 EXHORTATIONE
1085 2565 1295 2591 MAutrYRvM
1316 2555 1401 2590 add.
1422 2555 1473 2595 B,
1500 2564 1605 2587 Anax

99 2610 181 2645 add.
194 2611 244 2656 R)
258 2612 438 2654 WRMB,
458 2624 507 2647 An
527 2624 781 2648 FORTVNATYM
802 2624 848 2648 m:
869 2624 1161 2648 EXHORTATIONE
1179 2623 1366 2648 MARTYRII
1380 2624 1400 2647 v
1473 2612 1494 2645 2
1512 2611 1604 2645 desi-

98 2666 231 2702 derasti
256 2669 279 2703 f.
307 2670 400 2705 char.
428 2671 528 2705 nobis
543 2674 584 2705 ut
598 2675 665 2716 quo
675 2672 711 2707 R
734 2683 761 2706 s.
782 2672 801 2707 l.
824 2683 864 2706 m.
881 2683 950 2707 rec.
1036 2671 1245 2716 pressureB
1258 2670 1555 2715 (persecutionum
1572 2670 1608 2702 et

98 2734 337 2768 pressurarum
346 2729 380 2770 v)
435 2729 456 2762 3
474 2729 848 2764 consummationemR
906 2730 927 2764 4
946 2730 1030 2774 iam]
1042 2740 1132 2763 nunc
1144 2741 1162 2764 υ
1219 2729 1240 2763 6
1253 2738 1458 2772 componere
1466 2726 1539 2761 RB

99 2781 118 2815 7
135 2783 281 2819 coeleste
295 2786 330 2819 ct
344 2785 504 2829 spiritale
522 2798 540 2821 υ
604 2786 800 2821 animarum
812 2787 847 2821 R
930 2788 950 2819 9
968 2787 1156 2830 instructa]
1176 2786 1361 2819 inistincta
1374 2784 1408 2819 R
1484 2794 1605 2818 monu-

37 2842 41 2872 t
98 2841 275 2876 mentaM
341 2842 384 2877 15
401 2844 518 2887 quam]
539 2846 578 2877 ut
588 2844 632 2879 B.
652 2855 757 2888 quam
777 2849 815 2878 ut
837 2856 853 2878 ι·
928 2845 968 2878 17
989 2854 1235 2888 praeparemus
1250 2844 1318 2878 ΠΗ)
1391 2842 1433 2875 18
1450 2841 1548 2885 prius
1568 2841 1604 2875 in

38 2874 43 2980 ι
97 2905 215 2942 campo
232 2910 253 2933 v
322 2900 365 2934 21
393 2900 532 2935 anticus
551 2901 586 2935 R
658 2902 843 2945 proelium}
867 2902 996 2935 bellum
1017 2902 1051 2935 B
1135 2900 1281 2935 cottidie
1299 2900 1455 2944 gerimus
1474 2899 1535 2933 Μ*

40 2982 47 3152 ἱ
96 2952 141 2987 22
157 2965 264 2998 pocnc
280 2957 330 2992 W
