1838 3152
216 246 263 258 ρ.-

224 245 296 287 108
747 244 939 279 Caecilii
966 245 1175 289 Cypriani

174 349 198 388 9
271 347 416 401 Adque
445 350 491 389 ut
520 348 652 402 magis
696 348 882 402 intellegi
913 349 1048 401 posset
1085 350 1225 390 contra
1261 350 1460 391 eiusmodi
1496 350 1708 392 audaciam

213 428 315 468 quae
352 416 407 457 sit
441 428 607 457 censura
637 416 790 466 diuina,
824 417 1056 458 inuenimus
1086 418 1128 458 in
1158 417 1231 458 tali
1261 418 1438 460 facinore
1467 432 1545 460 11011
1575 419 1707 461 30111111

212 484 332 525 (111063
368 486 408 526 et
437 486 621 526 auctores
658 486 727 527 sed
757 486 798 526 et
828 485 1045 539 participes
1079 486 1219 539 poenis
1255 487 1473 537 destinari,
1506 487 1584 527 nisi
1615 501 1655 528 se
1685 500 1707 528 a

214 553 497 594 communione
533 554 738 595 malorum
775 554 1081 606 separauerin‘u,
1119 554 1395 607 praecipiente
1434 568 1504 607 per
1538 555 1706 609 Moysen

209 621 384 662 Domino
427 623 466 662 et
505 622 684 663 dicente:
732 622 1044 675 separamini
1084 635 1107 663 a
1146 622 1500 664 tabernaculis
1545 624 1733 664 homi-5

208 704 322 731 num
367 690 589 732 istorum
636 690 1038 732 durissimorum
1085 691 1131 731 et
1175 692 1341 732 nolite
1388 693 1603 746 tangere
1645 693 1702 733 ab

208 759 442 800 omnibus
486 772 611 812 quae
652 760 772 800 sunt
811 759 903 809 613,
951 772 1007 801 116
1048 759 1210 801 simul
1249 761 1479 812 pereatis
1518 760 1566 801 in
1597 773 1706 814 pec-

210 830 324 869 cato
357 839 539 868 eorum.
571 829 611 868 et
642 828 748 880 quod
781 828 1053 869 comminatus
1085 828 1356 882 per'Moysen
1398 829 1600 870 Dominus
1638 828 1705 870 fu-

213 897 299 937 erat
321 896 526 949 impleuit‚
560 896 606 936 ut
628 896 798 949 quisque
821 909 861 937 se
884 910 906 938 a
929 896 1029 937 Core
1051 898 1091 938 et
1111 897 1276 938 Dathan
1299 898 1338 937 et
1360 896 1517 938 Abirou
1539 910 1619 939 non
1641 910 1704 939 se·-

208 966 390 1018 parasset
419 976 567 1017 poenas
596 965 740 1005 sta-tim
774 978 845 1018 pro
876 966 1004 1018 impia
1034 965 1317 1007 communione
1339 966 1599 1018 persolueret.
1625 978 1702 1019 quo
1720 982 1753 1007 10

209 1033 392 1086 exemplo
415 1033 650 1074 ostenditur
672 1035 711 1074 et
734 1034 928 1086 probatur
951 1034 1142 1075 obnoxios
1164 1047 1301 1076 omnes
1324 1036 1364 1075 et
1386 1035 1526 1087 culpae
1549 1036 1588 1076 et
1608 1047 1704 1088 poe-

206 1115 281 1143 nae
304 1102 464 1143 futuros
487 1102 556 1155 qui
580 1115 621 1143 se
644 1102 918 1144 schismaticis
953 1104 1092 1144 contra
1122 1104 1374 1156 praepositos
1409 1106 1449 1144 et
1479 1104 1705 1146 sacerdotes

206 1170 442 1224 inreligiosa
463 1171 698 1212 temeritate
729 1171 996 1212 miscuerunt.
1031 1172 1138 1213 sicut
1165 1172 1292 1213 etiam
1316 1185 1387 1224 per
1408 1170 1509 1213 Osee
1530 1174 1702 1226 prophe-

208 1242 293 1280 tam
318 1240 488 1293 spiritus
511 1241 677 1281 sanctus
710 1240 964 1282 contestatur
997 1241 1036 1281 et
1067 1241 1193 1282 dicit:
1227 1240 1503 1282 sacrificia
1536 1253 1703 1282 eorum

204 1309 464 1361 tamquam
513 1309 662 1362 panis
715 1309 907 1359 luctus,
961 1321 1131 1350 omnes
1177 1310 1260 1362 qui
1306 1310 1608 1351 manducant
1654 1323 1753 1352 ean,

207 1390 227 1418 0
239 1378 408 1418 ontam
420 1377 432 1417 i
444 1390 468 1417 n
480 1377 720 1427 abuntur‚
758 1378 904 1420 docens
921 1379 1078 1419 scilicet
1096 1380 1136 1419 et
1155 1379 1370 1420 ostendens
1388 1391 1524 1420 omnes
1541 1379 1706 1420 omnino

207 1459 300 1487 cum
337 1446 570 1487 auctoribus
610 1447 811 1500 supplicio
849 1447 1040 1501 coniungi
1079 1447 1148 1500 qui
1179 1447 1331 1488 fuerint
1362 1459 1499 1488 eorum
1537 1449 1701 1500 peccato

206 1514 487 1556 contaminati.

139 1584 188 1625 10
264 1582 371 1633 Quae
405 1595 499 1638 ergo
530 1585 637 1637 apud
668 1596 733 1626 eos
762 1584 912 1625 merita
944 1597 1030 1626 esse
1059 1584 1164 1625 circa
1185 1584 1317 1625 Deum
1349 1585 1518 1637 possunt
1548 1585 1696 1637 quibus

206 1652 406 1704 supplicia
438 1652 640 1694 diuinitus
670 1653 940 1707 inrogantur?
969 1654 1040 1694 aut
1062 1653 1262 1706 quomodo
1283 1653 1387 1695 tales
1409 1653 1632 1695 iustificare
1654 1655 1694 1695 et
1710 1669 1743 1694 20

205 1720 458 1762 sanctificare
488 1721 717 1775 baptizatos
747 1722 918 1774 possunt
947 1721 1017 1775 qui
1049 1722 1185 1763 hostes
1215 1723 1470 1764 sacerdotum
1506 1722 1639 1763 aliena
1661 1723 1700 1764 et

203 1789 364 1831 inlicita
401 1790 441 1830 et
474 1790 588 1831 nullo
625 1790 704 1831 sibi
740 1791 827 1832 11116
870 1802 1057 1832 concessa
1097 1803 1293 1844 usurpare
1334 1792 1560 1833 conantur?
1603 1804 1701 1845 quos

202 1860 341 1899 tamen
362 1858 471 1912 ipsos
493 1870 572 1900 non
594 1859 795 1900 miramur
817 1871 888 1912 pro
911 1872 984 1901 sua
1006 1860 1212 1913 prauitate
1235 1860 1486 1902 contendere.
1507 1861 1698 1902 adserant

204 1938 366 1968 necesse
399 1928 461 1969 est
483 1928 636 1982 singuli
659 1928 809 1981 quique
840 1928 947 1981 quod
976 1928 1142 1978 faciant,
1176 1940 1247 1969 nec
1275 1928 1420 1969 uolunt
1449 1928 1551 1970 uicti
1581 1928 1701 1970 facile

336 2052 357 2086 5
383 2052 486 2086 Num.
516 2053 569 2094 16,
595 2053 651 2089 26.
749 2053 791 2087 14
817 2051 873 2086 03.
901 2054 931 2093 9,
957 2053 990 2087 4.

268 2166 286 2198 1
306 2166 359 2210 ut]
380 2177 447 2209 quo
471 2167 500 2202 C
515 2177 541 2201 s.
563 2167 582 2200 l.
763 2167 960 2212 audaciam]
980 2167 1092 2201 aciam
1115 2167 1148 2208 S,
1168 2166 1350 2201 licentiam
1369 2167 1404 2200 et
1422 2166 1603 2201 audaciam
1627 2167 1656 2212 Q

198 2223 218 2256 2
238 2222 395 2257 facinora
413 2224 446 2257 L
569 2224 591 2257 4
609 2234 668 2267 per
686 2234 750 2258 om.
776 2225 805 2260 C
925 2235 1044 2258 mosen
1062 2224 1097 2258 L
1227 2225 1248 2257 ὃ
1265 2213 1348 2258 dffl
1370 2223 1398 2269 Q
1514 2235 1534 2257 a
1547 2235 1609 2258 om.
1628 2224 1657 2258 S

199 2280 218 2313 6
237 2279 504 2314 durissimorum
523 2280 671 2315 istorum
691 2282 720 2316 C
790 2282 808 2315 7
828 2281 1014 2316 homnibus
1039 2282 1076 2322 C,
1093 2281 1297 2315 hominibus
1317 2281 1345 2315 S
1413 2281 1566 2325 peccatis
1591 2282 1658 2317 CV

197 2338 218 2370 ὃ
236 2338 488 2371 comminaturs
509 2338 538 2372 S
718 2340 739 2373 9
758 2339 918 2383 quisquis
940 2351 956 2374 υ
1137 2338 1236 2372 coreb
1257 2338 1283 2372 S
1460 2338 1605 2372 datham
1627 2338 1654 2373 S

198 2393 242 2427 10
259 2396 295 2428 et
310 2405 439 2439 poenas
459 2384 489 2429 ‘S
690 2396 816 2440 impia]
835 2396 1077 2431 coniuratione
1095 2397 1131 2430 et
1148 2395 1233 2430 add.
1258 2396 1287 2430 C
1490 2396 1581 2439 quod
1603 2396 1632 2431 C
1640 2400 1645 2417 ¹

199 2451 239 2484 11
258 2451 379 2485 noxios
399 2452 426 2487 S
610 2463 729 2487 omnes
747 2455 795 2498 et]
815 2445 858 2488 do
878 2465 912 2487 se
932 2454 961 2489 C
976 2445 997 2487 ὅ
1012 2454 1053 2487 ‘in
1071 2464 1143 2487 ras,
1343 2453 1384 2487 12
1402 2453 1642 2497 praepositum
1662 2455 1698 2487 et

198 2508 412 2543 sacerdotem
430 2509 485 2543 dei
509 2510 538 2544 G
729 2511 771 2544 13
789 2511 973 2545 miscuerit
995 2511 1032 2552 O,
1051 2510 1258 2545 miscuerint
1275 2521 1295 2545 v
1471 2511 1608 2554 profeta
1627 2510 1656 2545 S

198 2566 241 2600 14
259 2568 401 2600 sanetus
419 2577 483 2601 ow.
506 2567 534 2601 S
651 2567 747 2602 dicat
764 2568 813 2602 M
827 2568 931 2612 (dicit
954 2568 997 2612 Q)
1130 2568 1172 2602 15
1190 2568 1243 2612 ea]
1262 2578 1301 2601 ea
1318 2578 1386 2601 non
1409 2567 1438 2603 G
1560 2568 1602 2602 16
1620 2579 1698 2602 con-

195 2623 364 2657 taminati
378 2624 422 2664 L,
443 2634 521 2667 eaep.
542 2635 583 2657 m.
602 2626 626 2658 2
766 2636 885 2658 omnes
903 2636 966 2659 om.
989 2625 1019 2660 S
1161 2626 1202 2659 17
1223 2615 1404 2669 coniungi]
1424 2625 1600 2669 conpungi
1624 2626 1665 2660 G-

195 2680 340 2714 fuerunt
364 2681 391 2716 C
398 2685 405 2703 ¹
597 2682 730 2726 eorum]
754 2682 910 2716 omnium
929 2682 959 2717 S
1141 2682 1185 2716 20
1203 2681 1373 2726 quomodo
1391 2692 1437 2716 ea:
1454 2692 1476 2726 q
1493 2682 1597 2716 homo
1624 2683 1653 2717 G

195 2739 229 2771 et
247 2738 467 2772 sanctificare
485 2749 549 2773 om.
575 2739 609 2773 V
709 2739 751 2773 21
770 2739 889 2773 hostes
908 2750 986 2784 exp.
1007 2740 1051 2782 L,
1069 2739 1205 2773 hostias
1229 2739 1258 2774 C
1273 2738 1285 2771 i
1303 2750 1329 2773 s.
1349 2739 1370 2773 Ζ.
1465 2741 1500 2773 et
1517 2739 1634 2773 aliena
1651 2740 1699 2773 M

195 2795 323 2837 (aliena
346 2795 387 2840 Q)
492 2796 537 2830 22
554 2796 633 2830 iura
652 2797 687 2830 P
787 2797 831 2830 23
850 2796 1027 2842 adserant]
1045 2797 1140 2832 enim
1158 2796 1243 2831 add.
1268 2795 1353 2831 CVv
1446 2796 1490 2830 24
1507 2795 1640 2830 faciant
1660 2796 1696 2837 S,

192 2851 331 2886 faciunt
354 2853 530 2897 CLPQV
