<?xml version="1.0" encoding="UTF-8"?>
<!DOCTYPE html PUBLIC "-//W3C//DTD XHTML 1.0 Transitional//EN"
    "http://www.w3.org/TR/xhtml1/DTD/xhtml1-transitional.dtd">
<html xmlns="http://www.w3.org/1999/xhtml" xml:lang="en" lang="en">
 <head>
  <title>
</title>
<meta http-equiv="Content-Type" content="text/html;charset=utf-8" />
  <meta name='ocr-system' content='tesseract 3.04.00' />
  <meta name='ocr-capabilities' content='ocr_page ocr_carea ocr_par ocr_line ocrx_word'/>
</head>
<body>
  <div class='ocr_page' id='page_1' title='image "./corpusscriptor203cypruoft/corpusscriptor203cypruoft_0758.png"; bbox 0 0 1838 3152; ppageno 0'>
   <div class='ocr_carea' id='block_1_1' title="bbox 196 216 1166 260">
    <p class='ocr_par' dir='ltr' id='par_1_1' title="bbox 196 216 1166 260">
     <span class='ocr_line' id='line_1_1' title="bbox 196 216 1166 260; baseline -0.011 0"><span class='ocrx_word' id='word_1_1' title='bbox 196 219 277 260; x_wconf 79' lang='grc'>744</span> <span class='ocrx_word' id='word_1_2' title='bbox 723 216 918 250; x_wconf 75' lang='lat' dir='ltr'>Caecilii</span> <span class='ocrx_word' id='word_1_3' title='bbox 952 216 1166 260; x_wconf 84' lang='lat' dir='ltr'>Cypriani</span> 
     </span>
    </p>
   </div>
   <div class='ocr_carea' id='block_1_2' title="bbox 511 388 1389 461">
    <p class='ocr_par' dir='ltr' id='par_1_2' title="bbox 511 388 1389 461">
     <span class='ocr_line' id='line_1_2' title="bbox 511 388 1389 461; baseline 0 -1"><span class='ocrx_word' id='word_1_4' title='bbox 511 388 995 461; x_wconf 80' lang='lat' dir='ltr'><strong>EPISTVLA</strong></span> <span class='ocrx_word' id='word_1_5' title='bbox 1045 388 1389 461; x_wconf 87' lang='lat' dir='ltr'>LXVIII.</span> 
     </span>
    </p>
   </div>
   <div class='ocr_carea' id='block_1_3' title="bbox 544 523 1350 561">
    <p class='ocr_par' dir='ltr' id='par_1_3' title="bbox 544 523 1350 561">
     <span class='ocr_line' id='line_1_3' title="bbox 544 523 1350 561; baseline -0.001 -2"><span class='ocrx_word' id='word_1_6' title='bbox 544 524 811 560; x_wconf 80' lang='lat' dir='ltr'>CYPRIANVS</span> <span class='ocrx_word' id='word_1_7' title='bbox 838 523 1087 561; x_wconf 86' lang='lat' dir='ltr'>STEPHANO</span> <span class='ocrx_word' id='word_1_8' title='bbox 1113 525 1289 559; x_wconf 79' lang='lat' dir='ltr'>FRATRI</span> <span class='ocrx_word' id='word_1_9' title='bbox 1316 525 1350 559; x_wconf 82' lang='lat' dir='ltr'>S.</span> 
     </span>
    </p>
   </div>
   <div class='ocr_carea' id='block_1_4' title="bbox 153 640 1743 1935">
    <p class='ocr_par' dir='ltr' id='par_1_4' title="bbox 158 640 1737 1797">
     <span class='ocr_line' id='line_1_4' title="bbox 158 640 1698 695; baseline -0.001 -12"><span class='ocrx_word' id='word_1_10' title='bbox 158 644 173 683; x_wconf 91' lang='lat'>1</span> <span class='ocrx_word' id='word_1_11' title='bbox 253 640 476 682; x_wconf 75' lang='lat' dir='ltr'>Faustinus</span> <span class='ocrx_word' id='word_1_12' title='bbox 499 640 656 695; x_wconf 82' lang='lat' dir='ltr'>collega</span> <span class='ocrx_word' id='word_1_13' title='bbox 676 640 813 682; x_wconf 89' lang='lat' dir='ltr'>noster</span> <span class='ocrx_word' id='word_1_14' title='bbox 834 640 1027 694; x_wconf 85' lang='lat' dir='ltr'>Lugduni</span> <span class='ocrx_word' id='word_1_15' title='bbox 1055 641 1292 691; x_wconf 71' lang='lat' dir='ltr'>consistens,</span> <span class='ocrx_word' id='word_1_16' title='bbox 1325 640 1454 682; x_wconf 88' lang='lat' dir='ltr'>frater</span> <span class='ocrx_word' id='word_1_17' title='bbox 1475 641 1698 691; x_wconf 87' lang='lat' dir='ltr'>carissime,</span> 
     </span>
     <span class='ocr_line' id='line_1_5' title="bbox 194 708 1699 764; baseline -0.001 -13"><span class='ocrx_word' id='word_1_18' title='bbox 194 710 321 751; x_wconf 87' lang='lat' dir='ltr'>semel</span> <span class='ocrx_word' id='word_1_19' title='bbox 343 709 474 763; x_wconf 89' lang='lat' dir='ltr'>adque</span> <span class='ocrx_word' id='word_1_20' title='bbox 495 710 646 751; x_wconf 90' lang='lat' dir='ltr'>iterum</span> <span class='ocrx_word' id='word_1_21' title='bbox 672 709 776 750; x_wconf 89' lang='lat' dir='ltr'>mihi</span> <span class='ocrx_word' id='word_1_22' title='bbox 799 708 962 761; x_wconf 86' lang='lat' dir='ltr'>scripsit</span> <span class='ocrx_word' id='word_1_23' title='bbox 984 709 1220 764; x_wconf 88' lang='lat' dir='ltr'>significans</span> <span class='ocrx_word' id='word_1_24' title='bbox 1242 722 1288 750; x_wconf 91' lang='lat' dir='ltr'>ea</span> <span class='ocrx_word' id='word_1_25' title='bbox 1309 722 1410 762; x_wconf 90' lang='lat' dir='ltr'>quae</span> <span class='ocrx_word' id='word_1_26' title='bbox 1433 709 1560 751; x_wconf 88' lang='lat' dir='ltr'>etiam</span> <span class='ocrx_word' id='word_1_27' title='bbox 1582 709 1699 750; x_wconf 90' lang='lat' dir='ltr'>uobis</span> 
     </span>
     <span class='ocr_line' id='line_1_6' title="bbox 195 777 1719 831; baseline -0.002 -11"><span class='ocrx_word' id='word_1_28' title='bbox 195 779 277 820; x_wconf 89' lang='lat' dir='ltr'>scio</span> <span class='ocrx_word' id='word_1_29' title='bbox 300 778 441 831; x_wconf 92' lang='lat' dir='ltr'>utique</span> <span class='ocrx_word' id='word_1_30' title='bbox 462 778 652 819; x_wconf 90' lang='lat' dir='ltr'>nuntiata</span> <span class='ocrx_word' id='word_1_31' title='bbox 673 778 761 819; x_wconf 90' lang='lat' dir='ltr'>tam</span> <span class='ocrx_word' id='word_1_32' title='bbox 782 777 831 818; x_wconf 92' lang='lat' dir='ltr'>ab</span> <span class='ocrx_word' id='word_1_33' title='bbox 854 789 898 818; x_wconf 91' lang='lat' dir='ltr'>eo</span> <span class='ocrx_word' id='word_1_34' title='bbox 922 790 1047 830; x_wconf 90' lang='lat' dir='ltr'>quam</span> <span class='ocrx_word' id='word_1_35' title='bbox 1069 791 1091 819; x_wconf 91' lang='lat' dir='ltr'>a</span> <span class='ocrx_word' id='word_1_36' title='bbox 1113 778 1256 819; x_wconf 87' lang='lat' dir='ltr'>ceteris</span> <span class='ocrx_word' id='word_1_37' title='bbox 1274 778 1523 831; x_wconf 75' lang='lat' dir='ltr'>coepiscopis</span> <span class='ocrx_word' id='word_1_38' title='bbox 1540 777 1691 819; x_wconf 84' lang='lat' dir='ltr'>nostris</span> <span class='ocrx_word' id='word_1_39' title='bbox 1706 792 1719 816; x_wconf 78' lang='lat'>5</span> 
     </span>
     <span class='ocr_line' id='line_1_7' title="bbox 193 846 1699 899; baseline -0.001 -11"><span class='ocrx_word' id='word_1_40' title='bbox 193 848 236 888; x_wconf 90' lang='lat' dir='ltr'>in</span> <span class='ocrx_word' id='word_1_41' title='bbox 267 847 405 888; x_wconf 90' lang='lat' dir='ltr'>eadem</span> <span class='ocrx_word' id='word_1_42' title='bbox 438 846 648 899; x_wconf 89' lang='lat' dir='ltr'>prouincia</span> <span class='ocrx_word' id='word_1_43' title='bbox 677 846 928 895; x_wconf 81' lang='lat' dir='ltr'>constitutiS,</span> <span class='ocrx_word' id='word_1_44' title='bbox 968 847 1075 898; x_wconf 89' lang='lat' dir='ltr'>quod</span> <span class='ocrx_word' id='word_1_45' title='bbox 1103 846 1336 888; x_wconf 89' lang='lat' dir='ltr'>Marcianus</span> <span class='ocrx_word' id='word_1_46' title='bbox 1368 847 1535 888; x_wconf 80' lang='lat' dir='ltr'>Arelate</span> <span class='ocrx_word' id='word_1_47' title='bbox 1565 846 1699 888; x_wconf 86' lang='lat' dir='ltr'>consi-</span> 
     </span>
     <span class='ocr_line' id='line_1_8' title="bbox 197 915 1698 957; baseline -0.001 0"><span class='ocrx_word' id='word_1_48' title='bbox 197 917 308 957; x_wconf 89' lang='lat' dir='ltr'>stens</span> <span class='ocrx_word' id='word_1_49' title='bbox 331 915 561 956; x_wconf 88' lang='lat' dir='ltr'>Nouatiano</span> <span class='ocrx_word' id='word_1_50' title='bbox 590 927 631 956; x_wconf 87' lang='lat' dir='ltr'>se</span> <span class='ocrx_word' id='word_1_51' title='bbox 653 915 906 956; x_wconf 85' lang='lat' dir='ltr'>coniunxerit</span> <span class='ocrx_word' id='word_1_52' title='bbox 928 915 968 956; x_wconf 89' lang='lat' dir='ltr'>et</span> <span class='ocrx_word' id='word_1_53' title='bbox 991 927 1014 956; x_wconf 94' lang='lat' dir='ltr'>a</span> <span class='ocrx_word' id='word_1_54' title='bbox 1045 915 1268 957; x_wconf 84' lang='lat' dir='ltr'>catholicae</span> <span class='ocrx_word' id='word_1_55' title='bbox 1298 915 1490 957; x_wconf 88' lang='lat' dir='ltr'>ecclesiae</span> <span class='ocrx_word' id='word_1_56' title='bbox 1522 915 1698 956; x_wconf 88' lang='lat' dir='ltr'>ueritate</span> 
     </span>
     <span class='ocr_line' id='line_1_9' title="bbox 194 983 1699 1037; baseline -0.001 -12"><span class='ocrx_word' id='word_1_57' title='bbox 194 985 325 1037; x_wconf 89' lang='lat' dir='ltr'>adque</span> <span class='ocrx_word' id='word_1_58' title='bbox 348 997 371 1025; x_wconf 89' lang='lat' dir='ltr'>a</span> <span class='ocrx_word' id='word_1_59' title='bbox 392 983 571 1037; x_wconf 90' lang='lat' dir='ltr'>corporis</span> <span class='ocrx_word' id='word_1_60' title='bbox 602 984 731 1025; x_wconf 85' lang='lat' dir='ltr'>nostri</span> <span class='ocrx_word' id='word_1_61' title='bbox 755 984 795 1025; x_wconf 91' lang='lat' dir='ltr'>et</span> <span class='ocrx_word' id='word_1_62' title='bbox 825 983 1041 1025; x_wconf 89' lang='lat' dir='ltr'>sacerdotii</span> <span class='ocrx_word' id='word_1_63' title='bbox 1072 984 1331 1026; x_wconf 80' lang='lat' dir='ltr'>consensione</span> <span class='ocrx_word' id='word_1_64' title='bbox 1361 983 1607 1034; x_wconf 73' lang='lat' dir='ltr'>discesserit,</span> <span class='ocrx_word' id='word_1_65' title='bbox 1636 985 1699 1025; x_wconf 88' lang='lat' dir='ltr'>tc-</span> 
     </span>
     <span class='ocr_line' id='line_1_10' title="bbox 193 1047 1704 1106; baseline -0.001 -12"><span class='ocrx_word' id='word_1_66' title='bbox 193 1065 292 1094; x_wconf 90' lang='lat' dir='ltr'>nens</span> <span class='ocrx_word' id='word_1_67' title='bbox 317 1053 545 1094; x_wconf 81' lang='lat' dir='ltr'>haereticae</span> <span class='ocrx_word' id='word_1_68' title='bbox 562 1052 909 1106; x_wconf 78' lang='lat' dir='ltr'>praesumptionis</span> <span class='ocrx_word' id='word_1_69' title='bbox 927 1052 1194 1094; x_wconf 86' lang='lat' dir='ltr'>durissimam</span> <span class='ocrx_word' id='word_1_70' title='bbox 1211 1053 1479 1106; x_wconf 86' lang='lat' dir='ltr'>prauitatem,</span> <span class='ocrx_word' id='word_1_71' title='bbox 1502 1054 1549 1094; x_wconf 92' lang='lat' dir='ltr'>ut</span> <span class='ocrx_word' id='word_1_72' title='bbox 1570 1047 1704 1094; x_wconf 77' lang='lat' dir='ltr'>seruis</span> 
     </span>
     <span class='ocr_line' id='line_1_11' title="bbox 196 1121 1735 1175; baseline -0.001 -13"><span class='ocrx_word' id='word_1_73' title='bbox 196 1122 272 1163; x_wconf 92' lang='lat' dir='ltr'>Dei</span> <span class='ocrx_word' id='word_1_74' title='bbox 294 1121 598 1174; x_wconf 90' lang='lat' dir='ltr'>paenitentibus</span> <span class='ocrx_word' id='word_1_75' title='bbox 616 1123 656 1162; x_wconf 90' lang='lat' dir='ltr'>et</span> <span class='ocrx_word' id='word_1_76' title='bbox 676 1121 909 1163; x_wconf 84' lang='lat' dir='ltr'>dolentibus</span> <span class='ocrx_word' id='word_1_77' title='bbox 927 1122 968 1163; x_wconf 92' lang='lat' dir='ltr'>et</span> <span class='ocrx_word' id='word_1_78' title='bbox 985 1121 1037 1163; x_wconf 88' lang='lat' dir='ltr'>ad</span> <span class='ocrx_word' id='word_1_79' title='bbox 1054 1122 1269 1163; x_wconf 89' lang='lat' dir='ltr'>ecclesiam</span> <span class='ocrx_word' id='word_1_80' title='bbox 1286 1121 1468 1163; x_wconf 87' lang='lat' dir='ltr'>lacrimis</span> <span class='ocrx_word' id='word_1_81' title='bbox 1484 1122 1525 1163; x_wconf 91' lang='lat' dir='ltr'>et</span> <span class='ocrx_word' id='word_1_82' title='bbox 1535 1121 1735 1175; x_wconf 82' lang='lat' dir='ltr'>gemitum</span> 
     </span>
     <span class='ocr_line' id='line_1_12' title="bbox 194 1189 1697 1244; baseline -0.001 -12"><span class='ocrx_word' id='word_1_83' title='bbox 194 1191 234 1232; x_wconf 85' lang='lat' dir='ltr'>et</span> <span class='ocrx_word' id='word_1_84' title='bbox 257 1189 394 1232; x_wconf 88' lang='lat' dir='ltr'>dolore</span> <span class='ocrx_word' id='word_1_85' title='bbox 415 1190 678 1243; x_wconf 90' lang='lat' dir='ltr'>pulsantibus</span> <span class='ocrx_word' id='word_1_86' title='bbox 700 1191 865 1232; x_wconf 91' lang='lat' dir='ltr'>diuinae</span> <span class='ocrx_word' id='word_1_87' title='bbox 886 1190 1055 1243; x_wconf 89' lang='lat' dir='ltr'>pietatis</span> <span class='ocrx_word' id='word_1_88' title='bbox 1073 1192 1113 1232; x_wconf 88' lang='lat' dir='ltr'>et</span> <span class='ocrx_word' id='word_1_89' title='bbox 1132 1190 1316 1232; x_wconf 88' lang='lat' dir='ltr'>lenitatis</span> <span class='ocrx_word' id='word_1_90' title='bbox 1333 1191 1528 1244; x_wconf 87' lang='lat' dir='ltr'>paternae</span> <span class='ocrx_word' id='word_1_91' title='bbox 1546 1190 1697 1232; x_wconf 90' lang='lat' dir='ltr'>solacia</span> 
     </span>
     <span class='ocr_line' id='line_1_13' title="bbox 191 1259 1692 1301; baseline -0.001 0"><span class='ocrx_word' id='word_1_92' title='bbox 191 1261 232 1301; x_wconf 87' lang='lat' dir='ltr'>et</span> <span class='ocrx_word' id='word_1_93' title='bbox 254 1259 438 1300; x_wconf 87' lang='lat' dir='ltr'>subsidia</span> <span class='ocrx_word' id='word_1_94' title='bbox 466 1259 686 1301; x_wconf 84' lang='lat' dir='ltr'>eludantur</span> <span class='ocrx_word' id='word_1_95' title='bbox 719 1271 792 1300; x_wconf 90' lang='lat' dir='ltr'>nec</span> <span class='ocrx_word' id='word_1_96' title='bbox 814 1259 866 1300; x_wconf 91' lang='lat' dir='ltr'>ad</span> <span class='ocrx_word' id='word_1_97' title='bbox 889 1259 1062 1300; x_wconf 86' lang='lat' dir='ltr'>fouenda</span> <span class='ocrx_word' id='word_1_98' title='bbox 1090 1260 1261 1301; x_wconf 89' lang='lat' dir='ltr'>uulnera</span> <span class='ocrx_word' id='word_1_99' title='bbox 1289 1259 1566 1301; x_wconf 85' lang='lat' dir='ltr'>admittantur</span> <span class='ocrx_word' id='word_1_100' title='bbox 1596 1259 1692 1300; x_wconf 92' lang='lat' dir='ltr'>uul-</span> 
     </span>
     <span class='ocr_line' id='line_1_14' title="bbox 190 1327 1696 1381; baseline -0.001 -11"><span class='ocrx_word' id='word_1_101' title='bbox 190 1328 336 1378; x_wconf 87' lang='lat' dir='ltr'>nerati,</span> <span class='ocrx_word' id='word_1_102' title='bbox 367 1328 438 1369; x_wconf 90' lang='lat' dir='ltr'>sed</span> <span class='ocrx_word' id='word_1_103' title='bbox 459 1327 544 1368; x_wconf 89' lang='lat' dir='ltr'>sine</span> <span class='ocrx_word' id='word_1_104' title='bbox 566 1340 636 1380; x_wconf 91' lang='lat' dir='ltr'>spe</span> <span class='ocrx_word' id='word_1_105' title='bbox 657 1328 768 1380; x_wconf 89' lang='lat' dir='ltr'>pacis</span> <span class='ocrx_word' id='word_1_106' title='bbox 792 1329 835 1369; x_wconf 90' lang='lat' dir='ltr'>et</span> <span class='ocrx_word' id='word_1_107' title='bbox 857 1328 1241 1370; x_wconf 88' lang='lat' dir='ltr'>communicationis</span> <span class='ocrx_word' id='word_1_108' title='bbox 1262 1328 1400 1369; x_wconf 90' lang='lat' dir='ltr'>relicti</span> <span class='ocrx_word' id='word_1_109' title='bbox 1422 1329 1472 1369; x_wconf 90' lang='lat' dir='ltr'>ad</span> <span class='ocrx_word' id='word_1_110' title='bbox 1503 1328 1696 1381; x_wconf 88' lang='lat' dir='ltr'>luporum</span> 
     </span>
     <span class='ocr_line' id='line_1_15' title="bbox 190 1396 1695 1451; baseline -0.001 -12"><span class='ocrx_word' id='word_1_111' title='bbox 190 1398 375 1451; x_wconf 85' lang='lat' dir='ltr'>rapinam</span> <span class='ocrx_word' id='word_1_112' title='bbox 400 1398 440 1438; x_wconf 93' lang='lat' dir='ltr'>et</span> <span class='ocrx_word' id='word_1_113' title='bbox 460 1396 654 1450; x_wconf 85' lang='lat' dir='ltr'>praedam</span> <span class='ocrx_word' id='word_1_114' title='bbox 676 1396 830 1439; x_wconf 91' lang='lat' dir='ltr'>diaboli</span> <span class='ocrx_word' id='word_1_115' title='bbox 852 1397 1117 1451; x_wconf 86' lang='lat' dir='ltr'>proiciantur.</span> <span class='ocrx_word' id='word_1_116' title='bbox 1142 1397 1207 1438; x_wconf 91' lang='lat' dir='ltr'>cui</span> <span class='ocrx_word' id='word_1_117' title='bbox 1228 1397 1287 1438; x_wconf 89' lang='lat' dir='ltr'>rei</span> <span class='ocrx_word' id='word_1_118' title='bbox 1308 1398 1496 1439; x_wconf 91' lang='lat' dir='ltr'>nostrum</span> <span class='ocrx_word' id='word_1_119' title='bbox 1519 1397 1581 1438; x_wconf 91' lang='lat' dir='ltr'>est</span> <span class='ocrx_word' id='word_1_120' title='bbox 1599 1408 1695 1438; x_wconf 90' lang='lat' dir='ltr'>con-</span> 
     </span>
     <span class='ocr_line' id='line_1_16' title="bbox 189 1466 1737 1520; baseline -0.001 -11"><span class='ocrx_word' id='word_1_121' title='bbox 189 1468 323 1509; x_wconf 88' lang='lat' dir='ltr'>sulere</span> <span class='ocrx_word' id='word_1_122' title='bbox 357 1467 397 1508; x_wconf 90' lang='lat' dir='ltr'>et</span> <span class='ocrx_word' id='word_1_123' title='bbox 433 1467 663 1517; x_wconf 86' lang='lat' dir='ltr'>subuenire,</span> <span class='ocrx_word' id='word_1_124' title='bbox 703 1466 829 1508; x_wconf 88' lang='lat' dir='ltr'>frater</span> <span class='ocrx_word' id='word_1_125' title='bbox 858 1467 1081 1518; x_wconf 81' lang='lat' dir='ltr'>carissime,</span> <span class='ocrx_word' id='word_1_126' title='bbox 1114 1467 1184 1520; x_wconf 91' lang='lat' dir='ltr'>qui</span> <span class='ocrx_word' id='word_1_127' title='bbox 1214 1467 1400 1508; x_wconf 90' lang='lat' dir='ltr'>diuinam</span> <span class='ocrx_word' id='word_1_128' title='bbox 1430 1466 1693 1508; x_wconf 89' lang='lat' dir='ltr'>clementiam</span> <span class='ocrx_word' id='word_1_129' title='bbox 1706 1483 1737 1506; x_wconf 87' lang='lat'>15</span> 
     </span>
     <span class='ocr_line' id='line_1_17' title="bbox 190 1535 1697 1590; baseline -0.001 -13"><span class='ocrx_word' id='word_1_130' title='bbox 190 1536 416 1590; x_wconf 87' lang='lat' dir='ltr'>cogitantes</span> <span class='ocrx_word' id='word_1_131' title='bbox 440 1536 480 1577; x_wconf 91' lang='lat' dir='ltr'>et</span> <span class='ocrx_word' id='word_1_132' title='bbox 501 1535 789 1589; x_wconf 86' lang='lat' dir='ltr'>gubernandae</span> <span class='ocrx_word' id='word_1_133' title='bbox 813 1536 1005 1577; x_wconf 87' lang='lat' dir='ltr'>ecclesiae</span> <span class='ocrx_word' id='word_1_134' title='bbox 1026 1536 1177 1577; x_wconf 89' lang='lat' dir='ltr'>libram</span> <span class='ocrx_word' id='word_1_135' title='bbox 1198 1536 1384 1577; x_wconf 86' lang='lat' dir='ltr'>tenentes</span> <span class='ocrx_word' id='word_1_136' title='bbox 1407 1535 1466 1576; x_wconf 86' lang='lat' dir='ltr'>sic</span> <span class='ocrx_word' id='word_1_137' title='bbox 1483 1547 1697 1576; x_wconf 89' lang='lat' dir='ltr'>censuram</span> 
     </span>
     <span class='ocr_line' id='line_1_18' title="bbox 191 1603 1699 1659; baseline -0.001 -13"><span class='ocrx_word' id='word_1_138' title='bbox 191 1605 346 1659; x_wconf 86' lang='lat' dir='ltr'>uigoris</span> <span class='ocrx_word' id='word_1_139' title='bbox 387 1604 670 1658; x_wconf 88' lang='lat' dir='ltr'>peccatoribus</span> <span class='ocrx_word' id='word_1_140' title='bbox 706 1604 957 1654; x_wconf 73' lang='lat' dir='ltr'>exhibemus,</span> <span class='ocrx_word' id='word_1_141' title='bbox 995 1605 1042 1646; x_wconf 90' lang='lat' dir='ltr'>ut</span> <span class='ocrx_word' id='word_1_142' title='bbox 1078 1606 1217 1646; x_wconf 91' lang='lat' dir='ltr'>tamen</span> <span class='ocrx_word' id='word_1_143' title='bbox 1254 1604 1383 1658; x_wconf 87' lang='lat' dir='ltr'>lapsis</span> <span class='ocrx_word' id='word_1_144' title='bbox 1422 1603 1627 1658; x_wconf 85' lang='lat' dir='ltr'>erigendis</span> <span class='ocrx_word' id='word_1_145' title='bbox 1658 1605 1699 1645; x_wconf 90' lang='lat' dir='ltr'>et</span> 
     </span>
     <span class='ocr_line' id='line_1_19' title="bbox 191 1672 1696 1716; baseline -0.002 0"><span class='ocrx_word' id='word_1_146' title='bbox 191 1674 382 1716; x_wconf 88' lang='lat' dir='ltr'>curandis</span> <span class='ocrx_word' id='word_1_147' title='bbox 405 1673 634 1715; x_wconf 87' lang='lat' dir='ltr'>uulneratis</span> <span class='ocrx_word' id='word_1_148' title='bbox 656 1673 855 1715; x_wconf 86' lang='lat' dir='ltr'>bonitatis</span> <span class='ocrx_word' id='word_1_149' title='bbox 878 1675 918 1714; x_wconf 84' lang='lat' dir='ltr'>et</span> <span class='ocrx_word' id='word_1_150' title='bbox 940 1673 1243 1715; x_wconf 88' lang='lat' dir='ltr'>misericordiae</span> <span class='ocrx_word' id='word_1_151' title='bbox 1264 1674 1429 1715; x_wconf 90' lang='lat' dir='ltr'>diuinae</span> <span class='ocrx_word' id='word_1_152' title='bbox 1447 1672 1696 1714; x_wconf 90' lang='lat' dir='ltr'>medicinam</span> 
     </span>
     <span class='ocr_line' id='line_1_20' title="bbox 190 1744 550 1797; baseline -0.006 -13"><span class='ocrx_word' id='word_1_153' title='bbox 190 1755 268 1785; x_wconf 89' lang='lat' dir='ltr'>non</span> <span class='ocrx_word' id='word_1_154' title='bbox 291 1744 550 1797; x_wconf 83' lang='lat' dir='ltr'>denegemus.</span> 
     </span>
    </p>

    <p class='ocr_par' dir='ltr' id='par_1_5' title="bbox 153 1811 1743 1935">
     <span class='ocr_line' id='line_1_21' title="bbox 153 1811 1743 1864; baseline -0.001 -8"><span class='ocrx_word' id='word_1_155' title='bbox 153 1817 175 1856; x_wconf 84' lang='lat'><strong>2</strong></span> <span class='ocrx_word' id='word_1_156' title='bbox 247 1812 503 1864; x_wconf 82' lang='lat' dir='ltr'>Quapropter</span> <span class='ocrx_word' id='word_1_157' title='bbox 539 1811 670 1853; x_wconf 85' lang='lat' dir='ltr'>facere</span> <span class='ocrx_word' id='word_1_158' title='bbox 707 1812 748 1852; x_wconf 91' lang='lat' dir='ltr'>te</span> <span class='ocrx_word' id='word_1_159' title='bbox 786 1812 946 1864; x_wconf 89' lang='lat' dir='ltr'>oportet</span> <span class='ocrx_word' id='word_1_160' title='bbox 981 1811 1241 1863; x_wconf 88' lang='lat' dir='ltr'>plenissimas</span> <span class='ocrx_word' id='word_1_161' title='bbox 1278 1811 1441 1852; x_wconf 89' lang='lat' dir='ltr'>litteras</span> <span class='ocrx_word' id='word_1_162' title='bbox 1478 1811 1529 1852; x_wconf 91' lang='lat' dir='ltr'>ad</span> <span class='ocrx_word' id='word_1_163' title='bbox 1565 1811 1694 1864; x_wconf 89' lang='lat' dir='ltr'>coepi·</span> <span class='ocrx_word' id='word_1_164' title='bbox 1710 1828 1743 1854; x_wconf 86' lang='lat'>20</span> 
     </span>
     <span class='ocr_line' id='line_1_22' title="bbox 192 1880 1697 1935; baseline -0.003 -11"><span class='ocrx_word' id='word_1_165' title='bbox 192 1893 331 1935; x_wconf 87' lang='lat' dir='ltr'>scopos</span> <span class='ocrx_word' id='word_1_166' title='bbox 361 1881 519 1923; x_wconf 79' lang='lat' dir='ltr'>nostros</span> <span class='ocrx_word' id='word_1_167' title='bbox 548 1881 590 1922; x_wconf 88' lang='lat' dir='ltr'>in</span> <span class='ocrx_word' id='word_1_168' title='bbox 612 1880 749 1922; x_wconf 83' lang='lat' dir='ltr'>Gallia</span> <span class='ocrx_word' id='word_1_169' title='bbox 780 1880 1039 1931; x_wconf 88' lang='lat' dir='ltr'>constitutos,</span> <span class='ocrx_word' id='word_1_170' title='bbox 1069 1893 1117 1921; x_wconf 94' lang='lat' dir='ltr'>ne</span> <span class='ocrx_word' id='word_1_171' title='bbox 1139 1880 1249 1921; x_wconf 88' lang='lat' dir='ltr'>ultra</span> <span class='ocrx_word' id='word_1_172' title='bbox 1269 1880 1525 1922; x_wconf 89' lang='lat' dir='ltr'>Marcianum</span> <span class='ocrx_word' id='word_1_173' title='bbox 1561 1880 1697 1933; x_wconf 84' lang='lat' dir='ltr'>perui—</span> 
     </span>
    </p>
   </div>
   <div class='ocr_carea' id='block_1_5' title="bbox 191 2039 1698 2143">
    <p class='ocr_par' dir='ltr' id='par_1_6' title="bbox 191 2039 1698 2143">
     <span class='ocr_line' id='line_1_23' title="bbox 258 2039 1698 2086; baseline -0.001 -11"><span class='ocrx_word' id='word_1_174' title='bbox 258 2042 373 2086; x_wconf 86' lang='lat' dir='ltr'>Epist.</span> <span class='ocrx_word' id='word_1_175' title='bbox 391 2041 559 2075; x_wconf 84' lang='lat' dir='ltr'>LXVIII.</span> <span class='ocrx_word' id='word_1_176' title='bbox 586 2061 625 2064; x_wconf 39' lang='lat'>*—</span> <span class='ocrx_word' id='word_1_177' title='bbox 654 2041 788 2085; x_wconf 91' lang='lat' dir='ltr'>Incipit</span> <span class='ocrx_word' id='word_1_178' title='bbox 813 2040 856 2074; x_wconf 83' lang='lat' dir='ltr'>ad</span> <span class='ocrx_word' id='word_1_179' title='bbox 875 2040 1095 2084; x_wconf 82' lang='lat' dir='ltr'>Stephanum</span> <span class='ocrx_word' id='word_1_180' title='bbox 1120 2040 1161 2074; x_wconf 91' lang='lat' dir='ltr'>de</span> <span class='ocrx_word' id='word_1_181' title='bbox 1179 2040 1360 2074; x_wconf 85' lang='lat' dir='ltr'>Marciano</span> <span class='ocrx_word' id='word_1_182' title='bbox 1382 2040 1579 2073; x_wconf 85' lang='lat' dir='ltr'>arelatense</span> <span class='ocrx_word' id='word_1_183' title='bbox 1597 2039 1698 2083; x_wconf 77' lang='lat' dir='ltr'>(add.</span> 
     </span>
     <span class='ocr_line' id='line_1_24' title="bbox 191 2097 1698 2143; baseline -0.003 -9"><span class='ocrx_word' id='word_1_184' title='bbox 191 2100 254 2135; x_wconf 81' lang='grc' dir='ltr'>ΟΖ</span> <span class='ocrx_word' id='word_1_185' title='bbox 262 2114 271 2134; x_wconf 94' lang='grc'>.·</span> <span class='ocrx_word' id='word_1_186' title='bbox 290 2100 351 2143; x_wconf 89' lang='lat' dir='ltr'>qui</span> <span class='ocrx_word' id='word_1_187' title='bbox 369 2098 444 2143; x_wconf 87' lang='lat' dir='ltr'>(qui</span> <span class='ocrx_word' id='word_1_188' title='bbox 463 2105 498 2132; x_wconf 81' lang='lat' dir='ltr'>et</span> <span class='ocrx_word' id='word_1_189' title='bbox 517 2098 558 2141; x_wconf 78' lang='lat' dir='ltr'>C)</span> <span class='ocrx_word' id='word_1_190' title='bbox 577 2098 774 2132; x_wconf 83' lang='lat' dir='ltr'>haereticos</span> <span class='ocrx_word' id='word_1_191' title='bbox 801 2098 934 2142; x_wconf 89' lang='lat' dir='ltr'>recepit</span> <span class='ocrx_word' id='word_1_192' title='bbox 953 2098 1100 2142; x_wconf 90' lang='lat' dir='ltr'>(recepit</span> <span class='ocrx_word' id='word_1_193' title='bbox 1123 2098 1278 2131; x_wconf 81' lang='lat' dir='ltr'>feliciter</span> <span class='ocrx_word' id='word_1_194' title='bbox 1303 2098 1346 2142; x_wconf 79' lang='lat' dir='ltr'>C)</span> <span class='ocrx_word' id='word_1_195' title='bbox 1369 2097 1499 2142; x_wconf 67' lang='lat' dir='ltr'>CZz&#39;op.</span> <span class='ocrx_word' id='word_1_196' title='bbox 1522 2117 1560 2121; x_wconf 98' lang='lat'><strong>—</strong></span> <span class='ocrx_word' id='word_1_197' title='bbox 1579 2098 1600 2130; x_wconf 87' lang='lat'><strong>3</strong></span> <span class='ocrx_word' id='word_1_198' title='bbox 1618 2097 1698 2140; x_wconf 84' lang='lat' dir='ltr'>lug-</span> 
     </span>
    </p>
   </div>
   <div class='ocr_carea' id='block_1_6' title="bbox 189 2154 1697 2833">
    <p class='ocr_par' dir='ltr' id='par_1_7' title="bbox 189 2154 1697 2833">
     <span class='ocr_line' id='line_1_25' title="bbox 191 2154 1656 2203; baseline -0.003 -11"><span class='ocrx_word' id='word_1_199' title='bbox 191 2158 282 2192; x_wconf 89' lang='lat' dir='ltr'>duno</span> <span class='ocrx_word' id='word_1_200' title='bbox 306 2158 393 2203; x_wconf 73' lang='lat' dir='ltr'>CoiQ</span> <span class='ocrx_word' id='word_1_201' title='bbox 552 2156 664 2190; x_wconf 86' lang='lat' dir='ltr'>frater</span> <span class='ocrx_word' id='word_1_202' title='bbox 681 2156 862 2190; x_wconf 89' lang='lat' dir='ltr'>carissime</span> <span class='ocrx_word' id='word_1_203' title='bbox 881 2166 946 2190; x_wconf 81' lang='lat' dir='ltr'>om.</span> <span class='ocrx_word' id='word_1_204' title='bbox 973 2156 1007 2190; x_wconf 92' lang='lat' dir='ltr'><em>V</em></span> <span class='ocrx_word' id='word_1_205' title='bbox 1163 2157 1185 2189; x_wconf 79' lang='lat'>4</span> <span class='ocrx_word' id='word_1_206' title='bbox 1203 2155 1303 2189; x_wconf 85' lang='lat' dir='ltr'>uobis</span> <span class='ocrx_word' id='word_1_207' title='bbox 1321 2155 1431 2189; x_wconf 88' lang='lat' dir='ltr'>etiam</span> <span class='ocrx_word' id='word_1_208' title='bbox 1449 2165 1478 2196; x_wconf 87' lang='lat' dir='ltr'>o,</span> <span class='ocrx_word' id='word_1_209' title='bbox 1498 2154 1599 2188; x_wconf 86' lang='lat' dir='ltr'>uobis</span> <span class='ocrx_word' id='word_1_210' title='bbox 1624 2155 1656 2188; x_wconf 90' lang='lat' dir='ltr'><em>V</em></span> 
     </span>
     <span class='ocr_line' id='line_1_26' title="bbox 190 2213 1697 2259; baseline -0.002 -10"><span class='ocrx_word' id='word_1_211' title='bbox 190 2216 210 2249; x_wconf 81' lang='lat'>6</span> <span class='ocrx_word' id='word_1_212' title='bbox 229 2216 350 2249; x_wconf 87' lang='lat' dir='ltr'>eadem</span> <span class='ocrx_word' id='word_1_213' title='bbox 368 2225 432 2248; x_wconf 85' lang='lat' dir='ltr'>om.</span> <span class='ocrx_word' id='word_1_214' title='bbox 451 2214 486 2259; x_wconf 57' lang='grc' dir='ltr'>ἐρ</span> <span class='ocrx_word' id='word_1_215' title='bbox 650 2213 805 2248; x_wconf 88' lang='lat' dir='ltr'>arelatae</span> <span class='ocrx_word' id='word_1_216' title='bbox 824 2224 854 2254; x_wconf 87' lang='lat' dir='ltr'>o,</span> <span class='ocrx_word' id='word_1_217' title='bbox 873 2213 1006 2247; x_wconf 83' lang='lat' dir='ltr'>arelato</span> <span class='ocrx_word' id='word_1_218' title='bbox 1025 2213 1060 2246; x_wconf 90' lang='lat' dir='ltr'><em>Z</em></span> <span class='ocrx_word' id='word_1_219' title='bbox 1224 2213 1242 2246; x_wconf 75' lang='lat'>7</span> <span class='ocrx_word' id='word_1_220' title='bbox 1262 2213 1308 2257; x_wconf 89' lang='lat' dir='ltr'>se]</span> <span class='ocrx_word' id='word_1_221' title='bbox 1329 2223 1401 2247; x_wconf 86' lang='lat' dir='ltr'>sese</span> <span class='ocrx_word' id='word_1_222' title='bbox 1418 2224 1460 2247; x_wconf 82' lang='lat' dir='ltr'>ov</span> <span class='ocrx_word' id='word_1_223' title='bbox 1618 2223 1697 2246; x_wconf 91' lang='lat' dir='ltr'>con-</span> 
     </span>
     <span class='ocr_line' id='line_1_27' title="bbox 190 2270 1656 2317; baseline -0.002 -11"><span class='ocrx_word' id='word_1_224' title='bbox 190 2272 355 2317; x_wconf 85' lang='lat' dir='ltr'>iunxerit]</span> <span class='ocrx_word' id='word_1_225' title='bbox 374 2271 640 2306; x_wconf 87' lang='lat' dir='ltr'>communicerit</span> <span class='ocrx_word' id='word_1_226' title='bbox 659 2271 693 2304; x_wconf 88' lang='lat' dir='ltr'><em>Z</em></span> <span class='ocrx_word' id='word_1_227' title='bbox 875 2271 1042 2315; x_wconf 89' lang='lat' dir='ltr'>ueritate]</span> <span class='ocrx_word' id='word_1_228' title='bbox 1062 2270 1201 2304; x_wconf 90' lang='lat' dir='ltr'>unitate</span> <span class='ocrx_word' id='word_1_229' title='bbox 1221 2271 1273 2305; x_wconf 78' lang='lat' dir='ltr'>Zv</span> <span class='ocrx_word' id='word_1_230' title='bbox 1458 2270 1480 2304; x_wconf 80' lang='lat'>8</span> <span class='ocrx_word' id='word_1_231' title='bbox 1497 2270 1545 2314; x_wconf 86' lang='lat' dir='ltr'>et]</span> <span class='ocrx_word' id='word_1_232' title='bbox 1564 2271 1604 2303; x_wconf 93' lang='lat' dir='ltr'>ut</span> <span class='ocrx_word' id='word_1_233' title='bbox 1622 2270 1656 2303; x_wconf 89' lang='lat' dir='ltr'><em>Z</em></span> 
     </span>
     <span class='ocr_line' id='line_1_28' title="bbox 190 2327 1696 2374; baseline -0.003 -9"><span class='ocrx_word' id='word_1_234' title='bbox 190 2330 381 2365; x_wconf 86' lang='lat' dir='ltr'>sacerdotis</span> <span class='ocrx_word' id='word_1_235' title='bbox 405 2330 435 2365; x_wconf 78' lang='lat' dir='ltr'><em>C</em></span> <span class='ocrx_word' id='word_1_236' title='bbox 615 2329 832 2363; x_wconf 87' lang='lat' dir='ltr'>confessione</span> <span class='ocrx_word' id='word_1_237' title='bbox 856 2329 885 2364; x_wconf 77' lang='lat' dir='ltr'><em>C</em></span> <span class='ocrx_word' id='word_1_238' title='bbox 1068 2329 1253 2363; x_wconf 88' lang='lat' dir='ltr'>dicesserit</span> <span class='ocrx_word' id='word_1_239' title='bbox 1271 2328 1311 2369; x_wconf 88' lang='lat' dir='ltr'>Z,</span> <span class='ocrx_word' id='word_1_240' title='bbox 1331 2339 1397 2363; x_wconf 83' lang='lat' dir='ltr'>om.</span> <span class='ocrx_word' id='word_1_241' title='bbox 1423 2329 1536 2374; x_wconf 71' lang='lat' dir='ltr'>C&#39;oip,</span> <span class='ocrx_word' id='word_1_242' title='bbox 1561 2327 1696 2362; x_wconf 88' lang='lat' dir='ltr'>disiun-</span> 
     </span>
     <span class='ocr_line' id='line_1_29' title="bbox 190 2386 1650 2433; baseline -0.001 -12"><span class='ocrx_word' id='word_1_243' title='bbox 190 2388 282 2422; x_wconf 82' lang='lat' dir='ltr'>xerit</span> <span class='ocrx_word' id='word_1_244' title='bbox 306 2387 349 2421; x_wconf 79' lang='lat'>0²</span> <span class='ocrx_word' id='word_1_245' title='bbox 369 2388 410 2421; x_wconf 72' lang='lat' dir='ltr'>in</span> <span class='ocrx_word' id='word_1_246' title='bbox 428 2398 541 2432; x_wconf 61' lang='lat' dir='ltr'>victry.</span> <span class='ocrx_word' id='word_1_247' title='bbox 728 2387 749 2421; x_wconf 85' lang='lat'>9</span> <span class='ocrx_word' id='word_1_248' title='bbox 766 2387 997 2431; x_wconf 84' lang='lat' dir='ltr'>prauitatem]</span> <span class='ocrx_word' id='word_1_249' title='bbox 1016 2387 1099 2422; x_wconf 75' lang='lat' dir='ltr'>add.</span> <span class='ocrx_word' id='word_1_250' title='bbox 1122 2387 1197 2433; x_wconf 70' lang='lat' dir='ltr'>ioQ:</span> <span class='ocrx_word' id='word_1_251' title='bbox 1218 2398 1253 2420; x_wconf 88' lang='lat' dir='ltr'>se</span> <span class='ocrx_word' id='word_1_252' title='bbox 1271 2386 1437 2420; x_wconf 87' lang='lat' dir='ltr'>diuiserit</span> <span class='ocrx_word' id='word_1_253' title='bbox 1455 2397 1533 2420; x_wconf 91' lang='lat' dir='ltr'>cum</span> <span class='ocrx_word' id='word_1_254' title='bbox 1550 2386 1594 2420; x_wconf 91' lang='lat' dir='ltr'>ab</span> <span class='ocrx_word' id='word_1_255' title='bbox 1613 2396 1650 2419; x_wconf 89' lang='lat' dir='ltr'>eo</span> 
     </span>
     <span class='ocr_line' id='line_1_30' title="bbox 190 2442 1697 2490; baseline -0.002 -11"><span class='ocrx_word' id='word_1_256' title='bbox 190 2445 243 2489; x_wconf 89' lang='lat' dir='ltr'>ut]</span> <span class='ocrx_word' id='word_1_257' title='bbox 263 2447 298 2478; x_wconf 86' lang='lat' dir='ltr'>et</span> <span class='ocrx_word' id='word_1_258' title='bbox 321 2445 350 2480; x_wconf 79' lang='lat' dir='ltr'><em>G</em></span> <span class='ocrx_word' id='word_1_259' title='bbox 465 2446 505 2478; x_wconf 88' lang='lat' dir='ltr'>ut</span> <span class='ocrx_word' id='word_1_260' title='bbox 527 2471 533 2477; x_wconf 93' lang='lat'><strong>.</strong></span> <span class='ocrx_word' id='word_1_261' title='bbox 549 2471 555 2477; x_wconf 92' lang='lat'><em>.</em></span> <span class='ocrx_word' id='word_1_262' title='bbox 572 2471 578 2477; x_wconf 90' lang='lat'>.</span> <span class='ocrx_word' id='word_1_263' title='bbox 598 2444 862 2488; x_wconf 84' lang='lat' dir='ltr'>paenitentibus</span> <span class='ocrx_word' id='word_1_264' title='bbox 882 2446 917 2478; x_wconf 89' lang='lat' dir='ltr'>et</span> <span class='ocrx_word' id='word_1_265' title='bbox 936 2456 1000 2478; x_wconf 84' lang='lat' dir='ltr'>om.</span> <span class='ocrx_word' id='word_1_266' title='bbox 1019 2445 1076 2490; x_wconf 69' lang='lat' dir='ltr'>iop</span> <span class='ocrx_word' id='word_1_267' title='bbox 1206 2444 1249 2478; x_wconf 89' lang='lat'>10</span> <span class='ocrx_word' id='word_1_268' title='bbox 1266 2443 1544 2488; x_wconf 88' lang='lat' dir='ltr'>paenitentibus]</span> <span class='ocrx_word' id='word_1_269' title='bbox 1564 2442 1697 2477; x_wconf 88' lang='lat' dir='ltr'>facien-</span> 
     </span>
     <span class='ocr_line' id='line_1_31' title="bbox 189 2500 1652 2546; baseline -0.001 -10"><span class='ocrx_word' id='word_1_270' title='bbox 189 2503 286 2537; x_wconf 88' lang='lat' dir='ltr'>tibus</span> <span class='ocrx_word' id='word_1_271' title='bbox 305 2513 385 2546; x_wconf 68' lang='lat' dir='ltr'>eoep.</span> <span class='ocrx_word' id='word_1_272' title='bbox 412 2503 439 2537; x_wconf 81' lang='lat'><em>0</em></span> <span class='ocrx_word' id='word_1_273' title='bbox 599 2503 634 2535; x_wconf 89' lang='lat' dir='ltr'>et</span> <span class='ocrx_word' id='word_1_274' title='bbox 651 2502 697 2546; x_wconf 80' lang='lat' dir='ltr'>d]</span> <span class='ocrx_word' id='word_1_275' title='bbox 716 2512 754 2535; x_wconf 90' lang='lat' dir='ltr'>eo</span> <span class='ocrx_word' id='word_1_276' title='bbox 773 2501 974 2536; x_wconf 89' lang='lat' dir='ltr'>dolentibus</span> <span class='ocrx_word' id='word_1_277' title='bbox 999 2501 1028 2537; x_wconf 88' lang='lat' dir='ltr'>C&#39;</span> <span class='ocrx_word' id='word_1_278' title='bbox 1188 2503 1223 2535; x_wconf 88' lang='lat' dir='ltr'>et</span> <span class='ocrx_word' id='word_1_279' title='bbox 1241 2500 1296 2545; x_wconf 90' lang='lat' dir='ltr'>ad]</span> <span class='ocrx_word' id='word_1_280' title='bbox 1318 2512 1357 2536; x_wconf 88' lang='lat' dir='ltr'>ac</span> <span class='ocrx_word' id='word_1_281' title='bbox 1375 2512 1421 2535; x_wconf 67' lang='grc'><strong>696</strong></span> <span class='ocrx_word' id='word_1_282' title='bbox 1439 2500 1483 2535; x_wconf 89' lang='lat' dir='ltr'>ad</span> <span class='ocrx_word' id='word_1_283' title='bbox 1506 2500 1544 2541; x_wconf 79' lang='lat' dir='ltr'>G,</span> <span class='ocrx_word' id='word_1_284' title='bbox 1563 2501 1598 2534; x_wconf 80' lang='lat' dir='ltr'>et</span> <span class='ocrx_word' id='word_1_285' title='bbox 1621 2500 1652 2534; x_wconf 91' lang='lat' dir='ltr'><em>V</em></span> 
     </span>
     <span class='ocr_line' id='line_1_32' title="bbox 190 2557 1696 2603; baseline -0.001 -10"><span class='ocrx_word' id='word_1_286' title='bbox 190 2560 234 2594; x_wconf 97' lang='grc'>12</span> <span class='ocrx_word' id='word_1_287' title='bbox 254 2559 464 2594; x_wconf 83' lang='lat' dir='ltr'>claudantur</span> <span class='ocrx_word' id='word_1_288' title='bbox 483 2560 575 2593; x_wconf 67' lang='lat' dir='ltr'><em>Z0²v</em></span> <span class='ocrx_word' id='word_1_289' title='bbox 735 2559 898 2603; x_wconf 87' lang='lat' dir='ltr'>fouenda]</span> <span class='ocrx_word' id='word_1_290' title='bbox 919 2561 955 2593; x_wconf 80' lang='lat' dir='ltr'>et</span> <span class='ocrx_word' id='word_1_291' title='bbox 972 2558 1125 2593; x_wconf 83' lang='lat' dir='ltr'>curanda</span> <span class='ocrx_word' id='word_1_292' title='bbox 1142 2559 1227 2593; x_wconf 69' lang='lat' dir='ltr'>aad.</span> <span class='ocrx_word' id='word_1_293' title='bbox 1248 2559 1283 2592; x_wconf 90' lang='lat' dir='ltr'><em>Z</em></span> <span class='ocrx_word' id='word_1_294' title='bbox 1442 2558 1486 2592; x_wconf 86' lang='lat'>13</span> <span class='ocrx_word' id='word_1_295' title='bbox 1504 2557 1696 2592; x_wconf 89' lang='lat' dir='ltr'>communi-</span> 
     </span>
     <span class='ocr_line' id='line_1_33' title="bbox 190 2615 1654 2661; baseline -0.002 -9"><span class='ocrx_word' id='word_1_296' title='bbox 190 2618 329 2652; x_wconf 84' lang='lat' dir='ltr'>catione</span> <span class='ocrx_word' id='word_1_297' title='bbox 346 2619 470 2651; x_wconf 86' lang='lat' dir='ltr'>nostra</span> <span class='ocrx_word' id='word_1_298' title='bbox 487 2617 522 2650; x_wconf 89' lang='lat' dir='ltr'><em>Z</em></span> <span class='ocrx_word' id='word_1_299' title='bbox 696 2617 739 2650; x_wconf 82' lang='lat'>14</span> <span class='ocrx_word' id='word_1_300' title='bbox 757 2616 937 2661; x_wconf 85' lang='lat' dir='ltr'>praedam]</span> <span class='ocrx_word' id='word_1_301' title='bbox 956 2616 1119 2660; x_wconf 80' lang='lat' dir='ltr'>rapinam</span> <span class='ocrx_word' id='word_1_302' title='bbox 1138 2616 1171 2649; x_wconf 92' lang='lat' dir='ltr'><em>Z</em></span> <span class='ocrx_word' id='word_1_303' title='bbox 1345 2616 1414 2660; x_wconf 90' lang='lat' dir='ltr'>cui]</span> <span class='ocrx_word' id='word_1_304' title='bbox 1435 2615 1526 2659; x_wconf 91' lang='lat' dir='ltr'>quod</span> <span class='ocrx_word' id='word_1_305' title='bbox 1544 2615 1600 2649; x_wconf 91' lang='lat' dir='ltr'>cui</span> <span class='ocrx_word' id='word_1_306' title='bbox 1619 2615 1654 2649; x_wconf 92' lang='lat' dir='ltr'><em>Z</em></span> 
     </span>
     <span class='ocr_line' id='line_1_34' title="bbox 191 2663 1695 2718; baseline -0.002 -9"><span class='ocrx_word' id='word_1_307' title='bbox 191 2675 234 2709; x_wconf 85' lang='lat'>15</span> <span class='ocrx_word' id='word_1_308' title='bbox 252 2675 380 2709; x_wconf 84' lang='lat' dir='ltr'>fratres</span> <span class='ocrx_word' id='word_1_309' title='bbox 398 2663 525 2708; x_wconf 54' lang='lat' dir='ltr'>kiffi‘Z</span> <span class='ocrx_word' id='word_1_310' title='bbox 622 2675 664 2709; x_wconf 89' lang='grc'><strong>16</strong></span> <span class='ocrx_word' id='word_1_311' title='bbox 683 2674 946 2718; x_wconf 83' lang='lat' dir='ltr'>gubernandam</span> <span class='ocrx_word' id='word_1_312' title='bbox 963 2675 998 2708; x_wconf 66' lang='lat' dir='ltr'>io</span> <span class='ocrx_word' id='word_1_313' title='bbox 1100 2674 1141 2707; x_wconf 82' lang='lat'>17</span> <span class='ocrx_word' id='word_1_314' title='bbox 1160 2673 1345 2718; x_wconf 85' lang='lat' dir='ltr'>uigoribus</span> <span class='ocrx_word' id='word_1_315' title='bbox 1369 2673 1413 2708; x_wconf 80' lang='lat'>0¹</span> <span class='ocrx_word' id='word_1_316' title='bbox 1507 2674 1695 2716; x_wconf 87' lang='lat' dir='ltr'>peccatori-</span> 
     </span>
     <span class='ocr_line' id='line_1_35' title="bbox 190 2730 1696 2777; baseline -0.001 -11"><span class='ocrx_word' id='word_1_317' title='bbox 190 2732 268 2776; x_wconf 87' lang='lat' dir='ltr'>bus]</span> <span class='ocrx_word' id='word_1_318' title='bbox 288 2731 513 2775; x_wconf 85' lang='lat' dir='ltr'>increpandis</span> <span class='ocrx_word' id='word_1_319' title='bbox 530 2732 613 2766; x_wconf 81' lang='lat' dir='ltr'>add.</span> <span class='ocrx_word' id='word_1_320' title='bbox 633 2732 669 2765; x_wconf 91' lang='lat' dir='ltr'><em>Z</em></span> <span class='ocrx_word' id='word_1_321' title='bbox 840 2731 1022 2775; x_wconf 84' lang='lat' dir='ltr'>exigendis</span> <span class='ocrx_word' id='word_1_322' title='bbox 1042 2745 1061 2777; x_wconf 80' lang='grc' dir='ltr'><em>ρ</em></span> <span class='ocrx_word' id='word_1_323' title='bbox 1240 2731 1284 2764; x_wconf 80' lang='grc'>18</span> <span class='ocrx_word' id='word_1_324' title='bbox 1301 2730 1526 2775; x_wconf 90' lang='lat' dir='ltr'>medicinam]</span> <span class='ocrx_word' id='word_1_325' title='bbox 1546 2730 1696 2764; x_wconf 89' lang='lat' dir='ltr'>medica—</span> 
     </span>
     <span class='ocr_line' id='line_1_36' title="bbox 190 2787 1696 2833; baseline -0.001 -10"><span class='ocrx_word' id='word_1_326' title='bbox 190 2789 288 2823; x_wconf 86' lang='lat' dir='ltr'>mina</span> <span class='ocrx_word' id='word_1_327' title='bbox 306 2799 325 2823; x_wconf 87' lang='grc' dir='ltr'><strong><em>ο</em></strong></span> <span class='ocrx_word' id='word_1_328' title='bbox 430 2790 475 2823; x_wconf 84' lang='grc'>20</span> <span class='ocrx_word' id='word_1_329' title='bbox 491 2791 526 2823; x_wconf 88' lang='lat' dir='ltr'>te</span> <span class='ocrx_word' id='word_1_330' title='bbox 543 2799 608 2823; x_wconf 83' lang='lat' dir='ltr'>om.</span> <span class='ocrx_word' id='word_1_331' title='bbox 627 2790 684 2833; x_wconf 65' lang='lat' dir='ltr'>iop</span> <span class='ocrx_word' id='word_1_332' title='bbox 787 2790 823 2823; x_wconf 83' lang='lat' dir='ltr'>tc</span> <span class='ocrx_word' id='word_1_333' title='bbox 841 2790 979 2833; x_wconf 86' lang='lat' dir='ltr'>oportet</span> <span class='ocrx_word' id='word_1_334' title='bbox 998 2799 1043 2823; x_wconf 68' lang='lat' dir='ltr'>ea:</span> <span class='ocrx_word' id='word_1_335' title='bbox 1061 2789 1095 2822; x_wconf 83' lang='lat' dir='ltr'>et</span> <span class='ocrx_word' id='word_1_336' title='bbox 1113 2798 1151 2822; x_wconf 88' lang='lat' dir='ltr'>eo</span> <span class='ocrx_word' id='word_1_337' title='bbox 1169 2789 1311 2832; x_wconf 84' lang='lat' dir='ltr'>propter</span> <span class='ocrx_word' id='word_1_338' title='bbox 1331 2788 1361 2823; x_wconf 79' lang='lat' dir='ltr'><strong><em>C</em></strong></span> <span class='ocrx_word' id='word_1_339' title='bbox 1458 2787 1502 2821; x_wconf 82' lang='lat'>21</span> <span class='ocrx_word' id='word_1_340' title='bbox 1520 2787 1633 2831; x_wconf 87' lang='lat' dir='ltr'>gallia</span> <span class='ocrx_word' id='word_1_341' title='bbox 1656 2788 1696 2828; x_wconf 86' lang='lat' dir='ltr'>V,</span> 
     </span>
    </p>
   </div>
   <div class='ocr_carea' id='block_1_7' title="bbox 190 2844 1412 2891">
    <p class='ocr_par' dir='ltr' id='par_1_8' title="bbox 190 2844 1412 2891">
     <span class='ocr_line' id='line_1_37' title="bbox 190 2844 1412 2891; baseline -0.001 -12"><span class='ocrx_word' id='word_1_342' title='bbox 190 2846 321 2890; x_wconf 79' lang='lat' dir='ltr'>gallias</span> <span class='ocrx_word' id='word_1_343' title='bbox 344 2846 399 2886; x_wconf 81' lang='lat'>0¹,</span> <span class='ocrx_word' id='word_1_344' title='bbox 418 2846 541 2889; x_wconf 76' lang='lat' dir='ltr'>galliis</span> <span class='ocrx_word' id='word_1_345' title='bbox 565 2847 690 2891; x_wconf 54' lang='grc' dir='ltr'><strong><em>Οἳίορυ</em></strong></span> <span class='ocrx_word' id='word_1_346' title='bbox 707 2846 780 2880; x_wconf 72' lang='lat' dir='ltr'>nisi</span> <span class='ocrx_word' id='word_1_347' title='bbox 796 2846 891 2890; x_wconf 75' lang='lat' dir='ltr'>quod</span> <span class='ocrx_word' id='word_1_348' title='bbox 909 2845 939 2879; x_wconf 89' lang='lat' dir='ltr'>is</span> <span class='ocrx_word' id='word_1_349' title='bbox 958 2856 976 2879; x_wconf 86' lang='lat' dir='ltr'><strong><em>O</em></strong></span> <span class='ocrx_word' id='word_1_350' title='bbox 993 2846 1035 2880; x_wconf 70' lang='lat' dir='ltr'>in</span> <span class='ocrx_word' id='word_1_351' title='bbox 1052 2855 1124 2879; x_wconf 76' lang='lat' dir='ltr'>ras.</span> <span class='ocrx_word' id='word_1_352' title='bbox 1142 2856 1186 2879; x_wconf 80' lang='lat' dir='ltr'>m.</span> <span class='ocrx_word' id='word_1_353' title='bbox 1205 2847 1242 2888; x_wconf 77' lang='lat'>2,</span> <span class='ocrx_word' id='word_1_354' title='bbox 1261 2844 1360 2889; x_wconf 82' lang='lat' dir='ltr'>galla</span> <span class='ocrx_word' id='word_1_355' title='bbox 1378 2844 1412 2878; x_wconf 93' lang='lat' dir='ltr'><em>Z</em></span> 
     </span>
    </p>
   </div>
  </div>
 </body>
</html>
