1912 3152
404 268 463 302 De
490 268 750 303 catholicae
776 267 997 302 ecclesiae
1022 267 1207 301 unitate
1232 277 1259 301 c.
1288 266 1395 304 3—5.
1579 266 1663 308 213

545 339 578 386 v(

144 374 233 415 tem
254 371 758 442 manifestaret‘xunitatis
782 371 967 413 eiusdem
989 370 1193 425 originem
1215 369 1266 411 ab
1290 380 1369 411 uno
1391 368 1662 422 incipientem

146 453 220 484 sua
235 440 480 482 auctoritate
499 440 715 494 disposuit.
749 439 825 482 hoc
847 440 964 481 erant
985 438 1128 492 utique
1149 439 1190 480 et
1213 438 1339 480 ceteri
1361 437 1539 492 apostoli
1556 438 1664 491 quod

147 509 229 551 fuit
250 509 396 552 Petrus
411 542 420 560 ‚
454 510 542 564 pari
565 508 767 550 consortio
788 508 966 562 praediti
983 508 1025 550 et
1046 507 1210 550 honoris
1243 507 1285 549 et
1315 507 1534 560 potestatis
1548 540 1557 557 ‚
1591 507 1662 571 sed

148 578 358 621 exordium
379 578 432 620 ab
454 577 614 619 unitate
645 576 918 631 proficiscitur
967 577 1016 618 ut
1046 576 1217 618 ecclesia
1248 574 1402 617 Christi
1435 588 1515 617 una
1544 588 1661 617 mon-

96 658 116 682 5
147 647 334 715 31101111Ὰ
347 659 471 700 quam
501 658 624 687 unam
646 644 860 687 ecclesiam
882 657 902 686 e
926 644 939 686 i
1039 644 1081 686 in
1113 643 1271 686 cantico
1293 644 1547 686 canticorum
1568 643 1661 697 Spi-

147 715 253 757 ritus
276 716 441 757 sanctus
463 727 509 757 ex
532 726 703 768 persona
723 713 891 755 Domini
913 712 1104 768 designat
1125 713 1166 754 et
1188 712 1311 755 dicit:
1352 725 1447 754 una
1477 714 1555 754 est
1586 725 1660 755 00-

148 783 328 825 lumba
349 796 478 834 mea,
510 783 745 836 perfecta
766 794 892 832 mea,
925 794 1020 823 una
1041 782 1119 823 est
1140 781 1302 822 matri
1324 793 1462 830 suae,
1494 781 1659 823 electa

147 852 416 907 genetrici
448 865 580 895 suae.
611 821 732 894 ·)hanc
762 851 954 893 ecclesiae
992 851 1194 893 unitatem
1227 850 1298 904 qui
1334 862 1416 892 non
1452 851 1567 892 tenet
1597 852 1660 892 te-

147 933 242 962 nere
264 933 305 963 se
327 921 451 963 fidem
472 921 635 963 credit?
666 920 737 974 qui
759 920 954 962 ecclesiae
988 919 1183 962 renititur
1204 920 1245 962 et
1266 900 1501 961 resistiffin
1533 919 1661 961 eccle-

99 1002 134 1027 -10
150 988 212 1030 sia
233 1001 274 1031 se
296 1001 381 1031 esse
404 989 602 1031 confidit?
634 989 796 1042 quando
812 984 859 1031 et
880 989 1024 1031 beatus
1045 989 1254 1042 apostolus
1275 987 1432 1039 Paulus
1482 999 1528 1029 00
1548 987 1660 1029 1(10111

148 1058 289 1101 doceat
311 1060 351 1101 et
374 1059 678 1101 sacramentum
699 1058 873 1100 unitatis
894 1058 1083 1100 ostendat
1104 1058 1263 1100 dicens:
1295 1071 1322 1099 u
1337 1063 1450 1099 num
1472 1069 1524 1099 00
1537 1069 1628 1110 rpu
1641 1068 1660 1097 s

149 1128 201 1169 et
231 1141 360 1170 unus
392 1127 635 1181 spiritus,
667 1140 768 1169 una
798 1139 911 1180 spes
942 1126 1244 1169 uocationis
1266 1139 1324 1168 ue
1339 1126 1499 1175 strae,
1531 1137 1660 1167 unus

150 1196 420 1248 Dominus,
452 1210 549 1239 una
579 1196 734 1247 fides,
767 1209 923 1238 unum
954 1195 1241 1249 baptisma,
1272 1208 1399 1237 unus
1429 1195 1574 1236 Deus.
1608 1226 1615 1239 ,-

208 1264 342 1316 Quam
363 1267 565 1308 unitatem
589 1266 726 1308 tenere
747 1265 924 1307 firmiter
946 1266 987 1307 et
1008 1264 1219 1307 uindicare
1248 1264 1457 1314 debemus,
1480 1262 1659 1305 maxime
1675 1268 1698 1308 ὅ

98 1346 136 1370 1⁵
152 1333 329 1388 episcopi
370 1335 441 1388 qui
478 1335 520 1376 in
556 1335 727 1378 ecclesia
762 1334 1044 1388 praesidemus
1059 1366 1068 1384 ‚
1101 1334 1149 1375 ut
1183 1333 1465 1387 episcopatum
1501 1343 1660 1385 quoque

152 1402 288 1455 ipsum
325 1416 453 1445 unum
493 1403 624 1457 adque
660 1403 889 1446 indiuisum
925 1403 1155 1456 probemus.
1202 1413 1320 1444 nemo
1356 1401 1660 1443 fraternitatem

153 1472 363 1514 mendacio
399 1472 541 1523 fallat,
583 1484 701 1514 nemo
738 1471 862 1514 fidem
898 1471 1087 1514 ueritatis
1123 1471 1277 1526 perfida
1313 1469 1658 1524 praeuaricatione

285 1598 307 1631 6
333 1597 435 1633 Cant.
453 1598 484 1638 6,
503 1598 536 1631 8.
611 1598 652 1631 11
678 1597 767 1642 Eph.
785 1597 818 1638 4,
835 1597 858 1631 4
875 1607 926 1641 sq.

209 1711 227 1745 1
247 1711 452 1746 manifestet
462 1711 496 1746 R
555 1711 707 1746 unitatis
718 1710 747 1746 S
752 1711 801 1746 W
808 1710 925 1746 GMR
932 1711 973 1751 V,
987 1720 1092 1745 unam
1106 1709 1313 1744 cathedram
1327 1709 1517 1745 constituit
1530 1711 1567 1744 et
1581 1709 1660 1744 uni-

146 1768 236 1802 tatis
247 1768 446 1803 Manutius
542 1768 617 1803 cius
627 1768 663 1803 R
743 1769 787 1802 ab
803 1779 871 1803 uno
885 1767 1128 1813 incipientem]
1139 1769 1246 1811 atque
1263 1766 1439 1812 originem
1454 1767 1583 1802 Vteste
1592 1767 1659 1802 Ri-

145 1825 260 1870 {Jaltio
323 1825 345 1859 2
361 1827 397 1859 et
410 1836 474 1859 om.
485 1825 521 1861 R
579 1825 602 1859 3
618 1825 691 1860 fuit
703 1827 738 1860 et
754 1825 787 1860 G
844 1825 867 1860 4
881 1824 1132 1870 proficiscitur]
1145 1824 1231 1859 add.
1247 1836 1267 1859 υ
1278 1828 1360 1868 post
1368 1825 1587 1859 Manutium
1600 1825 1658 1859 in-

146 1882 236 1917 uitis
251 1882 280 1917 S
288 1882 335 1916 W
340 1882 422 1917 GM
428 1882 512 1918 VR:
539 1884 576 1917 et
603 1883 778 1927 primatus
796 1883 902 1917 Petro
918 1882 1041 1924 datur,
1076 1883 1118 1916 ut
1144 1892 1213 1916 una
1230 1881 1366 1917 Christi
1383 1881 1532 1916 ecclesia
1549 1883 1585 1916 ct
1601 1892 1658 1916 ca-

145 1938 274 1973 thedra
287 1949 358 1973 una
375 1941 600 1974 monstretur.
620 1941 655 1974 et
668 1942 828 1984 pastores
842 1941 926 1974 sunt
940 1950 1071 1980 01111103,
1089 1939 1151 1973 sed
1162 1950 1249 1984 grex
1262 1950 1352 1974 unus
1366 1938 1576 1980 ostenditur,
1595 1939 1658 1983 qui

146 1995 191 2030 ab
205 1996 376 2041 apostolis
390 1996 554 2031 omnibus
572 1997 732 2031 unanimi
749 1997 975 2031 consensione
993 1998 1168 2041 pascatur.
1188 1996 1345 2031 adnotat
1358 1997 1421 2031 uir
1434 1997 1574 2041 doctas,
1598 1998 1659 2032 01ιί

146 2054 338 2087 uariantes
356 2054 526 2088 lectiones
545 2054 585 2088 in
603 2054 805 2098 escemplart'
828 2054 1083 2099 Goettinyensi
1099 2053 1288 2088 debemus:
1307 2051 1408 2088 ‘haec
1431 2054 1545 2088 uerba
1569 2058 1658 2088 sant

143 2110 274 2145 addita
294 2121 339 2145 ea:
362 2121 436 2145 uno
453 2111 573 2146 codice
590 2122 773 2147 manuscr.
807 2112 944 2146 Virosit
966 2112 1056 2155 (sicl
1079 2111 1143 2146 secl
1170 2115 1386 2155 corruptum
1410 2123 1456 2146 ea:
1479 2111 1655 2153 Vianesii,

143 2169 219 2211 fait
245 2169 341 2203 enim
366 2169 426 2203 ille
450 2169 540 2204 liber
563 2170 729 2204 Vianesii
753 2170 798 2204 (10
822 2170 1054 2215 Alberyatis;
1081 2170 1130 2212 ef.
1150 2169 1279 2204 Latin.
1298 2169 1375 2204 bibl.
1395 2181 1485 2204 sacr.
1510 2181 1546 2214 p.
1570 2171 1656 2213 179)

146 2226 403 2267 Bononiensis,
421 2227 486 2271 qai
503 2231 553 2262 est
571 2227 612 2262 in
629 2227 839 2263 bibliotheca
854 2227 1047 2268 Vaticana,
1067 2238 1092 2262 a
1108 2227 1153 2261 P.
1177 2227 1347 2262 Gabriele
1358 2227 1656 2271 paenitentiario

144 2283 392 2318 consentiente
416 2284 587 2329 magistro
609 2285 709 2319 sacri
731 2285 899 2329 palatii'.
925 2286 989 2320 hoc
1006 2284 1301 2320 additamentum
1317 2283 1487 2328 defendit
1509 2295 1655 2330 anony-

146 2351 224 2375 mus
241 2341 281 2375 in
298 2340 417 2376 libello
434 2342 613 2386 inscripto
630 2342 736 2377 lettre
759 2342 852 2377 d'un
874 2346 1025 2386 seaeant
1049 2342 1142 2378 (ΓΑ.
1170 2352 1270 2387 pour
1288 2342 1462 2377 reclamer
1489 2353 1544 2378 un
1567 2352 1654 2386 pas-

143 2408 229 2443 saye
243 2398 441 2442 important
459 2398 504 2433 (10
521 2399 575 2434 St.
599 2399 770 2444 Cyprien.
798 2400 995 2435 Memoires
1019 2399 1064 2434 de
1082 2399 1262 2435 Trevoux.
1286 2401 1384 2435 1726
1403 2410 1442 2444 12-
1462 2402 1557 2434 1877
1579 2410 1655 2444 sq„-

145 2455 192 2498 ef.
209 2459 329 2490 tamen
343 2456 579 2501 tlteoloyisehe
597 2456 887 2502 chartalsehrift
905 2460 1000 2492 1823
1023 2468 1060 2501 p.
1077 2459 1148 2491 510
1173 2467 1223 2501 sq.
1321 2458 1362 2491 ut
1374 2457 1408 2492 R
1420 2467 1446 2492 s.
1465 2457 1485 2491 l.
1506 2468 1549 2491 m.
1563 2459 1587 2492 2

146 2511 282 2547 Christi
299 2524 362 2548 om.
390 2513 423 2548 V
535 2516 728 2549 mostretur
746 2514 776 2549 S
889 2514 911 2548 5
935 2514 1044 2549 etiam
1075 2525 1139 2549 om.
1158 2514 1188 2549 S
1301 2514 1322 2548 6
1346 2513 1514 2559 designat
1537 2514 1586 2558 et]
1612 2513 1656 2548 de

20 2558 24 2612 ]
145 2569 293 2604 ecclesia
317 2569 351 2605 G
429 2570 526 2605 dicat
543 2571 574 2606 S
665 2572 684 2606 7
712 2571 826 2607 electa
842 2574 896 2606 est
913 2572 975 2613 M,
1001 2582 1067 2606 om.
1087 2571 1117 2606 S
1207 2572 1230 2606 8
1256 2571 1424 2617 genitrici
1442 2582 1462 2607 v
1555 2573 1656 2605 tenet

21 2622 23 2628 ⁴
147 2637 210 2662 om.
230 2627 267 2663 R
360 2628 383 2664 9
410 2628 561 2674 resistit]
580 2629 666 2664 add.
686 2642 715 2665 v.
731 2634 815 2674 post
833 2630 1058 2665 Pamezium:
1085 2630 1146 2674 qui
1171 2629 1376 2664 cathedram
1394 2629 1510 2668 Petri,
1549 2639 1653 2673 super

147 2694 252 2728 quam
269 2685 386 2728 (quem
405 2686 598 2730 Baluzius)
615 2686 766 2722 fundata
783 2690 837 2721 est
854 2686 1017 2727 ecclesia,
1034 2686 1167 2721 deserit
1239 2687 1285 2722 12
1312 2697 1419 2721 unum
1437 2675 1518 2732 spffi
1531 2686 1584 2721 13¹

147 2742 296 2786 uestrae]
315 2744 455 2777 nostrae
477 2742 511 2778 G·
618 2744 660 2778 14
685 2743 836 2778 firmiter
853 2746 972 2778 tenere
990 2756 1010 2779 v
1117 2744 1159 2779 15
1184 2743 1367 2778 ecclesiam
1390 2744 1438 2778 G*
1535 2746 1575 2779 16
1600 2745 1653 2780 in-

146 2798 263 2833 uisum
284 2799 380 2833 WM
385 2802 392 2821 ¹
472 2800 512 2834 17
540 2799 644 2835 fidem
662 2801 828 2835 ueritatis
847 2800 890 2842 S,
910 2800 993 2835 fidei
1010 2801 1203 2835 ueritatem
1222 2800 1418 2837 WGMRo
1505 2802 1650 2847 perfida]

146 2855 312 2898 perfidiae
337 2856 381 2897 V,
409 2867 470 2901 per
486 2856 568 2892 fidei
586 2857 636 2892 M
701 2858 1042 2902 praeuaricationem
1061 2858 1109 2894 M
