1838 3152
196 225 280 266 840
734 223 925 259 Caecilii
952 223 1167 268 Cypriani

197 327 320 369 stiani
344 328 470 381 [esse]
492 328 854 380 perseuerauerint,
888 327 1019 380 capite
1041 340 1199 380 quoque
1220 328 1459 378 multentur,
1485 329 1694 370 matronae

200 397 403 450 ademptis
424 397 539 438 bonis
562 397 604 438 in
627 397 794 438 exilium
815 396 1063 450 relegentur,
1095 395 1324 437 Caesariani
1347 398 1484 438 autem
1507 397 1694 450 quicum-

197 477 273 517 que
296 465 362 506 uel
383 465 497 517 prius
519 465 693 506 confessi
714 464 877 506 fuerant
897 464 965 505 uel
983 476 1089 505 nunc
1111 463 1282 505 confessi
1303 464 1455 505 fuerint
1476 465 1693 506 confiscen-

196 535 265 575 tur
301 535 341 575 et
378 533 507 574 uincti
544 534 586 574 in
620 532 881 575 Caesarianas
917 533 1189 585 possessiones
1231 533 1424 586 descripti
1460 534 1692 575 mittantur.

197 603 369 644 subiecit
411 603 534 644 etiam
572 602 812 644 Valerianus
852 602 1075 655 imperator
1115 602 1288 643 orationi
1330 614 1425 643 suae
1462 603 1721 656 exemplumf,

197 670 431 712 litterarum
462 683 560 724 quas
590 671 641 712 ad
672 671 879 723 praesides
908 670 1213 723 prouinciarum
1235 670 1283 711 de
1304 670 1420 712 nobis
1450 670 1566 711 fecit:
1596 684 1695 723 quas

196 739 357 781 litteras
388 739 536 781 cotidie
566 752 775 793 speramus
799 730 949 790 uenire,
982 740 1137 780 stantes
1160 740 1383 780 secundum
1405 739 1499 780 fidei
1520 739 1696 781 firmita-

195 808 280 849 tem
298 809 348 849 ad
365 808 564 862 passionis
586 808 848 850 tolerantiam
870 809 909 849 et
932 809 1191 861 expectantes
1213 808 1261 848 de
1283 819 1356 860 ope
1379 808 1418 849 et
1439 808 1697 863 indulgentia

195 876 362 918 Domini
403 878 514 919 uitae
555 879 741 919 aeternae
783 889 983 918 coronam.
1028 877 1197 918 Xistum
1239 878 1378 918 autem
1415 876 1457 918 in
1495 877 1696 919 cimiterio

197 946 530 987 animaduersum
567 946 707 987 sciatis
740 945 857 987 VIII.
895 946 951 988 id.
985 946 1092 1000 Aug.
1132 945 1196 986 die
1231 946 1270 987 et
1303 959 1397 987 cum
1433 958 1476 987 eo
1510 946 1695 988 diacones
1710 956 1743 981 10

197 1015 402 1067 quattuor.
439 1014 509 1056 sed
531 1016 571 1056 et
592 1014 688 1056 huic
716 1015 989 1067 persecutioni
1021 1015 1171 1056 cotidie
1201 1015 1402 1056 insistunt
1431 1015 1627 1067 praefecti
1656 1015 1698 1056 in

197 1083 308 1133 urbe,
351 1084 398 1124 ut
435 1084 468 1124 si
508 1084 576 1136 qui
619 1083 696 1124 sibi
738 1083 865 1125 oblati
906 1083 1059 1125 fuerint
1098 1084 1483 1125 animaduertantur
1519 1086 1559 1125 et
1595 1084 1699 1126 bona

199 1164 338 1194 eorum
361 1152 455 1193 fisco
478 1152 754 1193 uindicentur.

159 1225 183 1264 2
254 1221 366 1262 Haec
397 1221 490 1274 peto
521 1235 593 1274 per
626 1234 697 1263 uos
720 1223 760 1263 et
783 1222 928 1263 ceteris
963 1222 1132 1277 collegis
1163 1222 1312 1264 nostris
1345 1223 1613 1276 innotescant,
1651 1224 1699 1264 ut

196 1290 348 1343 ubique
370 1290 535 1331 hortatu
559 1302 697 1332 eorum
719 1291 847 1344 possit
869 1291 1107 1333 fraternitas
1130 1291 1379 1333 corroborari
1397 1292 1437 1333 et
1454 1293 1504 1333 ad
1527 1303 1698 1345 agonem
1715 1303 1745 1326 15

197 1359 428 1411 spiritalem
460 1360 706 1412 praeparari,
742 1361 789 1401 ut
820 1360 974 1414 singuli
998 1373 1043 1401 ex
1065 1361 1214 1401 nostris
1246 1372 1325 1401 non
1358 1360 1492 1415 magis
1524 1361 1701 1402 mortem

198 1429 380 1482 cogitent
397 1441 521 1481 quam
539 1429 885 1470 inmortalitatem
906 1429 945 1470 et
962 1429 1081 1482 plena
1099 1428 1177 1470 fide
1193 1443 1237 1470 ac
1254 1430 1341 1470 tota
1359 1429 1513 1470 uirtute
1526 1429 1701 1471 Domino

198 1497 324 1539 dicati
358 1497 564 1551 gaudeant
593 1498 727 1552 magis
760 1511 882 1551 quam
904 1498 1081 1539 timeant
1103 1498 1145 1538 in
1166 1498 1241 1539 hac
1263 1497 1524 1552 confessione,
1558 1499 1600 1539 in
1622 1511 1702 1551 qua

199 1567 335 1608 sciunt
357 1567 434 1609 Dei
466 1568 506 1608 et
529 1566 680 1608 Christi
720 1568 874 1609 milites
906 1581 984 1609 non
1017 1568 1164 1620 perimi
1197 1569 1266 1609 sed
1298 1568 1489 1609 coronari.
1529 1569 1620 1620 opto
1646 1568 1699 1618 te,

197 1635 324 1677 frater
346 1636 567 1686 carissime,
592 1649 751 1690 semper
772 1637 814 1677 111
835 1637 1010 1678 Domino
1033 1637 1134 1678 bene
1155 1638 1307 1678 ualere.
1713 1648 1747 1674 20

267 1798 285 1831 1
305 1808 378 1831 esse
397 1808 461 1832 om.
489 1797 549 1842 Gy,
721 1799 950 1841 perseuerant
968 1798 1012 1831 H
1186 1799 1369 1830 mutentur
1391 1797 1430 1838 T,
1450 1797 1648 1830 mulcentur
1666 1809 1702 1839 μ,

196 1855 395 1900 plectentur
412 1855 456 1889 H
622 1856 804 1888 matronae
823 1865 903 1888 uero
922 1855 1004 1896 HT,
1025 1856 1060 1888 et
1078 1865 1195 1888 romae
1215 1869 1236 1898 μ
1410 1854 1430 1887 2
1449 1854 1585 1898 adeptis
1610 1854 1659 1888 W

196 1914 392 1958 religentur
415 1915 446 1948 T
452 1914 506 1954 W,
527 1914 766 1958 relegerentur
789 1912 819 1947 G
1018 1913 1211 1946 caesariani
1230 1913 1361 1957 autem]
1382 1922 1567 1946 causarum
1586 1912 1658 1954 atq.
1677 1924 1701 1954 μ

195 1971 257 2005 sed
276 1982 433 2005 cesarum
450 1982 476 2005 8.
497 1972 517 2005 I.
537 1982 580 2005 m.
599 1974 621 2005 2
776 1971 797 2004 3
815 1970 960 2004 fuerunt
984 1971 1034 2006 W
1185 1970 1208 2004 4
1225 1970 1442 2004 cessarianas
1466 1970 1498 2004 Τ
1645 1968 1701 2002 de-

197 2029 364 2072 scriptam
386 2030 425 2069 T,
443 2030 478 2063 et
495 2028 659 2072 inscripti
684 2028 724 2069 G,
744 2030 779 2061 et
798 2028 921 2072 scripti
940 2042 964 2071 μ
1112 2028 1133 2062 5
1151 2028 1276 2062 deiecit
1300 2028 1347 2062 W
1494 2027 1699 2071 imperator]

195 2086 446 2130 imploratione
469 2088 518 2122 W
664 2085 836 2119 orationis
854 2085 905 2126 H,
923 2085 959 2119 in
979 2086 1152 2120 orationis
1177 2085 1220 2128 G,
1239 2097 1303 2119 om.
1329 2085 1379 2118 W
1523 2095 1586 2118 sua
1608 2085 1658 2120 W

195 2145 349 2189 exemplo
374 2144 414 2185 G,
435 2146 470 2179 et
489 2145 683 2189 exemplum
707 2146 739 2180 T
870 2145 890 2179 6
907 2144 1051 2178 littera-s
1075 2144 1107 2178 G
1238 2142 1435 2187 praesidem
1453 2142 1498 2176 H
1622 2152 1700 2186 pro-

192 2204 332 2237 uinciae
356 2203 387 2237 G
511 2214 597 2248 quas
618 2215 681 2238 om.
702 2204 745 2237 H
866 2203 884 2237 7
905 2203 1054 2247 stantes]
1074 2203 1167 2235 state
1186 2212 1266 2245 ergo
1291 2201 1322 2235 G
1447 2201 1468 2235 8
1486 2201 1522 2234 et
1540 2210 1603 2234 om.
1627 2200 1660 2234 T

193 2263 395 2306 spectantes
414 2275 438 2304 μ
610 2262 657 2306 et]
677 2263 712 2295 et
730 2261 771 2295 de
794 2262 826 2296 T
993 2260 1012 2294 9
1032 2261 1211 2294 aeternam
1235 2260 1266 2293 T
1436 2259 1579 2302 xyxtum
1598 2257 1699 2301 Hy),

198 2319 329 2353 sixtum
354 2319 441 2364 Gu2,
461 2319 635 2354 christum
658 2320 696 2360 T,
715 2321 877 2354 crescunt
899 2319 950 2354 W
1121 2316 1346 2361 cymiterium
1369 2316 1408 2357 G,
1430 2315 1615 2350 cometerio
1638 2316 1670 2349 T
1677 2319 1703 2357 ¹,

192 2378 395 2413 coemiterio
420 2379 491 2414 Wv
624 2378 668 2412 10
685 2377 787 2412 VIII.
807 2377 903 2411 idum
925 2365 1004 2420 εἶ.
1026 2377 1064 2416 Τ,
1084 2374 1114 2408 V
1130 2375 1250 2408 iduu1n
1269 2363 1348 2418 aug<
1368 2374 1418 2415 H,
1436 2375 1560 2408 octauo
1581 2372 1702 2406 iduum

194 2439 427 2482 augustarum
447 2448 494 2480 μυ
656 2436 711 2470 die
729 2447 794 2469 om.
818 2435 868 2469 W
1028 2445 1067 2468 eo
1086 2433 1262 2477 diacones]
1283 2431 1403 2466 eodem
1427 2431 1544 2472 GHT,
1563 2430 1646 2464 eode
1665 2444 1701 2474 μ,

195 2496 315 2529 eodem
334 2494 495 2529 diacones
521 2494 567 2528 W
745 2493 786 2526 11
807 2494 972 2537 quartum
996 2491 1038 2532 G,
1058 2502 1204 2535 quarum
1224 2504 1247 2534 μ
1420 2489 1458 2522 111
1475 2488 1596 2522 urbem
1616 2488 1701 2528 HT,

195 2563 258 2588 om.
284 2553 334 2588 W
464 2552 507 2586 12
525 2551 607 2597 sibi]
627 2551 679 2585 ibi
702 2551 733 2586 G
857 2550 1010 2584 fuissent
1032 2550 1080 2584 W
1209 2548 1255 2583 14
1273 2547 1320 2592 et]
1340 2549 1380 2581 ut
1402 2547 1453 2582 W
1575 2543 1702 2578 ceteris

191 2622 254 2645 om.
282 2611 342 2655 Gn
497 2610 713 2643 innotiscant
736 2608 786 2643 W
934 2610 974 2641 ut
993 2607 1134 2651 ubique]
1154 2606 1214 2639 ubi
1233 2619 1256 2649 μ
1414 2604 1454 2637 17
1473 2603 1634 2647 cogitant
1657 2601 1701 2641 G,

198 2669 374 2703 concitent
397 2669 428 2702 T
512 2667 559 2711 et]
579 2678 618 2701 ex
639 2667 691 2702 W
775 2666 818 2700 18
836 2665 953 2699 dica-ta
970 2665 1049 2709 Ημ,
1069 2664 1165 2698 dicat
1186 2664 1216 2697 T
1231 2665 1247 2696 t
1264 2663 1303 2696 in
1322 2672 1392 2696 ras.
1482 2661 1523 2695 19
1540 2661 1621 2704 opto
1642 2685 1649 2692 .
1665 2685 1671 2691 .
1689 2685 1694 2691 .

197 2727 315 2761 ualere
334 2725 546 2768 omGHW,·
566 2734 667 2758 amen
685 2723 770 2758 add.
795 2722 826 2757 G
1003 2722 1048 2755 20
1066 2722 1103 2755 in
1121 2720 1261 2755 domino
1281 2731 1346 2754 om.
1366 2732 1401 2763 μ.
1420 2738 1461 2743 —
1483 2716 1538 2751 Ad
1558 2715 1706 2760 (Caecili

193 2784 362 2828 Cypriani
384 2783 535 2827 epistola
554 2781 597 2816 ad
619 2783 651 2816 T
656 2788 662 2815 ι
683 2782 888 2815 Successum
907 2779 1052 2824 explicit
1074 2780 1105 2813 T
1110 2780 1166 2819 W,
1188 2790 1251 2812 cm.
1278 2775 1386 2821 GIIn.
1409 2795 1447 2801 —-
