1838 3152
202 224 286 266 774
736 222 928 259 Caecilii
954 223 1170 268 Cypriani

201 326 372 368 autem
413 327 511 368 duo
550 327 636 368 aut
674 327 778 368 tres
808 327 1086 379 loquantur
1116 328 1165 368 et
1197 327 1359 369 ceteri
1391 328 1698 370 examinent.

203 396 244 436 si
277 395 373 437 alii
411 395 704 437 reuelatum
743 395 945 437 sedenti
984 394 1168 447 fuerit,
1208 395 1303 437 ille
1341 396 1481 449 prior
1510 398 1698 439 taceat.

204 477 284 517 qua
304 464 347 504 in
368 464 484 517 parte
515 463 655 504 docuit
677 463 717 504 et
739 463 918 504 ostendit
938 463 1074 505 multa
1095 463 1270 518 singulis
1291 463 1335 504 in
1355 464 1502 505 melius
1523 465 1698 506 reuelari

202 533 242 574 et
273 532 417 574 debere
454 544 786 585 unumquemque
822 543 901 573 non
936 543 1007 584 pro
1039 543 1084 573 eo
1116 532 1223 585 quod
1259 532 1387 573 semel
1421 532 1626 574 inbiberat
1659 534 1699 574 et

200 601 366 643 tenebat
386 600 650 654 pertinaciter
672 600 876 655 congredi,
899 600 968 641 sed
986 600 1020 641 si
1039 599 1138 653 quid
1158 600 1307 642 melius
1326 601 1366 641 et
1384 600 1528 642 utilius
1550 601 1697 642 extite-
1713 616 1729 640 5

201 669 257 710 rit
277 669 453 710 libenter
474 669 680 721 amplecti.
703 680 782 710 non
805 668 914 710 enim
935 668 1143 710 uincimur
1165 668 1324 721 quando
1343 668 1567 710 offeruntur
1583 669 1700 711 nobis

202 737 382 788 meliora,
416 738 485 779 sed
516 737 773 788 instruimur,
806 737 983 778 maxime
1011 737 1054 778 in
1084 737 1148 778 his
1171 750 1273 790 quae
1303 738 1354 779 ad
1385 737 1575 779 ecclesiae
1609 738 1702 779 uni-

201 807 331 848 tatem
361 806 567 860 pertinent
588 807 629 847 et
651 806 737 859 spei
759 818 805 847 ac
826 805 921 847 fidei
950 806 1111 847 nostrae
1133 806 1375 848 ueritatem:
1405 807 1452 847 ut
1473 806 1702 847 sacerdotes

201 876 280 917 Dei
316 877 355 918 et
387 875 580 917 ecclesiae
616 874 703 916 eius
738 875 787 916 de
823 874 953 927 ipsius
992 874 1229 927 dignatione
1264 874 1487 928 praepositi
1525 874 1702 916 sciamus

201 945 417 986 remissam
447 945 707 997 peccatorum
737 956 816 985 non
846 943 927 985 nisi
948 944 990 984 in
1013 944 1184 985 eeclesia
1215 944 1304 985 dari
1334 956 1451 996 posse
1482 956 1553 985 nec
1586 955 1701 997 posse
1717 960 1754 984 ιο

202 1013 455 1055 aduersarios
478 1011 631 1054 Christi
661 1012 881 1065 quicquam
911 1011 990 1053 sibi
1020 1012 1127 1054 circa
1156 1012 1242 1053 eius
1272 1012 1451 1066 gratiam
1481 1012 1700 1053 uindicare.

162 1091 186 1130 4
260 1081 376 1133 Quod
407 1081 573 1134 quidem
595 1083 635 1121 et
656 1080 910 1134 Agrippinus
940 1081 1068 1122 bonae
1097 1080 1316 1122 memoriae
1345 1081 1410 1122 uir
1440 1093 1534 1122 cum
1556 1080 1701 1122 ceteris

203 1150 447 1204 coepiscopis
479 1150 563 1192 suis
593 1149 663 1202 qui
684 1149 757 1191 illo
778 1150 961 1202 tempore
983 1150 1026 1190 in
1047 1149 1258 1202 prouincia
1279 1148 1422 1191 Africa
1444 1151 1485 1191 et
1505 1148 1704 1190 Numidia

203 1220 417 1262 ecclesia-m
446 1218 613 1260 Domini
647 1218 931 1272 gubernabant
961 1218 1110 1259 statuit
1142 1219 1183 1259 et
1215 1218 1370 1260 librata
1400 1217 1560 1259 consilii
1592 1229 1703 1259 com-

202 1289 338 1330 munis
367 1287 663 1329 examinatione
692 1287 888 1328 firmauit.
921 1299 1094 1339 quorum
1122 1287 1365 1328 sententiam
1396 1286 1634 1341 religiosam
1662 1288 1702 1327 et
1719 1301 1750 1325 15

202 1358 451 1412 legitimam,
488 1356 711 1398 salutarem
739 1355 834 1397 fidei
856 1357 897 1397 et
918 1355 1110 1397 ecclesiae
1142 1355 1366 1397 catholicae
1398 1356 1702 1409 congruentem,

202 1439 274 1468 nos
297 1426 424 1468 etiam
447 1425 576 1467 secuti
598 1436 752 1466 sumus.
777 1425 817 1466 et
834 1424 973 1478 quales
997 1437 1117 1477 super
1137 1424 1214 1466 hac
1235 1437 1277 1466 re
1299 1424 1462 1466 litteras
1484 1424 1702 1465 fecerimus

203 1496 250 1536 ut
267 1495 405 1545 scires,
429 1494 661 1547 exemplum
684 1506 824 1535 earum
841 1493 892 1535 ad
909 1493 1103 1535 notitiam
1119 1494 1208 1534 tam
1225 1494 1342 1534 tuam
1359 1505 1482 1546 quam
1503 1492 1704 1544 coepisco-

201 1576 347 1618 porum
364 1564 593 1605 nostrorum
614 1562 683 1615 qui
700 1562 787 1603 illic
804 1563 899 1604 sunt
916 1573 987 1616 pro
1006 1562 1213 1604 communi
1231 1561 1448 1603 dilectione
1469 1561 1703 1603 transmisi-

201 1646 306 1675 mus.
330 1634 424 1685 opto
445 1633 499 1683 te,
522 1632 649 1673 frater
670 1631 891 1683 carissime,
916 1643 1074 1685 semper
1095 1630 1196 1672 bene
1218 1630 1366 1672 ualere.
1717 1644 1751 1669 20

271 1827 289 1860 1
309 1827 510 1860 examinant
534 1825 562 1861 G
568 1827 578 1843 ¹
675 1825 696 1859 2
714 1825 756 1869 si]
776 1826 811 1858 et
829 1824 860 1858 si
882 1825 921 1865 T,
941 1824 972 1858 si
990 1825 1108 1858 autem
1133 1824 1221 1859 GHv
1312 1823 1422 1858 fuerit
1440 1823 1576 1857 sedenti
1594 1823 1657 1857 Hv

177 1892 179 1895 ’
200 1883 221 1918 3
233 1884 343 1927 prius
359 1883 397 1917 in
414 1894 479 1918 om.
501 1883 531 1918 G
637 1882 658 1916 6
676 1882 867 1916 efferuntur
887 1882 915 1917 O
1023 1882 1044 1915 8
1062 1882 1116 1926 ut]
1136 1883 1170 1915 et
1190 1882 1244 1923 0¹,
1262 1883 1304 1915 ut
1321 1891 1385 1914 nos
1409 1880 1475 1915 G²v
1585 1880 1628 1914 10
1645 1890 1698 1913 re-

199 1941 309 1975 missa
323 1941 358 1975 P
446 1951 514 1974 non
531 1940 603 1974 nisi
620 1950 683 1974 om.
705 1940 734 1975 (J
818 1939 900 1973 dare
915 1939 966 1973 L¹
1059 1939 1101 1972 11
1121 1949 1298 1983 quoquam
1313 1939 1348 1972 B
1440 1937 1532 1991 circa
1548 1947 1609 1982 pro
1629 1937 1657 1972 C

199 1999 369 2043 gratiam]
389 1998 537 2033 ecclesia
559 1998 588 2033 G
741 1996 915 2030 uindicari
935 1996 967 2030 T
1128 1996 1170 2029 12
1188 1995 1333 2039 quidam
1351 1996 1387 2029 et
1405 1985 1590 2039 agripinus
1613 1995 1657 2029 0¹¹

199 2056 255 2090 uir
278 2056 308 2091 (J
322 2067 348 2090 s.
367 2056 387 2090 l.
498 2056 624 2089 ceteris
640 2055 674 2089 L
690 2065 716 2088 s.
735 2055 757 2088 Ζ.
779 2065 820 2088 m.
839 2056 864 2088 2
975 2053 1017 2087 13
1035 2053 1072 2087 in
1091 2053 1153 2087 illo
1175 2054 1215 2094 T,
1234 2052 1297 2086 illo
1315 2053 1352 2086 in
1370 2052 1433 2087 Hv
1532 2051 1701 2096 tempori-

201 2114 265 2148 bus
285 2113 320 2147 B
494 2112 653 2147 africana
674 2113 707 2146 Τ
719 2112 781 2146 secl
797 2121 843 2145 na
860 2122 886 2145 s.
906 2111 927 2145 l.
1106 2111 1150 2144 14
1167 2109 1300 2143 librato
1317 2109 1381 2143 Ηυ
1555 2108 1703 2143 consilio

200 2171 378 2206 communi
395 2171 441 2205 H
604 2169 647 2204 15
665 2169 822 2203 examine
841 2180 861 2204 v
1027 2168 1241 2201 sententiam
1260 2168 1295 2201 et
1315 2178 1332 2201 v
1494 2167 1537 2201 16
1555 2168 1591 2200 et
1610 2165 1703 2199 salu-

199 2230 313 2262 tarem
331 2228 430 2262 HPv
567 2228 781 2271 congruente
799 2226 834 2259 B
989 2225 1031 2258 17
1050 2224 1228 2259 consecuti
1248 2225 1286 2265 T,
1307 2224 1415 2258 sicuti
1433 2224 1468 2258 B
1601 2234 1705 2267 super

199 2285 266 2318 hac
283 2296 319 2319 re
337 2295 382 2319 eas
399 2284 550 2329 superba
568 2286 623 2318 est
645 2284 681 2325 C,
702 2294 804 2328 super
821 2283 911 2317 hanc
933 2284 965 2317 T
1131 2282 1277 2316 fecimus
1295 2282 1341 2316 H
1508 2281 1551 2315 18
1568 2282 1643 2314 tani
1661 2280 1705 2314 ad

200 2342 368 2376 notitiam
393 2342 420 2377 O
435 2342 497 2377 sed
514 2343 590 2376 tam
606 2352 632 2375 3.
651 2342 673 2375 Z.
859 2340 1101 2384 episcoporum
1119 2339 1155 2373 P
1347 2338 1392 2373 20
1408 2340 1490 2382 opto
1513 2366 1518 2371 .
1536 2365 1542 2371 .
1559 2364 1564 2370 .
1586 2338 1705 2372 ualere

201 2410 266 2434 om.
291 2399 394 2434 CLP
599 2409 663 2432 uos
680 2387 825 2432 fssk‘ffi‘i
843 2398 887 2432 B.
907 2417 950 2423 —
968 2397 1023 2431 Ad
1041 2396 1214 2439 Quintum
1231 2395 1272 2430 de
1290 2396 1460 2430 hereticis
1478 2394 1703 2440 baptizandis

202 2456 258 2500 (de
288 2455 505 2499 baptismate
533 2456 770 2490 hereticorum
792 2455 841 2499 B>
873 2454 1018 2499 explicit
1042 2454 1207 2498 (epistola
1239 2453 1316 2487 ·111·
1347 2453 1432 2488 add.
1466 2453 1511 2496 T)
1541 2453 1620 2493 BT,
1649 2452 1704 2486 Ad

201 2513 373 2555 Quintum
402 2514 546 2558 explicit
565 2514 609 2555 P,
639 2512 795 2557 Explicit
824 2513 905 2556 (om.
925 2512 979 2555 N)
997 2511 1105 2546 Cecili
1124 2511 1292 2555 Cypriani
1324 2511 1368 2545 ad
1386 2510 1557 2553 Quintum
1580 2509 1704 2553 (Quin-

200 2570 318 2604 tinum
343 2571 399 2615 0²)
418 2570 564 2615 explicit
582 2572 663 2614 (om.
690 2570 732 2614 C)
756 2570 832 2611 CN,
852 2580 919 2604 om.
939 2569 1023 2603 LH.
1044 2589 1086 2594 —
