1838 3152
227 164 312 206 486
760 160 951 196 Caecilii
983 161 1199 207 Cypriani

230 278 307 318 que
328 266 436 307 recte
452 264 606 316 fecerit,
624 266 836 320 propterea
853 278 946 307 cum
964 266 1018 307 sit
1033 277 1203 319 persona
1223 265 1396 319 insignis
1413 266 1440 318 †
1457 265 1497 306 et
1512 265 1736 307 inminente

230 346 357 388 agone
379 346 500 386 quem
519 334 707 387 permisit
727 335 836 376 Deus
857 335 899 375 in
931 334 1088 375 saeculo
1121 334 1368 375 colluctandi
1400 346 1519 375 eausa
1541 334 1733 375 aduersa-

228 402 337 443 rium
358 403 483 444 simul
505 415 597 444 cum
630 404 758 445 seruis
790 404 887 454 suis,
919 404 1060 444 uolens
1093 403 1217 444 etiam
1250 403 1405 457 angelis
1438 403 1477 443 et
1497 402 1734 444 hominibus

228 473 431 513 certamen
452 473 526 514 hoc
557 473 839 523 manifestare,
873 474 919 514 ut
948 473 1016 526 qui
1037 473 1184 515 uicerit
1207 473 1440 524 coronetur,
1472 473 1607 514 uictus
1639 484 1733 514 uero

227 542 499 594 reportauerit
519 542 561 582 in
584 555 625 583 se
647 542 893 583 sententiam
922 554 1024 595 quae
1055 542 1171 583 nobis
1192 542 1454 583 manifestata
1476 542 1544 583 est.
1584 542 1734 583 etcum
1748 557 1762 581 5

227 609 441 652 incumbat
478 610 594 651 nobis
630 611 700 664 qui
740 610 930 652 uidemur
960 611 1180 664 praepositi
1219 622 1303 651 esse
1335 611 1375 651 et
1404 610 1493 651 uice
1525 611 1736 663 pastorum

229 679 432 720 custodire
454 692 634 734 gregem,
667 679 701 719 si
723 679 984 733 neglegentes
1005 679 1275 729 inueniamur,
1308 679 1465 720 dicetur
1487 678 1603 719 nobis
1627 679 1734 731 quod

229 749 270 789 et
292 748 615 789 antecessoribus
636 747 786 789 nostris
818 747 975 788 dictum
998 749 1071 798 est,
1105 748 1174 800 qui
1205 748 1294 788 tam
1324 747 1588 801 neglegentes
1619 760 1735 800 prae-

227 815 352 869 positi
370 817 496 866 erant,
529 815 719 868 quoniam
737 816 945 869 perditum
962 828 1039 858 non
1061 816 1351 869 requisiuimus
1373 817 1413 857 et
1434 817 1636 857 errantem
1658 827 1736 856 non

228 885 474 927 correximus
496 886 536 926 et
558 885 748 926 claudum
780 897 858 926 non
886 885 1173 940 colligauimus
1196 886 1236 926 et
1257 885 1406 926 lactem
1429 896 1567 926 eorum
1590 884 1736 925 edeba-
1751 897 1782 922 10

228 967 320 995 mus
352 954 393 995 et
420 954 525 995 161113
556 965 694 994 eorum
726 954 1021 1007 operiebamur.
1064 954 1235 1006 denique
1257 954 1297 994 et
1326 954 1412 1006 ipse
1434 953 1634 994 Dominus
1656 953 1736 994 im-

229 1023 343 1076 plens
365 1035 466 1075 quae
487 1023 600 1063 erant
627 1022 780 1075 scripta
801 1023 843 1063 111
874 1023 963 1076 lege
986 1024 1026 1064 et
1058 1022 1270 1076 prophetis
1303 1022 1419 1063 docet
1450 1021 1609 1063 dicens:
1644 1033 1735 1076 ego

230 1103 338 1132 sum
368 1091 545 1144 pastor
574 1091 752 1143 bonus,
793 1091 882 1144 qui
913 1103 1039 1144 pono
1071 1091 1292 1132 animam
1323 1103 1483 1132 meam
1513 1102 1599 1143 pro
1631 1090 1737 1131 oui-

229 1160 321 1201 bus
367 1159 513 1201 111613.
570 1160 963 1201 mercennarius
1009 1162 1178 1202 autem
1219 1160 1269 1201 et
1309 1159 1453 1202 cuius
1485 1171 1579 1200 non
1619 1160 1737 1201 sunt

229 1228 470 1282 propriae
509 1240 652 1278 oues,
697 1241 807 1270 cum
846 1229 1052 1270 uiderit
1091 1229 1266 1281 lupum
1307 1228 1624 1278 uenientem,
1664 1241 1735 1269 re-
1750 1241 1781 1266 15

229 1298 430 1350 linquit
461 1297 508 1338 et
539 1297 696 1351 fugit,
730 1298 950 1350 etlupus
980 1297 1250 1351 dispargit
1272 1309 1365 1338 663.
1409 1296 1480 1337 3611
1510 1297 1549 1338 et
1579 1296 1735 1338 Simoni

230 1367 287 1408 316
317 1366 437 1408 dicit:
475 1366 663 1420 diligis
695 1369 798 1408 me?
830 1366 1101 1420 respondit
1142 1367 1323 1421 diligo
1368 1366 1441 1407 ait
1474 1366 1537 1407 ei:
1584 1378 1734 1419 pasce

230 1447 347 1476 oues
388 1447 536 1476 meas.
577 1435 652 1476 hoc
681 1436 853 1476 uerbum
875 1435 1030 1476 factum
1053 1448 1098 1476 ex
1120 1436 1213 1476 actu
1234 1435 1321 1489 ipso
1344 1446 1421 1487 quo
1444 1434 1566 1476 cessit
1588 1446 1734 1489 cogno-

229 1505 394 1553 scimus,
427 1505 467 1544 et
489 1503 614 1545 ceteri
636 1504 828 1556 discipuli
851 1504 1044 1545 similiter
1064 1504 1257 1546 fecerunt.

191 1574 214 1614 2
286 1572 490 1614 Nolumus
522 1584 629 1627 ergo,
660 1572 807 1614 fratres
829 1573 1103 1624 dilectissimi,
1126 1573 1423 1614 mercennarios
1444 1572 1631 1622 inueniri,
1665 1572 1734 1613 3611
1748 1587 1780 1614 20

228 1641 353 1683 bonos
374 1641 570 1694 pastoreS,
593 1653 685 1682 cum
708 1642 846 1683 sciatis
868 1643 960 1683 tum
981 1654 1058 1683 non
1081 1641 1303 1683 minimum
1324 1641 1553 1695 periculum
1575 1641 1734 1682 incum-

228 1711 335 1759 bere,
358 1710 393 1751 si
413 1722 492 1751 non
508 1710 661 1752 hortati
682 1710 844 1752 fueritis
862 1711 1007 1752 fratres
1028 1711 1187 1752 nostros
1205 1711 1313 1752 stare
1330 1710 1372 1751 in
1389 1709 1466 1750 fide
1487 1709 1733 1761 immobiles,

229 1792 279 1821 ne
294 1791 486 1833 praeceps
505 1780 647 1821 euntes
665 1780 716 1821 ad
733 1780 1011 1822 idololatriam
1027 1780 1215 1822 funditus
1238 1779 1466 1821 eradicetur
1482 1778 1731 1820 fraternitas.

232 1860 307 1890 nec
338 1848 447 1889 enim
468 1848 543 1890 hoc
565 1848 697 1890 solum
719 1849 856 1891 uerbis
877 1861 950 1890 uos
971 1849 1195 1899 hortamur,
1229 1849 1298 1890 sed
1330 1848 1482 1890 discere
1503 1848 1690 1902 poteritis
1713 1860 1736 1888 a

367 2008 412 2044 12
437 2008 476 2042 Io
497 2008 549 2050 10,
570 2008 621 2044 11.
651 2009 704 2043 12.
778 2009 823 2045 17
849 2008 897 2043 Io.
917 2009 971 2050 21,
990 2009 1043 2043 15.

299 2148 317 2180 1
343 2149 464 2191 pterea
481 2160 505 2191 μ
586 2147 678 2191 611111]
697 2146 788 2191 quod
805 2158 826 2182 v
921 2147 1124 2181 imminenti
1142 2161 1167 2192 μ
1252 2147 1273 2180 2
1297 2136 1411 2192 1111ζμ
1515 2157 1592 2181 611111
1611 2146 1733 2181 aduer-

230 2204 321 2238 sario
342 2215 360 2237 v
457 2204 478 2237 3
503 2214 603 2238 seruo
621 2215 682 2238 suo
704 2205 737 2238 T
834 2204 855 2238 5
879 2205 1076 2248 portauerit
1095 2218 1154 2248 φω
1254 2204 1445 2239 manifesta
1463 2215 1553 2249 φμυ]
1656 2215 1734 2238 cum

229 2272 293 2296 om.
314 2275 338 2307 μ
419 2261 440 2297 6
467 2261 675 2295 incumbant
697 2262 766 2306 Tqv,
794 2261 969 2295 incumbit
987 2275 1011 2306 μ
1090 2262 1265 2305 pastorem
1288 2263 1326 2303 T,
1353 2262 1505 2306 pastoris
1524 2273 1574 2307 (fv
1638 2261 1657 2294 7
1676 2272 1733 2295 eu-

230 2319 398 2353 stodirem
423 2320 454 2353 T
520 2318 749 2352 inueniantur
767 2330 829 2362 ‹pw
899 2319 920 2352 8
937 2318 1169 2363 neglegenter
1187 2332 1243 2363 φμ
1309 2319 1353 2353 10
1377 2319 1511 2353 clodum
1532 2332 1557 2364 μ
1629 2319 1732 2353 66116-

228 2377 393 2421 gauimus
415 2377 453 2418 Τ,
481 2376 688 2420 collegimus
706 2389 730 2420 μ
826 2377 862 2410 et
885 2386 950 2411 om.
969 2389 998 2422 φ
1076 2376 1131 2410 166
1149 2387 1242 2421 (μου,
1269 2376 1463 2411 laetantem
1482 2390 1505 2420 μ
1585 2377 1627 2410 11
1653 2386 1733 2420 ope-

227 2434 395 2469 rabamur
417 2435 456 2478 T,
484 2433 681 2477 operiemur
697 2446 720 2477 μ
786 2433 830 2467 12
856 2433 989 2478 scripta
1007 2435 1108 2467 erant
1128 2445 1156 2468 w
1218 2433 1319 2468 docet
1338 2445 1401 2468 om.
1423 2445 1480 2479 μω
1544 2433 1636 2468 dixit
1650 2447 1675 2478 μ

227 2491 271 2526 15
296 2502 376 2525 61163
394 2491 533 2536 proprie
552 2501 614 2534 φα)
714 2490 814 2524 uidet
832 2503 858 2534 φ
953 2491 1132 2535 relinquet
1153 2492 1185 2525 T
1285 2492 1327 2525 16
1352 2492 1388 2526 et
1413 2491 1503 2525 dixit
1520 2490 1615 2535 fugit
1632 2502 1663 2525 w

227 2549 298 2593 eas]
317 2559 398 2583 oues
416 2559 478 2590 φῖυ
579 2548 620 2581 17
653 2547 704 2582 316
721 2558 786 2582 om.
806 2561 830 2592 μ
932 2548 976 2582 18
1000 2549 1135 2583 factum
1153 2551 1208 2583 est
1226 2562 1254 2593 φ
1350 2551 1428 2583 acto
1450 2550 1571 2594 Τφμω
1665 2559 1731 2593 quo

227 2608 367 2650 gestum
386 2620 409 2650 μ
503 2606 549 2640 20
573 2616 634 2639 1163
652 2605 781 2639 fratres
806 2605 1033 2640 dilectissimi
1060 2618 1101 2650 w,
1129 2607 1152 2641 f.
1170 2606 1202 2641 d.
1221 2617 1282 2641 uos
1300 2618 1320 2641 v
1413 2606 1618 2641 mercenarii
1637 2620 1661 2651 μ

226 2663 386 2697 inuenire
403 2675 423 2698 v
485 2663 528 2697 21
554 2662 638 2697 boni
655 2676 679 2707 μ
743 2664 819 2697 tum
837 2673 901 2698 om.
923 2677 979 2708 φμ
1044 2664 1090 2698 22
1106 2664 1278 2698 fuerimus
1296 2678 1320 2709 μ
1385 2666 1520 2698 uestros
1543 2664 1656 2699 Oaeon.

226 2720 329 2754 fidem
351 2722 383 2755 T
480 2720 525 2755 23
549 2720 586 2754 111
604 2730 768 2765 praeceps
785 2732 833 2765 μυ
935 2722 1072 2766 euntes]
1099 2721 1175 2756 iens
1207 2722 1321 2757 Omen.
1424 2722 1638 2766 ydolatriam
1659 2731 1731 2765 tpw,

226 2776 393 2811 idolatria
415 2779 469 2822 Τμ
548 2777 592 2812 24
618 2777 729 2813 solum
747 2778 871 2823 11666μ
950 2778 1069 2813 uerbis
1086 2790 1150 2814 om.
1170 2790 1202 2814 w
1282 2780 1465 2814 hortamur
1490 2789 1550 2813 uos
1567 2792 1593 2822 φ
