1838 3152
607 229 845 275 Epistulae
869 228 977 265 XVI.
1004 240 1030 265 c.
1056 231 1156 265 2—3.
1545 232 1629 274 519

130 334 335 377 secutione
355 333 486 375 adhuc
514 334 812 387 perseuerante‚
842 334 1025 375 nondum
1055 334 1249 376 restituta
1279 334 1470 376 ecclesiae
1484 346 1491 352 ’·
1500 333 1631 387 ipsius

127 415 236 457 pace,
288 402 340 445 ad
380 401 790 444 communicationem
837 401 1131 453 admittuntur,
1177 403 1219 444 et
1258 402 1426 444 offertur
1468 402 1632 444 nomine

128 483 280 522 eorum,
311 471 352 512 et
371 469 551 513 nondum
579 470 832 524 paenitentia
859 471 962 521 acta,
994 470 1175 512 nondum
1206 470 1478 525 exomologesi
1508 469 1630 521 facta,

131 540 312 582 nondum
350 551 476 581 manu
514 539 572 580 eis
610 538 661 580 ab
700 540 888 593 episcopo
926 539 968 580 et
1005 538 1109 580 clero
1150 539 1341 592 inposita,
1383 538 1631 581 eucharistia

100 608 214 650 5illis
245 607 378 657 datur,
408 619 502 648 cum
523 607 723 660 scriptum
745 607 819 649 sit:
852 607 938 661 qui
968 606 1136 649 ederit
1165 620 1343 661 panem
1374 608 1461 649 aut
1492 607 1629 650 bibe-

128 677 198 718 rit
242 675 454 717 calicem
494 676 703 717 Domini
748 676 961 730 indigne
1006 688 1124 718 reus
1170 675 1270 718 erit
1315 676 1544 730 corporis
1584 677 1633 717 et

129 743 406 798 sanguinis
439 744 658 786 Domini.

185 812 264 855 Sed
284 825 391 854 nunc
412 812 477 854 illi
499 812 558 854 rei
578 826 658 855 non
680 814 776 855 sunt
797 813 868 866 qui
899 813 1036 855 minus
1066 813 1294 867 scripturae
1323 812 1459 868 legem
1490 813 1632 855 tenue-
1646 813 1671 854 3

127 884 235 924 runt.
269 883 388 924 erunt
410 883 550 924 autem
570 881 628 923 rei
650 881 720 935 qui
741 882 936 935 praesunt
957 883 999 924 et
1018 882 1117 924 haec
1144 881 1342 923 fratribus
1372 892 1450 923 non
1482 893 1632 935 sugge-

81 966 114 992 10
127 951 223 992 runt
252 951 300 992 ut
329 950 522 993 instructi
554 962 578 992 a
607 950 848 1003 praepositis
886 950 1039 992 faciant
1076 950 1213 992 omnia
1251 962 1344 992 cum
1374 949 1451 991 Dei
1482 949 1632 992 timore

128 1021 285 1061 etcum
313 1019 409 1061 data
430 1019 480 1061 ab
503 1031 548 1061 eo
570 1019 611 1060 et
640 1019 892 1072 praescripta
922 1018 1218 1061 obseruatione.
1251 1019 1457 1073 exponunt
1487 1018 1633 1060 deinde

127 1087 309 1130 inuidiae
339 1088 479 1130 beatos
510 1088 728 1142 martyraS,
760 1088 801 1129 et
823 1087 1021 1142 gloriosos
1042 1099 1179 1129 seruos
1195 1087 1273 1129 Dei
1295 1099 1387 1129 cum
1402 1086 1482 1129 Dei
1501 1099 1634 1129 sacer-

125 1156 220 1198 dote
241 1156 521 1207 committunt‚
551 1156 611 1207 ut,
634 1168 728 1198 cum
749 1155 814 1197 illi
834 1168 1036 1198 memores
1056 1155 1136 1198 loci
1156 1156 1288 1198 nostri
1309 1156 1360 1197 ad
1381 1168 1446 1197 me
1467 1155 1631 1197 litteras

126 1225 350 1267 direxerint
381 1226 422 1267 et
451 1224 646 1278 petierint
683 1226 782 1266 tunc
819 1224 1023 1267 desideria
1053 1237 1127 1267 sua
1157 1224 1384 1267 examinari
1415 1225 1456 1266 et
1486 1236 1632 1278 pacem

81 1308 112 1333 ιτ»
126 1293 215 1335 dari
263 1293 422 1347 quando
463 1293 553 1347 ipsa
593 1293 687 1335 ante
726 1294 861 1335 mater
899 1294 1037 1335 nostra
1075 1305 1217 1347 pacem
1259 1293 1308 1335 de
1347 1293 1630 1336 misericordia

125 1361 292 1404 Domini
322 1362 432 1415 prior
453 1362 678 1416 sumpserit
698 1363 740 1403 et
759 1374 832 1403 nos
854 1362 998 1404 diuina
1019 1362 1220 1417 protectio
1241 1362 1409 1405 reduces
1431 1362 1483 1405 ad
1504 1363 1632 1405 eccle-

127 1431 232 1473 siam
270 1443 387 1472 suam
426 1430 581 1481 fecerit,
620 1430 664 1471 hi
695 1430 859 1473 sublato
897 1431 1048 1473 honore
1080 1443 1202 1485 quem
1231 1431 1349 1473 nobis
1379 1431 1491 1473 beati
1521 1445 1632 1474 mar-

126 1502 237 1555 tyres
281 1512 375 1541 cum
412 1498 711 1542 confessoribus
755 1501 935 1551 seruant,
978 1502 1215 1555 contempta
1253 1500 1421 1542 Domini
1460 1501 1553 1555 lege
1591 1502 1634 1542 et

131 1568 414 1611 obseruatione
462 1581 585 1622 quam
633 1569 744 1611 idem
792 1570 994 1623 martyres
1043 1570 1084 1611 et
1123 1568 1368 1612 confessores
1415 1569 1634 1611 tenendam

87 1638 344 1689 zomandant‚
386 1639 480 1679 ante
519 1638 746 1679 extinctum
783 1637 1077 1691 persecutionis
1115 1639 1287 1689 metum,
1330 1639 1424 1680 ante
1454 1637 1635 1679 reditum

130 1708 330 1756 nostrum,
362 1708 455 1748 ante
486 1706 623 1760 ipsum
652 1718 778 1759 paene
808 1708 1040 1761 martyrum
1071 1718 1294 1757 excessum,
1332 1706 1636 1748 communicent

133 1788 227 1817 cum
257 1774 383 1828 lapsis
405 1777 446 1817 et
467 1775 641 1818 offerant
661 1776 702 1817 et
722 1774 1015 1818 eucharistiam
1046 1776 1226 1827 tradant,
1259 1775 1419 1829 quando
1450 1775 1577 1817 etiam
1599 1774 1635 1817 si

269 1912 291 1946 5
314 1911 332 1946 I
359 1911 434 1947 Cor.
461 1912 515 1953 11,
540 1912 596 1946 27.

199 2038 219 2071 1
236 2040 521 2082 perseuerantem
543 2038 575 2073 T
666 2039 855 2073 restitutae
873 2038 918 2080 R,
944 2039 1107 2074 restituit
1127 2038 1157 2084 Q
1271 2039 1293 2074 2
1309 2049 1431 2084 pacem
1451 2038 1481 2084 Q
1590 2038 1635 2072 ad

132 2104 176 2129 esc
194 2096 230 2129 et
253 2095 283 2130 C
391 2094 586 2130 offeruntur
604 2094 638 2131 *C
652 2097 761 2130 untur
779 2096 820 2130 in
837 2107 907 2131 ras.
1026 2096 1168 2131 nomina
1191 2096 1227 2137 C,
1246 2107 1372 2131 nornen
1393 2096 1444 2142 Qv
1560 2097 1581 2132 3
1599 2100 1636 2133 et

130 2162 194 2187 om.
219 2152 285 2188 GR
400 2152 555 2187 nondum
572 2164 606 2197 p.
624 2154 705 2187 acta
721 2163 787 2187 om.
810 2154 840 2189 C
954 2153 1247 2198 exhomologisim
1267 2154 1297 2199 Q
1404 2154 1514 2200 facta]
1533 2154 1636 2189 finita

135 2209 201 2245 CR
303 2209 326 2244 4
342 2220 487 2244 manum
507 2209 536 2255 Q
629 2210 703 2244 eius
727 2210 770 2245 0¹
876 2211 926 2255 et]
944 2212 979 2245 et
996 2210 1034 2244 in
1056 2212 1094 2252 T,
1114 2213 1154 2245 ut
1170 2211 1208 2245 in
1228 2210 1258 2257 Q
1361 2211 1537 2257 inpositae
1554 2212 1591 2247 R

131 2266 149 2300 7
169 2266 353 2312 sanguinis
371 2267 429 2302 dei
445 2267 492 2309 R,
509 2267 695 2311 sanguinis
717 2268 751 2302 T
858 2268 880 2303 8
897 2270 1021 2302 tenent
1042 2269 1105 2312 Tv,
1123 2269 1298 2303 nouerunt
1321 2269 1386 2304 CR
1493 2270 1514 2304 9
1532 2272 1636 2304 erunt

130 2325 249 2358 autem
273 2324 324 2359 rei
350 2335 414 2359 om.
446 2324 476 2370 Q
594 2324 775 2369 praesunt]
805 2324 943 2359 reisunt
970 2325 1000 2371 Q
1121 2325 1209 2360 haec
1232 2325 1418 2371 fratribus]
1448 2327 1635 2362 confratri-

130 2380 195 2415 bus
217 2381 247 2417 C
361 2381 404 2415 12
432 2383 605 2427 martyres
628 2381 694 2417 CT
696 2391 713 2415 υ
829 2382 871 2417 13
888 2382 969 2427 loci]
988 2382 1088 2428 longi
1105 2382 1212 2428 MQ²‚
1236 2382 1352 2427 longis
1374 2383 1430 2428 Q²‚
1449 2383 1540 2428 legis
1558 2384 1635 2419 cod.

129 2439 240 2484 Anyl.
358 2430 413 2473 nfi
439 2450 529 2474 corr.
556 2440 597 2474 in
621 2427 740 2485 nfe‘Q
763 2450 807 2474 m.
834 2442 857 2474 2
887 2430 958 2483 (nri
980 2439 1090 2485 ΜΨ)
1209 2440 1253 2474 14
1278 2439 1446 2474 direxerit
1470 2441 1515 2482 R,
1541 2441 1635 2476 dixe-

128 2495 206 2530 rint
236 2496 297 2541 CQ
391 2498 426 2530 ct
446 2497 617 2541 petierint
633 2507 698 2533 om.
723 2497 789 2533 GR
896 2496 993 2541 tunc]
1012 2507 1090 2531 cum
1107 2498 1194 2531 tunc
1211 2496 1364 2531 debeant
1386 2497 1450 2533 CR
1559 2499 1634 2543 sua]

132 2552 354 2597 singulorum
377 2553 441 2589 CR
555 2564 623 2599 pax
646 2554 712 2590 CR
831 2554 874 2588 15
890 2553 973 2588 dare
994 2555 1027 2589 T
1139 2554 1271 2598 nostra]
1299 2554 1445 2588 ecclesia
1465 2554 1550 2589 add.
1573 2567 1590 2589 υ

127 2609 183 2644 dei
216 2609 459 2644 misericordia
494 2610 559 2647 CR
690 2610 736 2647 16
766 2610 914 2645 sumerit
937 2610 973 2646 R
1088 2622 1151 2645 nos
1177 2622 1221 2646 ex
1244 2622 1313 2645 non
1343 2611 1373 2647 C
1500 2614 1636 2656 protec-

128 2666 215 2701 tio„
242 2667 283 2707 T,
316 2667 533 2712 protectione
555 2668 593 2710 G,
623 2667 796 2713 profectio
816 2668 850 2704 R
967 2668 1011 2703 18
1027 2678 1106 2702 cum
1123 2670 1324 2712 contempta
1340 2668 1376 2703 R
1490 2669 1568 2713 lege
1586 2669 1634 2714 et]

127 2723 205 2769 lege
225 2723 292 2770 QR
386 2725 429 2760 19
445 2725 598 2760 tenenda
617 2725 686 2771 ΩΤ
775 2725 821 2760 20
844 2724 991 2760 mandat
1012 2726 1051 2767 T,
1081 2724 1210 2759 manda
1229 2725 1265 2761 R
1272 2727 1291 2766 ¹,
1318 2725 1488 2760 mandata
1507 2725 1590 2771 QR²

128 2780 304 2816 redditum
327 2782 360 2817 T
483 2783 527 2817 21
553 2782 710 2827 ipsorum
732 2782 797 2819 CR
921 2782 1160 2817 communient
1181 2783 1211 2818 C
1237 2784 1298 2816 ent
1322 2793 1415 2817 corr.
1444 2783 1483 2818 in
1509 2785 1592 2818 cant

127 2838 172 2872 22
195 2838 345 2873 offerunt
368 2839 412 2875 C²
528 2842 563 2874 et
587 2850 652 2875 om.
677 2839 793 2886 G²QR
885 2839 1034 2875 tradunt
1056 2839 1101 2875 0²
1195 2839 1238 2884 si]
1266 2839 1336 2873 nisi
1357 2839 1386 2884 Q
