1838 3152
608 244 819 290 Epistula
842 243 1191 280 LXIIII.—LXV.
1561 247 1639 289 721

103 359 116 371 ·
146 349 310 391 facilius
355 347 512 390 accedit
548 349 654 401 quod
690 348 755 389 illi
791 347 1063 390 remittuntur
1097 359 1175 389 non
1210 348 1371 402 propria
1407 349 1476 390 sed
1512 349 1644 392 aliena

144 418 320 472 peccata.

202 487 257 528 Et
286 485 450 536 idcirco,
482 485 608 527 frater
636 485 860 535 carissime,
889 484 990 526 haec
1017 484 1099 526 fuit
1120 485 1163 526 in
1183 485 1354 527 concilio
1383 488 1524 528 nostra
1552 488 1684 528 sen-6

149 555 280 597 tentia
300 567 324 596 a
343 554 548 608 baptismo
577 555 710 608 adque
731 569 754 597 a
775 554 911 610 gratia
931 553 1020 603 Dei,
1051 553 1122 607 qui
1143 553 1331 596 omnibus
1351 554 1582 597 misericors
1602 556 1644 597 et

114 639 130 663 ε,
147 623 348 678 benignus
377 625 418 665 et
437 623 531 676 pius
561 625 635 674 est,
667 623 874 666 neminem
904 634 976 675 per
1006 635 1079 664 nos
1109 621 1256 663 debere
1285 622 1504 676 prohiberi.
1537 623 1645 676 quod

145 704 239 733 cum
268 691 375 734 circa
404 692 618 734 uniuersos
645 692 946 735 obseruandum
971 690 1027 732 sit
1053 690 1185 743 adque
1205 691 1480 742 retinendum,
1511 692 1644 746 magis

146 760 254 802 circa
286 760 464 803 infantes
495 760 605 815 ipsos
627 762 668 803 et
688 773 827 803 recens
857 760 974 802 natos
1007 759 1305 809 obseruandum
1335 761 1542 813 putamus,
1574 759 1645 813 qui

147 829 222 871 hoc
251 829 339 882 ipso
367 829 416 871 (16
437 842 510 883 ope
538 830 678 871 nostra
699 842 746 871 ac
766 830 816 871 (16
837 829 979 871 diuina
1008 828 1289 871 misericordia
1316 829 1410 881 plus
1438 830 1646 872 merentur

150 897 257 950 quod
287 897 329 939 in
350 897 483 950 primo
515 897 660 939 statim
691 897 925 940 natiuitatis
960 909 1055 940 suae
1087 898 1179 939 ortu
1208 898 1417 952 plorantes
1437 910 1483 940 ac
1503 897 1646 940 flentes

99 981 131 1006 ιο
148 966 254 1007 nihil
283 966 398 1008 aliud
427 965 586 1008 faciunt
615 979 740 1020 quam
762 967 1044 1021 deprecantur.
1075 969 1266 1020 optamus
1286 967 1341 1019 te,
1369 967 1498 1010 frater
1519 967 1646 1010 caris-

147 1035 263 1084 sime,
287 1047 446 1088 semper
465 1035 565 1077 bene
586 1035 736 1077 ualere.

524 1262 1009 1334 EPISTVLA
1059 1261 1269 1335 LXV.

226 1408 500 1445 CYPRIANVS
524 1409 754 1446 EPICTETO
778 1409 953 1444 FRATRI
976 1409 1036 1444 ET
1060 1409 1200 1445 PLEBI
1224 1409 1429 1445 ASSVRAS
1455 1410 1566 1445 CON-

757 1466 973 1501 SISTENTI
997 1468 1030 1502 S.

100 1617 134 1642 ιε
210 1602 404 1646 Grauiter
423 1606 463 1646 et
480 1605 664 1647 dolenter
680 1606 817 1648 motus
838 1618 944 1656 sum,
966 1606 1113 1647 fratres
1134 1606 1350 1656 carissimi,
1373 1606 1481 1659 quod
1503 1609 1683 1660 cogno-l

147 1674 280 1715 uerim
296 1673 639 1716 Fortunatianum
662 1675 866 1728 quondam
887 1674 995 1727 apud
1017 1686 1089 1716 uos
1111 1674 1346 1728 episcopum
1367 1676 1459 1728 post
1480 1687 1650 1729 grauem

152 1742 317 1795 lapsum
349 1743 487 1785 ruinae
517 1755 612 1785 suae
641 1755 712 1796 pro
734 1743 894 1797 integro
915 1755 1022 1784 nunc
1042 1756 1161 1798 agere
1182 1743 1288 1786 uelle
1309 1745 1350 1785 et
1370 1743 1650 1797 episcopatum

150 1811 230 1853 sibi
259 1811 468 1854 uindicare
497 1813 687 1866 coepisse.
717 1825 820 1866 quae
847 1825 911 1854 res
942 1812 1205 1854 contristauit
1224 1826 1303 1863 me,
1332 1813 1465 1866 primo
1486 1812 1651 1865 propter

149 1879 287 1932 ipsum
321 1880 391 1933 qui
424 1881 549 1923 miser
578 1881 646 1923 uel
678 1881 833 1923 diaboli
866 1882 1048 1924 tenebris
1079 1882 1120 1923 in
1152 1883 1288 1924 totum
1320 1882 1554 1923 excaecatus
1584 1879 1650 1922 uel

218 2051 239 2084 3
257 2050 384 2085 fratres
409 2051 491 2092 CM,
511 2062 574 2085 om.
594 2051 631 2087 R
807 2040 889 2086 kffi
901 2052 941 2093 C,
959 2062 1024 2086 om.
1045 2052 1091 2087 M
1105 2043 1146 2095 (ἶ.
1167 2043 1198 2086 Ιῖ.
1221 2051 1265 2097 Q)
1437 2052 1558 2086 nostro
1579 2050 1609 2085 G

149 2107 171 2141 4
189 2117 209 2140 a
230 2108 362 2153 gratia]
381 2108 500 2153 gratia
523 2109 596 2144 CH
744 2110 919 2154 omnibus]
939 2109 1142 2144 hominibus
1160 2109 1195 2144 L
1348 2109 1370 2143 6
1388 2109 1554 2142 uniuersa
1577 2108 1607 2143 0

149 2164 360 2199 seruandum
398 2166 462 2201 CR
645 2166 760 2210 magis
795 2166 977 2212 CPQRV,
1008 2183 1042 2201 ι*
1060 2166 1176 2210 magis
1210 2166 1248 2211 Q,
1279 2168 1320 2200 ut
1346 2165 1463 2210 magis
1489 2165 1542 2206 M,
1572 2167 1649 2199 tum

147 2224 262 2267 magis
280 2223 322 2256 Η
326 2234 343 2257 υ
503 2224 522 2257 7
540 2226 696 2258 recentes
720 2224 764 2260 C²
918 2226 1006 2269 puta
1022 2224 1067 2259 H
1216 2224 1239 2258 8
1256 2224 1319 2258 hos
1337 2223 1373 2258 R
1527 2222 1569 2257 de
1585 2232 1649 2266 ope

148 2289 213 2314 om.
238 2279 268 2325 Q
285 2281 380 2323 (emh.
398 2280 458 2324 Μ)
566 2283 688 2315 nostra
706 2280 749 2315 ad
766 2280 924 2315 diuinam
941 2280 1219 2315 misericordiam
1238 2281 1282 2315 H
1387 2281 1599 2314 miserentur
1619 2279 1650 2324 Q

147 2337 341 2379 (merentur
359 2338 420 2382 M)
507 2338 552 2372 10
568 2349 674 2383 quam
693 2349 736 2373 ex
753 2337 897 2383 quidam
914 2338 950 2373 L
1028 2340 1192 2383 optamus
1213 2364 1219 2370 .
1238 2365 1246 2372 .
1260 2365 1268 2372 .
1288 2337 1405 2372 ualere
1422 2348 1486 2382 om.
1513 2337 1586 2372 CP.
1607 2355 1648 2362 —

146 2394 203 2428 Ad
229 2394 398 2439 (Explicit
422 2395 466 2430 ad
490 2395 534 2437 P,
563 2395 719 2440 Explicit
745 2395 877 2430 Caecili
901 2395 1069 2440 Cypriani
1094 2394 1139 2430 ad
1161 2395 1203 2438 C)
1230 2394 1359 2429 Fidum
1382 2394 1424 2429 de
1450 2392 1649 2428 infantibus

150 2450 376 2496 baptizandis
397 2453 542 2497 explicit
560 2454 641 2497 (mn.
666 2453 744 2496 GP)
768 2452 952 2498 CLPQR.
971 2472 1012 2478 —

221 2508 336 2553 Epist.
356 2508 460 2544 LXV.
479 2530 522 2535 —
540 2510 672 2555 Incipit
697 2510 741 2544 ad
765 2510 966 2554 Epictetum
992 2511 1028 2544 et
1051 2509 1189 2555 plebem
1213 2509 1502 2544 Assuritanorum
1528 2508 1650 2551 (Assu-

156 2556 206 2600 rst
220 2565 265 2606 L,
282 2566 572 2610 Assyritanorum
591 2567 636 2608 P,
653 2567 933 2602 Assiritanoruin
950 2567 998 2608 N,
1016 2567 1315 2602 Desubitanorum
1339 2566 1382 2611 Q)
1400 2566 1441 2600 de
1460 2567 1511 2608 (et
1527 2565 1649 2606 LNP,

153 2634 218 2658 om.
251 2623 330 2666 CR)
365 2623 525 2668 episcopo
550 2634 666 2659 eorum
698 2625 953 2669 (episcoporum
979 2625 1089 2665 M1N,
1124 2624 1305 2658 fortunato
1337 2623 1579 2667 cpiscoporum
1609 2621 1649 2666 Q,

152 2692 218 2716 om.
243 2681 322 2724 CR>
345 2681 611 2727 CLMNPQR.
629 2702 671 2706 ——
691 2683 734 2717 13
753 2693 891 2726 assyras
909 2683 944 2717 P
1100 2681 1375 2716 consistentibus
1396 2680 1435 2726 Q,
1455 2680 1650 2714 consisten-

154 2738 203 2772 tis
223 2738 259 2773 R
414 2738 457 2773 15
475 2738 586 2773 frater
602 2739 783 2774 carissime
807 2740 839 2774 V
991 2740 1033 2774 16
1052 2740 1272 2773 fortunatum
1295 2738 1361 2773 CR
1515 2736 1556 2770 17
1575 2736 1649 2780 pro]

154 2806 218 2840 pro
236 2795 273 2829 in
291 2795 325 2830 L
487 2796 689 2842 episcopatu
705 2797 742 2832 R
904 2797 948 2832 18
965 2796 1159 2841 uindicare]
1179 2795 1270 2830 uelle
1289 2794 1468 2829 uindicare
1486 2792 1649 2838 LNPQ;

156 2853 241 2895 fort.
262 2852 317 2887 uel
336 2852 514 2887 uindicare

292 2924 357 2953 111.
1322 2910 1377 2951 46
