1838 3152
250 231 332 273 688
781 229 973 264 Caecilii
1007 229 1226 274 Cypriani

248 335 295 375 ut
317 333 488 375 ecclesia
510 332 713 386 Capitolio
736 332 854 374 cedat
871 334 912 375 et
928 333 1212 374 recedentibus
1230 333 1511 375 sacerdotibus
1529 346 1575 375 ac
1591 334 1760 376 Domini

248 402 378 444 altare
399 400 706 443 remouentibus
728 401 772 442 in
794 402 892 443 cleri
920 401 1052 443 nostri
1081 413 1244 443 sacrum
1274 403 1632 456 uenerandumque
1663 416 1757 445 con-

247 472 411 526 gestum
459 469 678 511 simulacra
718 470 849 524 adque
889 470 999 511 idola
1040 482 1134 511 cum
1175 470 1256 511 aris
1307 471 1392 512 suis
1442 471 1676 524 transeant,
1719 472 1760 513 et

246 539 480 581 Nouatiano
502 538 763 580 declamandi
800 539 1019 580 aduersum
1055 550 1127 579 nos
1163 539 1294 592 adque
1330 539 1566 592 increpandi
1602 540 1757 594 largior

247 610 289 650 et
310 607 468 662 plenior
501 607 677 650 materia
711 608 958 660 praestetur,
995 607 1030 648 si
1051 607 1095 648 hi
1118 608 1187 660 qui
1218 607 1551 650 sacrificauerunt
1578 609 1619 650 et
1640 608 1755 651 Chri·
1772 626 1793 651 5-

249 679 361 720 stum
403 676 566 730 publice
614 677 868 730 negauerunt
915 688 993 717 non
1048 678 1213 718 tantum
1261 677 1397 731 rogari
1446 679 1487 719 et
1536 678 1622 719 sine
1670 679 1761 720 acta

246 746 502 800 paenitentia
561 745 750 799 admitti,
810 745 881 787 sed
932 745 1065 787 adhuc
1115 745 1283 799 insuper
1334 746 1540 800 coeperint
1590 746 1760 788 terroris

248 816 311 857 sui
350 815 553 869 potestate
592 814 822 856 dominari?
861 814 896 856 si
927 827 1070 867 pacem
1109 815 1345 867 postulant,
1387 828 1501 856 arma
1532 816 1759 868 deponant:

249 885 283 926 si
329 884 603 934 satisfaciunt,
657 883 755 936 quid
791 883 1033 925 minantur?
1075 885 1148 925 aut
1189 883 1223 924 si
1264 884 1582 936 comminantur,
1625 886 1759 928 sciant

248 953 344 1007 quia
366 966 388 995 a
410 952 688 994 sacerdotibus
705 951 782 993 Dei
798 963 878 993 non
892 952 1108 993 timentur.
1131 964 1260 1005 neque
1283 953 1394 994 enim
1417 953 1457 993 et
1486 954 1756 996 antichristus
1772 971 1805 996 10

248 1035 341 1065 cum
370 1022 509 1063 uenire
538 1021 716 1074 coeperit
745 1020 937 1062 introibit
958 1021 1173 1063 ecclesiam
1196 1021 1292 1074 quia
1313 1021 1508 1073 minatur,
1540 1024 1612 1064 aut
1634 1022 1760 1064 armis

249 1092 334 1133 eius
358 1094 397 1133 et
420 1090 643 1132 uiolentiae
673 1090 833 1132 ceditur
863 1090 959 1143 quia
988 1090 1226 1132 resistentes
1259 1091 1570 1144 perempturum
1601 1104 1643 1134 se
1674 1104 1760 1134 esse

248 1161 476 1215 profitetur.
508 1160 670 1201 armant
691 1172 763 1201 nos
786 1159 984 1201 haeretici
1018 1159 1117 1200 dum
1147 1171 1219 1201 nos
1248 1161 1399 1213 putant
1429 1172 1502 1201 sua
1531 1160 1760 1202 commina-

247 1230 359 1272 tione
389 1229 547 1279 terreri,
577 1241 649 1270 nec
678 1229 721 1269 in
750 1228 901 1270 faciem
931 1240 1003 1270 nos
1033 1228 1228 1279 deiciunt,
1264 1230 1334 1271 sed
1366 1230 1501 1284 magis
1532 1229 1698 1284 erigunt
1719 1230 1760 1270 et

249 1299 489 1349 accendunt,
521 1299 621 1339 dum
649 1298 784 1351 ipsam
805 1311 949 1352 pacem
970 1298 1251 1351 persecutione
1273 1298 1454 1352 peiorem
1475 1298 1674 1340 fratribus
1696 1299 1758 1340 fa·
1775 1314 1806 1338 15

249 1368 373 1410 ciunt.
389 1370 430 1409 et
446 1368 637 1421 optamus
655 1367 820 1420 quidem
833 1379 882 1409 ne
895 1367 1003 1420 quod
1015 1367 1206 1409 locuntur
1222 1368 1357 1410 furore
1374 1367 1560 1421 inpleant
1574 1367 1758 1422 crimine,

248 1451 298 1479 ne
343 1437 413 1491 qui
457 1437 593 1478 uerbis
641 1436 808 1490 perfidis
846 1437 888 1478 et
934 1436 1168 1478 crudelibus
1217 1437 1387 1489 peccant
1431 1436 1553 1479 factis
1599 1448 1757 1490 quoque

252 1506 504 1559 delinquant.
529 1518 693 1547 oramus
716 1518 761 1547 ac
783 1506 1049 1558 deprecamur
1070 1506 1205 1547 Deum
1227 1519 1350 1559 quem
1371 1518 1590 1560 prouocare
1622 1506 1687 1548 illi
1718 1507 1758 1548 et

252 1575 489 1617 exacerbare
517 1588 594 1617 non
627 1575 832 1625 desinunt,
870 1576 918 1616 ut
948 1586 1087 1616 eorum
1119 1575 1240 1616 corda
1269 1575 1504 1626 mitescant,
1543 1576 1590 1616 ut
1619 1575 1755 1616 furore

252 1644 437 1697 deposito
460 1645 510 1686 ad
533 1644 758 1686 sanitatem
781 1645 939 1685 mentes
962 1643 1143 1694 redeant,
1167 1645 1214 1686 ut
1238 1645 1400 1698 pectora
1421 1645 1563 1698 operta
1584 1644 1755 1686 delicto·
1773 1660 1807 1686 ρο

248 1726 341 1754 rum
362 1713 543 1754 tenebris
564 1713 840 1767 paenitentiae
861 1714 1001 1754 lumen
1023 1715 1248 1767 agnoscant
1265 1714 1306 1754 et
1322 1713 1456 1767 magis
1478 1714 1622 1766 petant
1643 1712 1760 1754 fundi

248 1795 320 1836 pro
343 1795 383 1824 se
404 1794 542 1836 preces
570 1783 701 1834 adque
735 1782 936 1823 orationes
967 1782 1171 1824 antistitis
1201 1795 1325 1835 quam
1352 1782 1431 1835 ipsi
1464 1782 1640 1824 fundant
1669 1794 1761 1823 san-

251 1851 419 1906 guinem
448 1851 682 1893 sacerdotis.
707 1851 742 1892 si
764 1851 904 1893 autem
926 1851 968 1892 in
990 1862 1062 1893 suo
1085 1851 1221 1893 furore
1243 1851 1543 1904 permanserint
1565 1852 1696 1905 adque
1717 1851 1761 1892 in

321 2034 553 2085 recclesiam
588 2033 627 2077 Q,
662 2034 830 2068 ecclesiae
861 2033 890 2068 O
1035 2034 1192 2078 capitulo
1224 2034 1252 2068 C
1391 2034 1526 2068 domini
1560 2034 1686 2078 altare]
1719 2035 1762 2068 (le

250 2086 423 2143 altar-&CC
561 2109 583 2143 2
608 2108 830 2153 congestum]
862 2119 1071 2144 consensum
1095 2108 1141 2150 R,
1172 2087 1375 2143 concsessum
1403 2110 1431 2144 G
1569 2109 1590 2143 3
1616 2109 1761 2142 simula-

250 2157 396 2201 crum'C
510 2166 594 2210 aris]
614 2166 722 2200 armis
741 2176 784 2200 ex
800 2167 911 2201 maris
930 2167 959 2202 Ο
1069 2169 1255 2201 transeunt
1273 2167 1344 2211 LQ
1459 2168 1482 2201 4
1501 2167 1669 2201 aduersus
1689 2166 1718 2201 (J

248 2234 310 2258 nos
329 2223 454 2267 adque]
470 2223 660 2257 simulacra
678 2225 784 2267 atque
798 2224 835 2259 R
928 2224 949 2258 5
964 2224 994 2258 si
1008 2224 1047 2258 hi
1061 2224 1106 2266 R,
1124 2224 1155 2258 si
1172 2224 1263 2258 mihi
1284 2224 1323 2269 Q,
1342 2225 1372 2258 si
1386 2224 1423 2258 ui
1437 2225 1481 2266 L,
1503 2225 1578 2259 siue
1591 2224 1636 2267 P,
1656 2224 1686 2257 si
1704 2224 1761 2257 uel

247 2283 332 2324 fort.
343 2296 355 2326 ,-
383 2282 413 2315 si
429 2282 467 2316 hi
486 2310 492 2316 .
508 2308 516 2316 .
533 2308 538 2314 .
561 2283 581 2316 l.
602 2285 623 2316 ’7
639 2282 862 2327 paenitentia
878 2293 943 2317 om.
964 2282 994 2318 C
1131 2284 1167 2316 et
1183 2283 1236 2317 ch.
1255 2294 1287 2327 p.
1307 2284 1529 2326 negauerunt
1547 2293 1612 2317 om.
1635 2282 1671 2317 R

250 2341 268 2373 7
286 2339 527 2384 poenitentiae
545 2340 580 2375 R
697 2340 757 2374 sed
775 2340 901 2384 adhuc]
922 2351 957 2375 se
975 2342 1047 2385 atq.
1068 2341 1097 2376 G
1213 2342 1401 2385 coeperunt
1423 2340 1452 2385 Q
1567 2342 1697 2375 terrere
1717 2349 1762 2373 ex

249 2408 361 2432 errore
389 2397 425 2440 C,
457 2398 628 2442 temporis
653 2397 725 2443 ΡΩ
863 2399 884 2432 8
911 2398 980 2444 sui]
1007 2399 1071 2433 sub
1095 2399 1125 2434 C
1261 2398 1438 2432 dominari
1464 2409 1554 2433 corr.
1582 2398 1623 2432 in
1649 2397 1760 2432 domi-

247 2455 357 2490 nandi
376 2456 405 2491 O
526 2455 761 2500 postulabant
778 2456 824 2491 0¹
948 2457 969 2490 9
987 2458 1051 2490 aut
1068 2456 1098 2490 si
1117 2456 1379 2491 comminantur
1397 2466 1463 2490 om.
1481 2455 1518 2490 R
1643 2454 1687 2488 10
1704 2454 1761 2488 dei

249 2513 491 2548 sacerdotibus
511 2513 598 2548 CRv
739 2513 781 2547 11
800 2512 838 2547 in
864 2513 1049 2548 ecclesiam
1067 2514 1123 2549 Pv
1263 2514 1421 2547 minatus
1447 2514 1501 2547 est
1519 2513 1548 2548 C
1572 2514 1627 2546 est
1644 2522 1671 2546 s.
1691 2512 1711 2546 l.

248 2571 291 2606 12
309 2571 385 2605 eius
413 2571 460 2615 et]
487 2572 581 2605 esset
597 2571 634 2606 R
775 2571 917 2605 cedetur
936 2571 1021 2607 C²R
1167 2571 1210 2605 14
1228 2571 1355 2605 faciem
1378 2571 1507 2615 Oxou„
1533 2569 1623 2604 facie
1641 2568 1759 2613 LPQ,

246 2640 331 2673 pac-e
357 2628 445 2664 CRv
585 2629 628 2663 15
654 2628 933 2674 persecutionem
960 2629 1054 2664 O¹M
1077 2629 1332 2673 (persecutione
1359 2627 1401 2673 Q)
1544 2627 1663 2671 peiore
1680 2627 1716 2661 P

249 2687 292 2721 16
309 2687 516 2731 inpleantur
534 2687 607 2722 LP
741 2686 782 2720 17
800 2686 855 2731 ne]
873 2697 936 2720 nec
953 2686 1034 2728 LP,
1059 2697 1126 2721 om.
1145 2686 1175 2722 C
1308 2686 1353 2722 18
1370 2685 1597 2730 deprecamus
1615 2695 1659 2718 ea>
1676 2684 1760 2718 dum

247 2754 430 2788 precamur
448 2744 476 2779 O
614 2732 707 2778 duris
717 2754 822 2788 quem
840 2745 876 2778 et
894 2744 958 2779 CR
1096 2744 1142 2778 20
1158 2745 1294 2778 mentes
1314 2744 1356 2784 V,
1372 2743 1504 2777 mentis
1520 2741 1715 2787 CLPQRv

246 2802 390 2844 pectora
409 2802 533 2846 operta
552 2801 592 2843 V,
625 2802 768 2846 pectora
781 2801 862 2843 LP,
894 2803 1092 2846 peccatores
1110 2812 1131 2836 a
1150 2801 1190 2847 Q,
1215 2802 1416 2846 peccatores
1435 2799 1502 2835 GR
1640 2799 1685 2834 21
1700 2798 1762 2833 ad·

250 2859 423 2902 gnoseant
437 2858 472 2893 L
566 2859 611 2894 22
629 2858 814 2893 antestitis
834 2858 929 2900 0¹13,
947 2858 1133 2894 antistites
1152 2859 1225 2894 LP
1317 2858 1393 2902 ipso
1411 2857 1447 2893 R
