1838 3152
276 258 361 300 690
800 256 997 290 Caecilii
1033 256 1247 301 Cypriani

274 360 445 402 ticum
502 360 754 401 hominem
812 361 928 413 post
978 373 1127 402 unam
1183 361 1563 414 correptionem
1614 361 1775 410 euita,

274 429 453 471 sciens
495 429 612 481 quia
650 441 924 482 peruersus
966 430 1043 471 est
1083 429 1383 471 huiusmodi
1422 430 1472 471 et
1512 430 1689 482 peccat
1730 430 1777 470 et

274 499 351 538 est
383 511 405 538 a
438 498 597 538 semet
639 497 749 549 ipso
788 498 1069 539 damnatus.
1117 500 1158 539 et
1195 511 1265 551 per
1297 497 1555 540 Salomonem
1595 499 1778 551 loquitur

275 565 446 619 spiritus
493 566 670 607 sanctus
721 579 1019 619 peruersus,
1068 567 1221 620 inquit,
1268 567 1315 608 in
1356 579 1444 609 suo
1485 579 1566 608 ore
1606 569 1778 621 portat

271 634 646 687 perditionem
689 636 740 675 et
781 635 828 676 in
868 635 1027 677 labiis
1074 636 1184 678 suis
1227 636 1397 690 ignem
1437 636 1625 678 condit.
1674 637 1803 679 items

271 703 402 745 denuo
449 704 586 745 monet
634 704 788 745 dicens:
837 704 976 758 saepi
1022 717 1167 746 aures
1213 705 1328 746 tuas
1374 705 1539 757 spinis
1579 706 1626 746 et
1670 705 1777 746 noli

271 772 453 814 audire
495 774 730 828 linguam
771 785 1000 825 nequam.
1049 774 1090 814 et
1128 773 1300 814 iterum:
1348 774 1514 815 malus
1554 773 1777 816 obaudit

271 841 486 896 linguae
528 842 847 894 iniquorum,
890 842 1062 883 iustus
1104 843 1274 883 autem
1314 854 1408 883 non
1447 843 1678 884 intendit
1710 842 1778 883 la-

271 909 372 951 biis
403 910 743 952 mendacibus.
777 910 884 963 quod
915 923 1166 964 quamquam
1198 910 1325 952 sciam
1355 910 1443 953 illic
1473 911 1777 953 fraternitatem

269 980 452 1020 nostram
484 981 621 1020 uestra
652 979 808 1020 scilicet
839 979 1099 1031 prouidentia
1121 979 1326 1021 munitam
1348 981 1417 1021 sed
1439 980 1480 1022 et
1502 993 1575 1022 sua
1595 981 1775 1035 uigilan-
1791 996 1823 1020 ιο

270 1047 331 1089 tia
362 1048 464 1089 satis
497 1049 660 1089 cautam
691 1060 764 1089 nec
796 1048 884 1101 capi
914 1048 1216 1090 haereticorum
1249 1049 1415 1090 uenenis
1447 1061 1565 1103 posse
1604 1062 1676 1091 nec
1709 1051 1778 1092 de-

273 1117 368 1170 cipi,
402 1117 649 1170 tantumque
681 1117 790 1171 apud
821 1117 916 1158 illos
949 1117 1183 1169 praeualere
1216 1117 1459 1172 magisteria
1490 1118 1531 1160 et
1561 1120 1777 1173 praecepta

272 1186 414 1227 diuina
435 1187 614 1239 quantus
636 1186 721 1227 illis
742 1186 787 1227 in
808 1186 942 1227 Deum
965 1186 1088 1227 timor
1110 1186 1191 1228 est:
1225 1187 1365 1228 tamen
1387 1199 1434 1228 ex
1455 1187 1681 1229 abundanti
1711 1189 1778 1230 uel

273 1255 511 1297 sollicitudo
539 1255 681 1297 nostra
711 1254 776 1296 uel
805 1255 954 1297 caritas
988 1255 1163 1296 scribere
1196 1255 1247 1297 ad
1282 1268 1354 1297 uos
1377 1256 1457 1297 ista
1477 1257 1695 1310 persuasit,
1730 1259 1777 1299 ut

270 1324 388 1366 nulla
416 1336 510 1365 cum
531 1324 688 1366 talibus
710 1324 954 1366 commercia
976 1324 1227 1378 copulentur,
1258 1324 1374 1366 nulla
1406 1337 1499 1366 cum
1529 1325 1649 1367 malis
1680 1337 1774 1367 con·
1792 1342 1825 1367 15

269 1394 383 1435 uiuia
419 1394 487 1435 uel
525 1393 738 1446 conloquia
773 1394 1024 1435 misceantur
1060 1393 1268 1446 simusque
1310 1393 1360 1435 ab
1397 1393 1454 1435 eis
1491 1396 1579 1435 tam
1601 1396 1779 1447 separati

270 1475 394 1516 quam
417 1464 512 1504 sunt
534 1463 598 1504 illi
621 1462 669 1504 de
691 1462 864 1504 ecclesia
884 1461 1061 1516 profugi,
1085 1462 1180 1515 quia
1203 1462 1403 1515 scriptum
1424 1463 1505 1504 est:
1537 1463 1578 1504 si
1607 1464 1778 1506 autem

271 1531 547 1573 ecclesiam
590 1531 990 1585 contempserit,
1044 1531 1112 1572 sit
1153 1532 1254 1572 tibi
1299 1534 1561 1585 tamquam
1613 1533 1778 1575 ethni-

272 1613 357 1642 cus
399 1603 449 1642 et
489 1601 810 1654 publicanus
864 1601 903 1642 et
944 1600 1088 1642 beatus
1133 1601 1342 1654 apostolus
1388 1614 1466 1643 non
1507 1602 1645 1644 monet
1686 1602 1779 1644 tan-

269 1670 372 1720 tum,
406 1670 476 1711 sed
510 1671 550 1711 et
578 1670 693 1711 iubet
722 1683 744 1710 a
772 1669 927 1711 talibus
958 1670 1182 1721 recedatur,
1216 1670 1594 1725 praecipimus,
1626 1671 1775 1725 inquit,
1791 1688 1825 1715 20

268 1739 415 1780 uobis
456 1739 505 1779 in
536 1739 735 1780 nomine
767 1739 971 1780 Domini
1012 1738 1132 1780 Iesu
1167 1737 1377 1780 Christi
1415 1741 1470 1781 ut
1509 1739 1777 1782 recedatis

268 1808 329 1849 ab
363 1807 601 1849 omnibus
644 1807 902 1850 fratribus
941 1808 1332 1850 ambulantibus
1375 1807 1687 1850 inordinate
1726 1811 1777 1851 et

268 1888 366 1918 non
398 1877 677 1918 secundum
707 1876 1058 1919 traditionem
1090 1889 1238 1930 quam
1281 1878 1596 1930 acceperunt
1637 1891 1659 1919 a
1697 1890 1779 1919 no-

268 1946 359 1987 bis.
394 1946 509 1988 nulla
532 1947 703 1988 societas
727 1946 821 1988 fidei
842 1948 883 1989 et
903 1946 1097 2000 perfidiae
1119 1947 1256 2000 potest
1277 1958 1374 1988 esse.
1407 1947 1477 1999 qui
1498 1959 1591 1988 cum
1614 1946 1777 1989 Christo

404 2072 426 2106 4
450 2071 554 2106 Prou.
583 2072 636 2112 16,
663 2072 718 2105 27.
816 2072 836 2105 6
863 2072 926 2105 Sir.
954 2072 1009 2113 28,
1036 2072 1093 2108 24.
1192 2072 1209 2105 7
1238 2070 1339 2105 Prou.
1369 2072 1421 2106 17.
1447 2072 1478 2105 4.
1576 2072 1617 2106 17
1643 2072 1775 2106 Matth.

269 2129 322 2171 18,
350 2129 403 2163 17.
499 2129 544 2163 ‘20
569 2130 606 2163 ΙΙ
633 2130 753 2163 Thess,
781 2129 812 2171 3,
839 2130 869 2164 6.

337 2244 357 2277 1
376 2244 495 2288 unam]
522 2245 558 2278 et
582 2244 770 2279 secundam
787 2244 871 2279 add.
889 2244 918 2279 C
933 2255 957 2279 S.
973 2245 994 2279 Ζ.
1121 2245 1142 2278 2
1160 2246 1341 2288 peccantct
1356 2244 1437 2279 C¹R
1552 2244 1573 2278 3
1592 2254 1611 2278 a
1630 2255 1666 2278 rc
1684 2254 1774 2279 corr.

268 2300 311 2335 in
329 2311 346 2334 0
364 2312 400 2334 se
418 2301 447 2336 C
608 2302 824 2336 solomonem
843 2302 944 2347 CPQ
1105 2303 1128 2336 4
1145 2313 1202 2336 ore
1221 2313 1281 2336 suo
1299 2314 1319 2337 v
1482 2303 1603 2346 portae
1621 2302 1655 2336 L
1663 2315 1675 2345 ,·
1701 2312 1777 2346 per-

269 2368 370 2392 uersa
387 2358 471 2393 add.
495 2359 525 2404 Q
540 2369 567 2394 s,
586 2359 607 2393 l.
626 2370 670 2393 m.
689 2363 712 2394 2
858 2360 880 2394 5
897 2359 1108 2404 perditionis
1127 2359 1195 2404 LQ
1334 2361 1370 2394 et
1388 2359 1424 2393 in
1442 2359 1548 2393 labiis
1567 2370 1631 2394 om.
1657 2359 1686 2404 Q

268 2416 324 2449 sui
347 2415 449 2460 Q1M,
470 2427 551 2451 suae
574 2417 621 2462 Q²
760 2417 917 2452 condetis
939 2417 986 2463 Q²
1000 2417 1136 2462 (condit
1154 2417 1265 2462 DIQ1)
1406 2417 1424 2450 7
1443 2427 1596 2461 nequam
1614 2427 1679 2450 om.
1704 2416 1733 2451 C

266 2473 289 2508 8
314 2472 477 2508 intendet
502 2474 648 2520 L¹PQ¹
686 2475 857 2517 (intendit
879 2475 928 2509 M
932 2475 993 2519 Q²)
1179 2475 1199 2509 9
1226 2474 1318 2519 quod
1348 2485 1412 2509 om.
1437 2474 1472 2509 V
1652 2474 1776 2519 sciam]

267 2541 305 2565 se
322 2531 393 2565 iam
415 2531 443 2577 Q
582 2533 639 2566 illi
658 2533 693 2568 R
832 2533 1073 2567 fraternitatis
1092 2533 1126 2568 L
1267 2533 1311 2566 10
1329 2534 1502 2577 nostram]
1521 2534 1677 2567 uestram
1701 2532 1735 2566 V

268 2590 408 2622 uestras
426 2589 489 2631 ΕΙ,
509 2591 630 2624 nostra
655 2591 689 2625 V
809 2590 946 2625 seilicet
964 2592 1000 2625 ct
1023 2590 1051 2636 Q
1174 2589 1438 2635 prouidentiam
1461 2590 1549 2626 0¹13
1665 2590 1776 2624 moni-

267 2646 343 2681 tam
367 2647 446 2682 012¹
460 2647 536 2693 QV,
554 2649 691 2682 monita
708 2647 771 2689 ΒΡ,
790 2648 969 2682 unitatem
987 2648 1021 2683 L
1128 2647 1357 2692 uigilantiam
1380 2648 1410 2683 C
1514 2647 1555 2681 11
1574 2648 1678 2681 cauta
1696 2647 1732 2682 R

269 2702 314 2737 12
330 2704 473 2738 tantum
491 2715 580 2749 quac
602 2705 641 2748 Q,
660 2705 735 2739 tam
753 2715 842 2748 quae
861 2705 896 2739 L
1073 2705 1295 2750 praeualeret
1313 2696 1348 2738 ct
1371 2705 1400 2750 Q
1585 2704 1628 2738 14
1645 2704 1776 2738 sollici-

266 2760 391 2795 tudine
409 2762 482 2796 LP
575 2763 618 2797 16
635 2762 692 2796 his
715 2763 745 2798 C
845 2763 886 2797 17
906 2763 969 2797 isti
992 2764 1026 2798 V
1116 2763 1170 2808 de]
1190 2763 1233 2797 ab
1257 2763 1361 2798 GRV
1451 2763 1495 2797 18
1512 2763 1548 2796 et
1567 2761 1715 2796 ecclesia
1738 2762 1776 2802 G,

265 2818 303 2852 et
320 2819 503 2854 ecclesiam
519 2830 540 2854 υ
632 2821 831 2865 tamquam]
857 2821 958 2865 quasi
979 2821 1007 2855 Ο
1109 2821 1155 2856 20
1172 2820 1232 2855 sed
1249 2821 1297 2865 et]
1324 2820 1385 2855 sed
1406 2820 1436 2865 Q
1540 2830 1560 2853 a
1577 2819 1712 2853 talibus
1730 2819 1776 2860 P,

264 2885 288 2909 a
304 2876 439 2912 tanbus
457 2879 498 2912 ut
515 2878 616 2924 Lon,
635 2880 677 2913 ut
693 2890 713 2913 a
732 2879 867 2913 talibus
891 2879 954 2915 GR
1093 2878 1137 2913 21
1156 2867 1377 2923 dffnffco
1515 2877 1556 2911 ut
1574 2876 1701 2911 christi
1718 2876 1770 2911 Ει
