1838 3152
189 216 273 257 646
720 214 916 250 Caecilii
941 215 1155 259 Cypriani

187 318 299 359 erit.
348 318 390 360 et
426 318 599 360 iterum:
645 330 739 360 non
786 318 1073 360 morientur
1120 319 1295 371 patres
1335 331 1421 373 pro
1463 319 1601 361 filiis
1643 321 1702 362 et,

188 386 300 427 filii
346 397 442 428 non
487 387 773 429 morientur
817 400 902 441 pro
947 387 1199 440 patribus.
1249 387 1602 441 unusquisque
1641 388 1693 430 in

188 455 396 509 peccato
435 468 521 497 suo
560 456 825 498 morietur.
868 456 974 508 quod
1015 456 1198 511 legentes
1239 456 1398 499 scilicet
1436 458 1477 498 et
1508 458 1694 499 tenentes

190 524 396 566 neminem
425 525 622 578 putamus
643 537 666 565 a
686 524 823 566 fructu
855 523 1148 567 satisfactionis
1170 525 1211 567 et
1232 537 1302 578 spe
1323 525 1436 579 pacis
1458 525 1691 575 arcendum,

193 606 286 634 cum
308 593 485 635 sciamus
506 593 621 635 iuxta
641 593 933 646 scripturarum
958 593 1193 636 diuinarum
1215 593 1339 635 fidem
1360 594 1522 636 auctore
1540 594 1580 635 et
1594 594 1688 636 hor-
1703 612 1724 636 a

188 661 321 704 tatore
349 662 438 716 ipso
458 662 543 703 Deo
566 663 606 704 et
626 662 677 703 ad
698 662 900 716 agendam
928 662 1225 716 paenitentiam
1246 663 1476 716 peccatores
1498 663 1632 717 redigi
1653 663 1695 705 et

190 731 355 773 ueniam
376 731 506 784 adque
528 731 831 785 indulgentiam
850 731 1156 784 paenitentibus
1177 743 1257 773 non
1280 732 1482 786 denegari.

121 795 174 834 28
246 800 394 854 Adque
415 812 436 841 o
459 799 720 842 frustrandae
749 799 1019 842 fraternitatis
1041 800 1197 851 inrisio,
1227 813 1248 842 o
1270 801 1514 843 miserorum
1534 801 1693 843 lamen-

191 869 370 911 tantium
411 869 562 911 caduca
603 869 798 923 decepti0‚
847 882 868 911 o
909 870 1136 911 haereticae
1185 869 1458 912 institutionis
1508 869 1695 912 inefficax

191 940 232 981 et
261 951 367 980 uana
402 937 571 979 traditio
606 938 761 980 hortari
791 938 842 980 ad
870 937 1166 980 satisfactionis
1200 938 1494 991 paenitentiam
1528 940 1568 980 et
1598 939 1750 983 Sub-lo*

190 1008 352 1050 trahere
392 1007 441 1049 de
482 1006 760 1048 satisfactione
805 1007 1065 1059 medicinam,
1115 1006 1246 1049 dicere
1286 1007 1483 1050 fratribus
1523 1008 1696 1050 nostris:

189 1071 352 1130 ‘plange
374 1076 415 1117 et
435 1076 627 1117 lacrimas
656 1075 781 1117 funde
802 1077 843 1118 et
865 1076 1008 1118 diebus
1030 1089 1075 1118 ac
1093 1076 1283 1118 noctibus
1312 1077 1543 1131 ingemesce
1564 1078 1606 1119 et
1625 1088 1697 1130 pro

192 1144 394 1186 abluendo
417 1145 458 1186 et
479 1145 691 1199 purgando
721 1145 871 1187 delicto
901 1145 972 1186 tuo
1001 1145 1173 1200 largiter
1194 1146 1234 1186 et
1255 1145 1489 1199 frequenter
1517 1157 1695 1200 operare,

192 1214 263 1255 sed
299 1214 412 1255 extra
443 1213 658 1256 ecclesiam
689 1214 782 1266 post
813 1214 950 1255 omnia
981 1213 1062 1255 ista
1091 1213 1299 1256 morieris:
1337 1227 1616 1268 quaecumque
1646 1215 1699 1256 ad

191 1295 334 1338 pacem
354 1283 562 1336 pertinent
584 1283 721 1334 facies7
745 1282 814 1325 sed
831 1283 990 1324 nullam
1005 1296 1148 1337 pacem
1165 1295 1288 1336 quam
1311 1284 1470 1336 quaeris
1492 1277 1695 1337 accipies.'
1712 1302 1750 1326 15

193 1352 285 1406 quis
313 1366 394 1395 non
424 1353 567 1394 statim
588 1353 740 1405 pereat,
771 1352 863 1405 quis
884 1363 963 1393 non
985 1352 1073 1405 ipsa
1096 1351 1375 1405 desperatione
1397 1352 1574 1407 deficiat,
1606 1353 1698 1406 quis

193 1435 273 1464 non
295 1422 481 1464 animum
502 1435 624 1464 suum
645 1435 670 1463 a
688 1421 897 1475 proposito
924 1421 1232 1463 lamentationis
1255 1422 1445 1464 auertat?
1474 1423 1630 1475 operari
1651 1423 1698 1464 tu

192 1492 314 1544 putas
335 1491 538 1533 rusticum
558 1503 689 1545 posse,
711 1490 746 1532 si
768 1490 935 1532 dixeris:
964 1485 1128 1545 ‘agrum
1148 1490 1299 1543 peritia
1319 1491 1430 1532 omni
1451 1491 1699 1533 rusticitatis

197 1572 347 1611 exerce,
392 1560 565 1602 culturis
607 1560 826 1615 diligenter
861 1559 1020 1611 insiste,
1063 1560 1134 1602 sed
1168 1559 1328 1601 nullam
1364 1572 1539 1601 messem
1574 1561 1704 1603 metes

195 1630 376 1683 [nullam
417 1629 672 1671 uindemiam
706 1630 900 1683 premes}
939 1630 1075 1670 nullos
1107 1628 1252 1670 oliueti
1283 1629 1345 1670 tui
1378 1628 1535 1670 fructus
1567 1629 1699 1682 capies
1714 1647 1753 1673 20-

193 1698 310 1740 nulla
339 1699 387 1740 de
416 1698 628 1740 arboribus
664 1710 786 1752 poma
820 1690 1037 1751 decerpes.'
1073 1698 1141 1739 uel
1170 1698 1205 1739 si
1233 1698 1270 1739 ei
1300 1697 1366 1739 cui
1404 1697 1634 1740 dominium
1664 1700 1704 1740 et

194 1780 315 1810 usum
351 1768 522 1809 nauium
554 1768 723 1809 suadeas
756 1767 888 1809 dicas:
920 1761 1156 1809 ‘materiam
1186 1766 1234 1808 de
1264 1767 1555 1808 excellentibus
1586 1767 1705 1809 siluis

194 1848 387 1888 mercare,
422 1836 562 1888 frater,
595 1837 776 1878 carinam
809 1835 1060 1890 praeualidis
1082 1836 1123 1877 et
1144 1836 1286 1878 electis
1315 1836 1528 1877 roboribus
1556 1837 1705 1890 intexe,

333 1997 351 2030 1
378 1996 482 2030 Dent.
509 1996 564 2037 24,
591 1996 644 2030 16.

272 2150 285 2180 1
307 2145 389 2189 erit]
414 2146 508 2190 perit
525 2146 571 2187 R,
597 2146 668 2180 erit
692 2147 727 2179 ct
745 2146 876 2180 iterum
900 2145 929 2180 G
1065 2145 1087 2179 3
1103 2145 1258 2190 legimus
1277 2145 1312 2178 Β
1451 2145 1473 2178 4
1490 2144 1607 2178 fructo
1632 2143 1662 2188 Q

197 2203 287 2238 satis
305 2205 342 2238 et
356 2203 526 2238 factionis
546 2204 598 2238 Βι
714 2204 736 2238 5
753 2205 892 2237 ortatur
909 2204 950 2237 in
967 2204 1125 2237 ortatore
1144 2204 1180 2237 et
1197 2213 1287 2237 corr.
1311 2202 1339 2236 0
1453 2203 1473 2236 6
1492 2203 1528 2236 et
1544 2212 1609 2236 om.
1633 2202 1663 2237 G

198 2262 242 2296 ad
259 2272 324 2296 om.
345 2262 431 2297 BC¹
542 2262 560 2296 7
579 2261 705 2306 negari
725 2260 796 2306 BQ
900 2261 922 2295 8
940 2262 1047 2305 atque
1066 2261 1099 2305 o]
1119 2271 1139 2294 a
1156 2271 1223 2304 quo
1243 2261 1287 2301 Β,
1308 2271 1327 2294 o
1347 2270 1391 2294 ειη
1409 2261 1480 2304 atq.
1506 2260 1535 2294 Ο
1633 2259 1710 2293 fru-

200 2319 348 2354 stranda
365 2319 575 2353 fraternitas
594 2319 629 2353 Β
761 2330 781 2353 o
799 2329 865 2353 om.
884 2318 956 2353 BR
1086 2318 1296 2352 lamentium
1314 2318 1359 2358 L,
1375 2316 1654 2351 lamentantium
1671 2318 1708 2351 et

201 2377 401 2412 amentium
418 2388 440 2413 υ
549 2377 570 2411 9
587 2388 606 2411 o
625 2387 690 2411 om.
710 2376 855 2412 BGPR
962 2375 1162 2410 haereticae
1179 2386 1246 2410 om.
1273 2375 1302 2410 C
1407 2374 1565 2409 inefficat
1582 2374 1616 2408 L
1633 2375 1650 2408 t
1666 2374 1710 2408 in

198 2445 271 2469 ras.
404 2435 447 2469 11
466 2434 690 2478 medicinam]
710 2433 885 2468 medicum
908 2434 938 2469 C
1068 2433 1112 2468 12
1129 2432 1322 2478 ingemisce
1341 2432 1398 2467 Rv
1523 2431 1567 2465 14
1584 2441 1707 2475 quam-

199 2502 302 2536 cunq.
325 2492 368 2527 0¹
475 2492 518 2526 16
534 2494 697 2536 pereatur
721 2492 764 2527 0¹
866 2492 956 2537 ipsa]
974 2491 1046 2525 ista
1065 2491 1100 2525 Β
1199 2489 1386 2524 deficiatur
1409 2489 1438 2524 C
1444 2490 1453 2506 ¹
1559 2488 1601 2522 17
1619 2487 1651 2531 a]
1672 2488 1708 2541 et

198 2561 219 2584 a
243 2550 272 2585 G
362 2551 547 2584 auertatur
571 2550 600 2585 O
606 2553 611 2567 ¹
707 2550 749 2583 tu
766 2559 832 2583 om.
852 2549 897 2590 Β,
915 2550 993 2583 tum
1017 2549 1046 2583 G
1149 2548 1192 2582 18
1208 2546 1416 2582 rusticitate
1433 2545 1466 2580 Β
1573 2545 1616 2579 19
1634 2544 1710 2578 cul-

198 2610 256 2642 tor
281 2619 325 2643 ex
342 2607 490 2642 cultoris
516 2608 546 2642 Ο
682 2607 849 2641 insistere
867 2607 902 2640 Β
1041 2616 1154 2640 messe
1179 2606 1291 2639 metes
1316 2604 1453 2638 nullam
1474 2603 1517 2644 R,
1545 2613 1610 2636 om.
1635 2601 1665 2636 C

199 2665 245 2699 20
261 2665 400 2699 nullam
418 2664 636 2699 uindemiam
653 2675 789 2709 premes
808 2674 871 2698 om.
893 2662 1038 2708 BLPQ
1165 2663 1287 2697 nullus
1305 2661 1416 2696 BLP
1541 2659 1585 2693 21
1604 2669 1708 2702 poma

198 2733 263 2757 om.
286 2723 316 2758 Ο
406 2722 564 2767 decerpis
583 2722 618 2757 Β
710 2722 743 2756 ei
760 2732 824 2756 om.
850 2721 915 2766 OQ
1010 2721 1067 2756 eui
1085 2732 1150 2756 om.
1170 2721 1206 2755 Β
1299 2720 1347 2764 et]
1367 2720 1422 2753 est
1445 2717 1473 2762 Q
1566 2717 1611 2751 22
1629 2726 1710 2750 sua—

200 2779 260 2814 des
278 2780 324 2822 R,
345 2779 495 2814 suadens
519 2780 569 2815 Οὐ
693 2781 728 2813 et
745 2779 842 2814 dicas
860 2778 932 2824 PQ
949 2779 1012 2814 sed
1033 2778 1062 2824 Q
1079 2780 1115 2812 et
1131 2789 1157 2812 s.
1177 2779 1198 2812 l.
1219 2779 1269 2821 (et
1286 2787 1352 2811 om.
1372 2777 1432 2820 M)
1557 2775 1601 2808 23
1620 2772 1710 2807 cari-

200 2838 297 2882 nam]
316 2826 401 2872 kffie
413 2848 540 2872 nauem
559 2837 594 2871 Β
688 2837 815 2871 erectis
833 2836 869 2871 Β
963 2836 1119 2871 intexere
1136 2836 1181 2878 Β,
1199 2835 1316 2870 inex„
1334 2834 1370 2870 R
