1912 3152
255 206 334 247 196
787 205 980 240 Caecilii
1007 205 1219 250 Cypriani

255 308 447 349 scribitur
483 307 630 349 ciuitas
666 309 860 350 meretrix
896 310 1060 363 compta
1096 303 1306 361 pulch-us
1350 310 1390 350 et
1427 309 1567 349 ornata
1596 308 1637 349 et
1666 318 1760 348 cum

254 376 500 418 ornamentis
537 377 622 418 suis
659 389 705 419 ac
740 379 905 431 propter
944 378 1034 431 ipsa
1070 377 1208 431 potius
1229 379 1466 419 ornamenta
1486 376 1678 430 peritura.
1711 376 1761 417 et

254 446 418 495 uenit,
466 445 621 498 inquit,
670 459 797 487 unus
845 459 897 488 ex
945 446 1147 499 septem
1195 446 1399 500 angelis
1443 445 1760 487 habentibus

254 514 460 567 phialas
493 515 539 555 et
571 515 849 568 adgressus
880 516 1053 556 estme
1087 515 1289 557 dicens:
1321 515 1460 565 ueni⁷
1493 514 1760 556 ostendam

254 582 359 624 tibi
391 582 768 624 damnationem
803 584 1102 625 meretricis
1148 596 1360 638 magnae
1406 583 1637 625 sedentis
1683 595 1760 624 su·
1791 596 1808 620 5

254 664 338 705 per
384 665 539 705 aquas
585 653 798 703 multas,
851 665 961 694 cum
1008 666 1104 706 qua
1158 652 1405 694 fornicati
1451 653 1567 694 sunt
1612 663 1760 705 reges

255 725 439 763 terrae.
473 723 521 763 et
552 722 704 763 duxit
734 735 808 763 me
838 722 891 763 in
926 722 1129 775 spiritu
1161 723 1209 763 et
1238 722 1348 763 uidi
1378 722 1650 763 mulierem
1689 733 1761 762 se-

255 790 456 832 dentem
489 803 641 843 super
672 790 920 831 bestiam:
954 791 1002 831 et
1049 791 1240 832 mulier
1282 791 1385 832 illa
1430 790 1622 832 amicta
1652 790 1762 831 erat

255 859 477 912 pallium
518 871 829 912 purpureum
869 860 918 900 et
952 860 1243 901 coccineum
1275 860 1322 901 et
1353 859 1606 901 adornata
1652 861 1762 901 erat

256 940 375 969 auro
408 929 455 970 et
486 927 756 980 lapidibus
778 928 1032 981 pretiosis
1055 928 1104 970 et
1124 929 1458 983 margaritis,
1481 929 1660 970 tenens
1681 940 1811 980 po-1o

255 996 422 1037 culum
455 1009 659 1038 aureum
691 996 743 1038 in
774 1010 924 1038 manu
955 1009 1047 1038 sua
1092 998 1296 1050 plenum
1343 998 1762 1039 exsecrationum

254 1067 304 1106 et
334 1065 683 1108 inmunditiae
706 1067 754 1107 et
776 1066 1163 1109 fornicationis
1191 1067 1360 1109 totius
1387 1069 1567 1109 terrae.
1600 1066 1762 1120 fugiant

255 1135 389 1175 castae
411 1135 589 1188 uirgines
613 1136 653 1176 et
673 1135 846 1188 pudicae
879 1136 1130 1178 incestarum
1162 1137 1317 1187 cultus,
1349 1136 1517 1178 habitus
1547 1136 1761 1188 inpudica-

254 1216 364 1254 rum,
388 1204 630 1256 lupanarum
653 1205 852 1259 insignia,
886 1207 1123 1247 ornamenta
1144 1205 1421 1247 meretricum.

189 1283 236 1323 13
313 1272 473 1314 Clamat
495 1273 619 1314 etiam
643 1273 799 1326 Spiritu
824 1275 968 1316 sancto
991 1275 1133 1327 plenus
1155 1275 1298 1316 Esaias
1331 1276 1371 1316 et
1401 1274 1506 1316 filias
1538 1273 1633 1315 Sion
1664 1284 1760 1314 auro
1776 1290 1809 1314 ιε,

256 1344 295 1383 et
317 1343 429 1383 ueste
452 1343 661 1395 corruptas
682 1343 864 1396 increpat
882 1344 922 1384 et
939 1343 1129 1397 obiurgat
1145 1344 1381 1396 perniciosis
1399 1343 1542 1396 opibus
1565 1342 1762 1384 afluentes

256 1413 295 1452 et
318 1423 340 1452 a
360 1412 444 1452 Deo
467 1424 537 1464 per
559 1412 710 1453 saeculi
733 1412 899 1454 delicias
930 1413 1175 1454 recedentes.
1227 1413 1489 1454 exaltatae
1529 1412 1665 1462 sunt,
1698 1412 1762 1453 in-

256 1480 368 1533 quit,
401 1479 552 1521 filiae
585 1478 706 1520 Sion
738 1480 786 1522 et
817 1479 1231 1522 ambulauerunt
1262 1480 1367 1522 alto
1399 1480 1533 1521 collo
1566 1479 1762 1521 etnutu

256 1549 518 1591 oculorum
551 1549 601 1589 et
634 1548 837 1590 incessu
867 1550 1049 1601 pedum
1080 1550 1352 1591 trahentes
1383 1549 1593 1591 tunicas
1616 1549 1663 1590 et
1683 1560 1761 1601 pe-

257 1618 404 1660 dibus
435 1618 590 1659 simul
621 1618 874 1659 ludentes.
909 1620 956 1659 et
986 1619 1297 1661 humiliabit
1327 1620 1460 1661 Deus
1502 1618 1809 1670 principa-20

256 1689 331 1730 les
363 1688 512 1729 filias
545 1687 665 1729 Sion
686 1688 733 1728 et
754 1688 1018 1730 reuelabit
1039 1689 1286 1730 Dominus
1308 1688 1540 1729 habitum
1569 1699 1759 1728 earum:

256 1759 304 1800 et
335 1757 536 1799 auferet
567 1756 815 1797 Dominus
846 1757 1066 1811 gloriam
1098 1757 1261 1799 uestis
1292 1757 1505 1798 illarum
1536 1756 1584 1797 et
1615 1768 1761 1797 orna-

256 1829 426 1869 menta
458 1840 631 1868 earum
664 1826 711 1867 et
743 1825 907 1868 crines
949 1828 997 1868 et
1037 1826 1303 1868 cincinnos
1350 1826 1398 1867 et
1443 1826 1663 1867 lunulas
1709 1826 1762 1866 et

256 1898 534 1939 discrimen
581 1898 628 1939 et
675 1897 920 1939 armillas
953 1897 1000 1937 et
1031 1896 1370 1937 botronatum
1403 1896 1450 1936 et
1490 1893 1762 1936 dextralia

257 1969 305 2009 et
335 1967 516 2009 anulos
548 1967 596 2008 et
629 1967 841 2008 inaures
873 1967 922 2007 et
954 1965 1121 2007 serica.
1153 1964 1401 2007 contexta
1432 1976 1540 2005 cum
1573 1974 1692 2004 auro
1714 1962 1808 2003 et25

395 2118 415 2151 2
440 2118 543 2162 Apoc.
565 2118 617 2158 17,
638 2118 656 2151 1
677 2128 727 2161 sq.
801 2117 842 2149 17
869 2116 924 2150 Ε5.
945 2116 976 2158 3,
998 2117 1040 2150 16
1058 2126 1108 2160 sq.

325 2246 346 2279 3
370 2244 503 2279 habent
521 2262 554 2279 a*
571 2244 608 2278 D
626 2245 671 2289 (is
691 2244 797 2288 eras.)
869 2244 891 2277 4
915 2243 1016 2276 fialas
1036 2242 1078 2282 S,
1103 2242 1242 2286 phiolas
1265 2242 1329 2283 W,
1356 2241 1496 2285 phialas
1515 2242 1648 2285 septem
1675 2252 1692 2274 υ

256 2304 277 2336 5
302 2303 371 2336 tibi
390 2303 438 2337 W
454 2314 478 2336 s.
499 2303 521 2336 l.
540 2314 581 2336 m.
602 2305 624 2335 2
718 2301 876 2335 sedentes
893 2301 922 2335 S
1010 2301 1030 2334 9
1055 2299 1204 2344 pallium
1230 2299 1398 2343 (palleum
1425 2298 1464 2341 S)
1488 2308 1700 2342 purpureum
1725 2297 1762 2331 et

257 2361 453 2395 coccineum
471 2360 641 2401 SWDV,
669 2359 779 2403 pallio
803 2369 977 2403 purpureo
995 2359 1030 2391 et
1048 2357 1203 2392 coccineo
1225 2368 1240 2391 υ
1313 2358 1347 2390 ct
1371 2367 1434 2390 om.
1460 2356 1510 2390 W
1579 2355 1621 2389 12
1646 2355 1760 2388 omnis

258 2418 505 2452 immunditiae
525 2418 558 2452 V
667 2416 809 2461 fugiant
827 2415 970 2460 fugiant
993 2416 1026 2450 V
1133 2415 1175 2448 13
1201 2416 1295 2449 caste
1312 2414 1463 2458 uirginis
1483 2414 1512 2447 S
1602 2413 1644 2446 14
1661 2413 1761 2456 lupa-

257 2476 395 2509 narium
417 2487 443 2516 r,
462 2476 624 2519 luparum
642 2474 855 2509 Aldhelmus
938 2473 980 2507 15
998 2473 1123 2516 spirito
1143 2472 1173 2506 S
1254 2472 1365 2505 eseias
1382 2471 1411 2506 S
1478 2472 1524 2515 ct]
1544 2470 1587 2504 ad
1606 2470 1693 2506 WD

258 2535 300 2568 1⁴3
327 2536 360 2567 ct
378 2535 475 2568 ueste
494 2533 572 2574 SD,
601 2535 635 2566 et
653 2534 798 2577 argento
817 2533 881 2572 W,
910 2533 945 2565 et
963 2532 1108 2575 argento
1127 2541 1165 2563 ac
1183 2531 1278 2563 ueste
1301 2541 1317 2563 υ
1388 2529 1585 2572 corruptas]
1604 2529 1761 2572 comptas

258 2593 348 2626 coni.
361 2592 540 2627 Erasmus
612 2591 796 2624 affluentes
816 2590 884 2623 le
963 2589 1004 2622 17
1028 2588 1162 2622 exaltare
1176 2588 1227 2622 W
1234 2590 1240 2607 ¹
1324 2586 1450 2630 inquid
1468 2586 1508 2626 S,
1536 2586 1589 2619 ait
1607 2586 1693 2620 WJ)

260 2651 301 2684 18
327 2652 400 2684 alto
418 2651 518 2694 collo]
539 2650 613 2683 alta
631 2648 764 2682 ceruice
784 2647 822 2681 D
900 2647 942 2680 19
968 2647 1104 2679 incestu
1123 2646 1185 2680 W¹
1274 2645 1319 2678 :20
1343 2644 1480 2677 luentes
1504 2644 1565 2678 11³¹
1644 2642 1760 2676 humi-

258 2709 364 2743 liauifi
390 2708 468 2744 SW
608 2707 649 2741 21
677 2705 853 2740 reuelauib
879 2703 979 2746 SW;
1023 2700 1238 2737 ταπεινώσει
1262 2723 1305 2727 -
1325 2698 1550 2744 ιῖνακα).ι”ψει
1575 2700 1695 2734 LXX

257 2768 300 2801 23
326 2767 457 2810 earum]
477 2766 620 2800 illarum
636 2764 664 2798 S
732 2763 775 2796 24
800 2761 989 2796 discrimen
1008 2760 1090 2795 SW
1091 2761 1128 2793 1)
1137 2760 1181 2801 V,
1201 2759 1457 2793 discriminalia
1478 2770 1511 2799 ιη
1531 2759 1577 2800 cf.
1599 2757 1759 2791 Gronou.

257 2827 324 2859 obs.
340 2837 376 2869 p.
394 2827 465 2858 321
534 2823 766 2858 bom-umatum
783 2820 819 2856 D
898 2819 1069 2854 dextralia
1086 2818 1252 2859 SWDV,
1267 2818 1407 2863 specula
1429 2829 1445 2852 υ
1515 2817 1559 2850 25
1584 2818 1620 2850 ot
1638 2815 1760 2849 anulos

267 2885 311 2919 W
326 2895 350 2918 S.
371 2883 391 2917 l.
412 2894 453 2916 m.
472 2885 495 2916 2
