1838 3152
580 256 789 301 Epistula
814 254 1115 291 XLVIIII—L.
1513 257 1596 298 613

535 461 1047 535 EPISTVLA
1097 461 1161 533 L.

451 610 714 646 CORNELIVS
740 610 981 647 CYPRIANO
1006 610 1182 645 FRATRI
1207 610 1240 644 S.

150 762 210 804 Ne
233 762 331 815 quid
353 762 490 803 minus
507 761 557 802 ad
574 773 744 814 poenam
767 760 952 802 futuram
973 760 1095 802 huius
1116 760 1306 802 scelerati
1328 759 1504 801 hominis
1526 759 1600 800 de-

93 832 211 878 esset,
248 830 478 883 prostratus
515 829 744 871 uirtutibus
765 829 855 881 Dei,
894 842 988 871 cum
1009 829 1216 870 Maximus
1252 830 1294 870 et
1314 828 1522 882 Longinus
1556 830 1597 869 et

63 899 310 942 aMachaeus
331 899 426 940 inde
448 898 623 940 fuissent
645 898 818 952 expulsi,
849 899 980 940 denuo
1003 898 1237 948 resurrexit,
1260 898 1301 939 et
1322 897 1431 939 sicut
1452 897 1598 950 priori-

91 968 167 1009 bus
189 967 340 1009 litteris
362 967 440 1009 tibi
462 979 563 1020 quas
580 979 651 1020 per
667 967 918 1022 Augendum
940 966 1211 1009 confessorem
1232 966 1329 1008 misi
1351 966 1596 1020 significaui,

92 1038 236 1090 putem
271 1036 553 1079 Nicostratum
590 1037 631 1077 et
662 1036 875 1078 Nouatum
912 1037 952 1078 et
981 1036 1221 1078 Euaristum
1259 1037 1300 1077 et
1331 1035 1521 1076 Primum
1558 1036 1599 1075 et

93 1106 338 1160 Dionysium
379 1105 451 1146 illo
492 1105 576 1147 iam
618 1105 863 1160 peruenisse.
906 1104 1151 1159 inuigiletur
1192 1116 1287 1159 ergo
1325 1106 1372 1145 ut
1407 1104 1597 1146 omnibus

92 1174 337 1228 coepiscopis
355 1175 507 1216 nostris
524 1175 565 1216 et
581 1174 781 1216 fratribus
797 1174 1044 1216 innotescat:
1066 1174 1351 1216 Nicostratum
1370 1173 1599 1215 multorum

45 1257 80 1282 1ο
93 1243 314 1284 criminum
331 1255 446 1285 reum
464 1245 505 1285 et
521 1255 599 1285 non
620 1243 755 1284 solum
775 1244 968 1296 patronae
990 1256 1086 1285 suae
1109 1243 1262 1285 carnali
1285 1243 1400 1285 cuius
1422 1243 1600 1285 rationes

92 1312 223 1367 gessit
256 1311 419 1354 fraudes
442 1314 483 1354 et
505 1312 668 1366 rapinas
702 1312 860 1365 fecisse,
898 1324 1042 1354 uerum
1072 1312 1212 1362 etiam,
1250 1312 1357 1365 quod
1379 1313 1442 1354 est
1463 1312 1528 1353 illi
1549 1312 1600 1353 ad

92 1382 334 1435 perpetuam
370 1393 543 1434 poenam
582 1383 850 1432 reservatum,
886 1381 1080 1424 ecclesiae
1111 1381 1298 1436 deposita
1329 1394 1406 1423 non
1440 1381 1602 1423 modica

93 1450 326 1501 abstulisse,
362 1450 602 1493 Euaristum
627 1463 719 1492 uero
741 1463 835 1492 cum
857 1452 1019 1493 auctore
1040 1451 1274 1493 schismatis
1297 1450 1424 1493 fuisse
1445 1452 1487 1492 et
1508 1463 1599 1492 suc-

93 1531 292 1561 cessorem
324 1519 436 1572 plebi
459 1520 524 1561 cui
546 1521 667 1562 antea
688 1519 921 1573 praefuerat
942 1520 1090 1561 Zetum
1112 1520 1155 1561 in
1175 1521 1314 1561 locum
1335 1520 1423 1561 eius
1443 1519 1600 1573 episco-

46 1603 80 1627 15
93 1601 190 1642 pum
214 1601 300 1630 esse
322 1589 608 1630 constitutum.
632 1588 822 1631 Nouatus
842 1601 938 1631 uero
961 1602 1006 1631 ea
1026 1589 1094 1631 hic
1116 1589 1352 1643 designauit
1373 1588 1538 1630 malitia
1560 1590 1601 1630 et

163 1783 273 1827 Epist.
294 1784 331 1818 L.
357 1804 392 1807 -—
413 1784 550 1829 Incipit
578 1785 622 1818 ad
651 1784 799 1819 eundem
825 1784 960 1818 ·V1111·
978 1785 1023 1825 R,
1054 1785 1186 1829 Incipit
1212 1784 1304 1819 ·VII·
1330 1784 1375 1819 ad
1392 1784 1540 1819 eundem
1558 1784 1596 1823 Z,

95 1840 226 1885 Incipit
256 1841 299 1875 ad
327 1841 474 1876 eundem
503 1843 548 1883 io,
580 1842 634 1876 Ad
665 1841 811 1876 eundem
840 1842 1013 1886 aepistola
1040 1842 1093 1876 ·X·
1112 1856 1147 1887 μ,
1179 1841 1313 1886 Incipit
1341 1842 1414 1876 alia
1442 1841 1599 1876 eiusdem

94 1898 264 1942 (Cornelii
295 1899 338 1933 ad
357 1899 548 1943 Cyrianum
570 1900 613 1941 Τ)
644 1899 686 1934 dc
714 1900 853 1934 nominc
877 1899 1025 1934 Maximi
1043 1900 1196 1944 Longini
1226 1902 1262 1934 et
1292 1901 1373 1943 (om.
1398 1899 1441 1942 Ο)
1459 1899 1600 1934 Machei

93 1956 238 1998 (maccci
262 1956 304 1999 C)
333 1958 367 1990 ct
384 1956 583 1991 Nicostrati
613 1959 649 1991 ct
665 1957 825 1991 Euaristi
844 1957 1063 2001 (Euaristum
1087 1958 1131 1999 T)
1168 1958 1234 1992 C'T
1253 1957 1317 1992 sed
1341 1958 1383 1992 in
1408 1957 1438 1992 G
1458 1968 1501 1991 m.
1529 1967 1597 1991 rec.

93 2013 177 2048 add.
197 2034 238 2037 -—
256 2014 277 2048 2
303 2013 500 2058 Cyprianus
530 2013 692 2050 Cornelio
726 2014 865 2057 ΟἭΖμ
1005 2015 1027 2049 3
1056 2015 1172 2049 minus
1202 2026 1266 2049 om.
1296 2028 1331 2058 μ,
1364 2015 1480 2048 minus
1512 2014 1599 2048 mali

94 2071 185 2115 quod
209 2073 240 2105 T
344 2072 367 2105 4
384 2074 579 2116 prostratos
602 2073 631 2107 C
734 2063 778 2106 (10
796 2083 840 2106 ex
856 2063 896 2107 di
915 2074 946 2107 T
1051 2072 1072 2105 5
1090 2072 1276 2106 maccheus
1295 2072 1398 2107 RZio
1504 2071 1598 2116 inde]

94 2129 136 2163 de
154 2130 185 2163 Ζ
277 2129 382 2163 sicuti
403 2130 463 2174 Ιίμ
569 2131 590 2164 6
608 2130 782 2174 agendum
807 2131 874 2166 0¹0
978 2130 1061 2164 misi
1080 2144 1104 2174 μ
1122 2141 1150 2164 s.
1170 2131 1192 2164 l.
1211 2141 1253 2164 m.
1273 2133 1296 2165 2
1399 2129 1600 2174 significaui

98 2188 185 2231 ΟΤμ
204 2187 266 2222 secl
284 2187 321 2221 ui
339 2198 430 2222 corr.
455 2188 492 2228 C,
513 2188 774 2232 significauerit
791 2188 867 2228 ΒΖ,
888 2188 1171 2232 signifieaueram
1190 2189 1225 2222 io
1351 2187 1370 2221 7
1388 2189 1475 2232 puto
1498 2187 1599 2226 GRc,

93 2247 223 2289 putans
248 2246 286 2285 V,
318 2257 381 2279 om.
403 2246 470 2280 Zio
610 2247 858 2291 nicostratum]
886 2247 980 2281 enim
1005 2248 1224 2281 constratum
1243 2247 1276 2281 Z
1415 2245 1600 2289 nouatum]

95 2303 328 2337 nouacianum
347 2304 379 2337 Z
470 2303 643 2338 uaristum
663 2317 686 2348 μ
781 2306 803 2337 8
819 2304 1039 2349 Dyonysium
1060 2304 1102 2345 R,
1123 2304 1276 2338 ronisum
1293 2304 1334 2344 Z,
1353 2303 1505 2338 zoticum
1526 2304 1558 2338 T

94 2359 311 2404 inuigilatur
334 2362 365 2395 T
493 2362 587 2406 ergo]
607 2372 690 2406 rogo
709 2362 742 2395 Z
868 2362 890 2395 9
907 2362 1040 2395 nostris
1054 2366 1138 2406 post
1155 2361 1327 2396 fratribus
1345 2372 1365 2395 ο
1381 2372 1408 2395 s.
1428 2362 1449 2395 l.
1468 2372 1512 2395 m.
1532 2364 1555 2395 ‘A

93 2416 316 2451 innotescant
337 2419 367 2453 C
457 2419 714 2453 ineonstratum
731 2420 764 2454 Z
857 2420 900 2453 10
913 2421 949 2453 ct
966 2429 1031 2454 om.
1048 2433 1071 2463 μ
1166 2419 1348 2464 patronae]
1366 2418 1511 2464 pationc
1525 2419 1557 2452 Ζ

94 2474 253 2508 carnales
272 2477 426 2510 rationes
445 2477 479 2510 Z
593 2477 634 2511 11
653 2476 775 2511 fraude
793 2477 828 2512 R
938 2477 1029 2521 quod
1048 2478 1115 2522 est]
1134 2476 1275 2521 quidem
1299 2477 1328 2512 C
1435 2477 1479 2511 12
1496 2476 1599 2520 depo-

95 2532 185 2566 sitae
208 2533 239 2567 T
347 2534 390 2567 13
407 2533 580 2568 abtulissc
598 2534 633 2569 R
743 2534 891 2568 euaristi
914 2535 947 2568 T
960 2535 1022 2569 sed
1040 2534 1052 2568 i
1069 2536 1109 2569 in
1127 2545 1198 2569 ras.
1309 2536 1406 2577 uero]
1431 2534 1599 2569 ecclesian·

95 2600 175 2623 uero
194 2590 229 2625 R
367 2602 445 2624 cum
463 2593 640 2625 auctorem
664 2591 736 2631 CT,
756 2594 934 2626 auctorem
952 2593 1054 2637 10μύ
1205 2592 1335 2626 fuisset
1353 2593 1403 2634 (et
1419 2593 1500 2634 om.)
1526 2592 1556 2625 T

96 2658 326 2682 successorem
346 2648 411 2683 CR
419 2649 589 2693 ΤΖῑᾸίομ,
609 2659 846 2684 succensorem
867 2650 982 2685 Oxou.
997 2650 1060 2684 sed
1075 2657 1312 2683 succussor-em
1327 2650 1418 2683 coni.
1439 2648 1551 2683 Oaeon.

97 2705 139 2739 14
156 2705 264 2750 plebi]
283 2706 315 2739 ei
334 2705 369 2739 in
389 2705 489 2749 plebe
516 2706 554 2746 V,
571 2706 669 2751 pleni
692 2708 724 2741 T
836 2709 918 2741 ante
939 2708 1035 2751 RVga
1152 2707 1368 2751 praefuerat]
1388 2706 1504 2740 fuerat
1526 2707 1555 2740 (Υ

96 2764 210 2797 zetum
225 2774 289 2798 (nn.
309 2764 355 2804 io,
372 2766 494 2808 getum
515 2778 549 2807 μ,
568 2766 709 2808 gestum
727 2765 767 2805 Ζ,
788 2776 910 2799 zenum
931 2776 975 2799 ex
993 2765 1105 2799 zelum
1129 2765 1158 2799 G
1289 2765 1332 2798 15
1349 2765 1499 2798 nouatus
1518 2774 1602 2796 uero

97 2830 136 2853 ea
158 2821 196 2859 T,
222 2822 354 2854 maiora
380 2832 460 2854 uero
486 2823 520 2855 et
545 2822 711 2865 grauiora
735 2822 939 2865 CRZionv:
966 2823 1009 2864 cf.
1027 2833 1111 2867 pay.
1132 2825 1283 2865 6181J19:
1311 2821 1500 2865 (Nouatus)
1526 2820 1603 2854 11110

96 2877 231 2911 maiora
249 2880 284 2911 et
302 2880 466 2922 grauiora
485 2879 662 2912 commisit
756 2879 827 2923 hic]
846 2879 903 2913 his
