1838 3152
567 242 803 287 Epistulae
826 241 986 276 LXIII.
1013 253 1040 276 c.
1068 242 1212 277 15—18.
1555 244 1638 286 715

138 348 265 390 sionis
287 347 373 389 eius
396 346 621 396 offerimus,
645 346 687 387 id
707 344 815 399 quod
836 345 998 386 constat
1013 345 1236 387 Dominum
1256 344 1400 388 fecisse
1422 346 1634 388 faciamus.

140 418 181 458 et
201 415 366 465 uiderit,
388 415 515 456 frater
537 414 760 466 carissime,
783 413 817 454 si
839 413 931 466 quis
953 413 1002 454 de
1032 414 1359 456 antecessoribus
1386 414 1537 456 nostris
1566 414 1633 456 uel

141 485 375 540 ignoranter
396 482 463 524 uel
484 482 731 535 simpliciter
750 494 830 524 non
850 480 926 523 hoc
947 480 1184 523 Obseruauit
1206 483 1247 523 et
1268 482 1406 524 tenuit
1428 484 1535 536 quod
1564 494 1636 524 nos

140 553 342 595 Dominus
371 551 500 592 facere
522 550 706 603 exemplo
727 551 768 591 et
789 549 1030 604 magisterio
1051 561 1123 590 suo
1144 550 1296 603 docuit,
1318 551 1452 603 potest
1474 551 1637 604 simpli-

108 638 123 662 s
139 621 257 662 citati
285 621 371 662 eius
394 620 442 661 de
464 618 724 673 indulgentia
745 618 912 660 Domini
941 617 1061 659 uenia
1081 618 1265 659 concedi:
1295 619 1412 661 nobis
1442 632 1538 661 uero
1559 633 1639 662 non

137 688 290 742 poterit
312 688 480 742 ignosci,
511 687 581 740 qui
603 700 709 729 nunc
730 699 754 728 a
774 686 949 728 Domino
971 686 1173 728 admoniti
1199 687 1240 727 et
1260 686 1452 729 instructi
1482 702 1638 740 sumus,

137 760 184 798 ut
213 757 382 799 calicem
419 756 670 798 dominicum
701 756 797 797 uino
825 755 1015 808 mixtum,
1052 755 1273 796 secundum
1302 756 1409 808 quod
1437 756 1639 799 Dominus

140 825 305 878 optulit,
337 825 554 867 offeramus
575 825 616 866 et
637 825 686 865 de
716 824 791 866 hoc
818 835 975 876 quoque
1004 823 1055 865 ad
1082 823 1260 877 collegas
1288 825 1448 866 nostros
1477 825 1639 868 litteras

143 895 386 950 dirigamus,
410 896 456 936 ut
477 894 629 947 ubique
651 893 715 934 lex
736 893 975 948 euangelica
997 893 1038 933 et
1067 892 1238 934 traditio
1269 892 1473 934 dominica
1501 906 1638 936 serue-

92 982 126 1007 10
139 966 207 1005 tur
229 965 270 1005 et
291 963 341 1005 ab
365 975 409 1004 eo
431 963 539 1016 quod
561 961 748 1004 Christus
770 964 810 1003 et
831 961 969 1004 docuit
992 962 1033 1003 et
1054 960 1154 1003 fecit
1175 973 1254 1003 non
1275 962 1501 1004 recedatur.

200 1030 311 1082 Quae
340 1031 451 1073 ultra
479 1031 563 1072 iam
593 1032 849 1073 contemnere
881 1032 921 1071 et
949 1030 991 1071 in
1021 1043 1152 1072 errore
1182 1031 1356 1083 pristino
1378 1043 1639 1084 perseuerare
1656 1034 1707 1075 18

140 1100 238 1153 quid
260 1100 371 1141 aliud
394 1100 456 1142 est
477 1112 600 1153 quam
632 1099 836 1141 incurrere
875 1099 917 1139 in
945 1098 1276 1153 obiurgationem
1306 1099 1473 1141 Domini
1505 1100 1639 1142 incre-

139 1169 276 1222 pantis
309 1166 366 1225 [in
395 1166 568 1224 psalmo]
609 1169 650 1209 et
685 1167 879 1209 dicentis:
923 1167 981 1207 ad
1023 1166 1143 1220 quid
1183 1168 1397 1220 exponis
1435 1169 1639 1211 iustifi-

143 1238 376 1280 cationes
416 1250 552 1279 meas
583 1238 632 1279 et
670 1236 899 1278 adsumis
938 1237 1313 1278 testamentum
1353 1250 1513 1279 meum
1551 1251 1640 1291 per

94 1320 195 1350 150s
226 1308 398 1348 tuum?
429 1308 482 1348 tn
514 1308 682 1348 autem
722 1305 883 1348 odisti
923 1305 1261 1358 disciplinam
1303 1306 1350 1347 et
1390 1305 1639 1349 abiecisti

139 1387 398 1416 sermones
440 1387 574 1417 meos
616 1376 766 1416 retro.
817 1374 859 1414 si
900 1373 1105 1415 uideras
1143 1373 1327 1424 furem,
1370 1386 1639 1418 concurre-

138 1443 230 1485 bas
262 1443 305 1486 ei
335 1445 383 1485 et
421 1444 562 1485 inter
600 1443 833 1485 moechos
871 1442 1183 1497 particulam
1222 1443 1362 1484 tuam
1402 1444 1637 1497 ponebas.

141 1524 335 1566 exponere
364 1512 473 1554 enim
495 1512 808 1554 iustificationes
831 1512 871 1554 et
892 1512 1190 1553 testamentum
1212 1511 1380 1553 Domini
1402 1513 1443 1553 et
1464 1525 1542 1554 non
1563 1513 1639 1555 hoc

140 1581 250 1622 idem
273 1580 404 1623 facere
426 1581 533 1634 quod
556 1580 698 1622 fecerit
718 1580 933 1631 Dominus,
965 1580 1064 1633 quid
1098 1580 1211 1621 aliud
1241 1581 1304 1622 est
1331 1593 1454 1634 quam
1485 1593 1640 1623 sermo-

92 1661 211 1691 2ones
242 1649 329 1691 eins
351 1649 511 1691 abicere
534 1650 574 1691 et
596 1649 860 1703 disciplinam
889 1649 1137 1691 dominicam
1168 1650 1425 1691 contemnere
1453 1663 1526 1692 nec
1556 1652 1641 1692 ter-

139 1731 235 1759 rena
262 1717 332 1759 sed
361 1718 566 1771 spiritalia
594 1717 705 1759 furta
732 1719 773 1759 et
803 1717 1006 1759 adulteria
1035 1718 1321 1759 committere?
1350 1718 1450 1759 dum
1479 1719 1570 1772 quis
1590 1720 1640 1761 de

140 1787 378 1841 euangelica
406 1787 582 1828 ueritate
603 1787 764 1828 furatur
785 1786 953 1828 Domini
973 1787 1103 1829 nostri
1127 1787 1252 1828 uerba
1273 1788 1314 1829 et
1335 1786 1457 1836 facta,
1489 1788 1531 1830 et
1552 1799 1641 1829 cor-

141 1856 298 1908 rumpit
325 1855 457 1909 adque
486 1855 693 1897 adulterat
714 1856 928 1909 praecepta
949 1856 1104 1898 diuina.
1130 1855 1238 1898 sicut
1259 1856 1364 1909 apud
1387 1856 1642 1898 Hieremiam

142 1924 341 1977 scriptum
364 1924 445 1966 est:
470 1924 591 1977 quid
622 1924 887 1978 est‚i11quit‚
911 1924 1076 1977 paleis
1107 1924 1167 1966 ad
1198 1925 1468 1966 triticum?
1499 1937 1642 1979 prop-

279 2100 322 2134 13
346 2100 402 2135 Ps.
431 2101 485 2141 49,
515 2101 566 2135 16.
595 2102 646 2135 18.
743 2101 786 2134 24
813 2100 910 2135 Hier.
936 2101 992 2144 23,
1017 2101 1072 2135 28.
1098 2100 1151 2135 30.
1178 2100 1233 2135 32.

207 2278 225 2312 1
243 2266 332 2312 ‹1133‘
331 2278 374 2319 L,
392 2267 513 2313 ‹113ss
685 2278 833 2312 facimus
853 2280 894 2312 5¹
1065 2279 1087 2313 2
1105 2280 1141 2312 et
1158 2290 1222 2313 om.
1241 2279 1277 2314 R
1449 2268 1524 2313 fr?
1518 2269 1597 2314 1<OE
1613 2280 1643 2325 Q
1707 2283 1709 2285 ’

139 2335 266 2375 (frater
283 2324 364 2369 kffis
374 2336 435 2379 M)
559 2335 643 2380 quid
662 2335 698 2370 R
814 2335 856 2370 de
874 2346 939 2369 om.
959 2336 993 2370 L
1115 2336 1137 2370 3
1153 2336 1218 2370 hoc
1236 2348 1301 2370 om.
1321 2337 1356 2372 R
1471 2339 1506 2371 et
1523 2338 1643 2372 tenuit

140 2404 206 2426 om.
226 2392 261 2427 R
414 2393 435 2427 4
453 2393 700 2437 simplicitatis
719 2392 749 2427 S
898 2394 920 2427 5
937 2392 992 2438 de]
1011 2404 1054 2427 ne
1074 2393 1103 2427 S
1256 2394 1273 2427 7
1293 2394 1443 2429 mixtum
1461 2395 1543 2429 uino
1561 2395 1597 2430 R
1629 2401 1632 2403 ’

137 2450 159 2482 ὃ
176 2448 229 2493 de]
250 2460 353 2494 super
376 2450 409 2484 V
531 2451 574 2484 10
591 2452 627 2483 ct
643 2449 775 2495 docuit]
793 2449 913 2484 docuit
931 2449 961 2484 S
1016 2442 1023 2448 ⁹
1040 2443 1046 2449 ⁸
1081 2451 1122 2484 12
1140 2461 1278 2485 currere
1296 2451 1326 2485 S
1437 2451 1490 2496 in]
1508 2451 1544 2486 id
1562 2452 1597 2486 L

138 2506 386 2551 obiurgatione
406 2507 436 2541 S
560 2508 602 2542 13
620 2507 656 2541 in
676 2507 810 2552 psalmo
829 2518 893 2541 om.
913 2507 944 2542 S
1065 2518 1211 2552 expones
1234 2508 1264 2553 Q
1387 2508 1430 2542 14
1447 2519 1543 2542 meae
1562 2509 1597 2544 R

138 2563 300 2598 adsumes
319 2563 426 2608 LOQ
555 2565 687 2608 meum]
705 2566 807 2598 tuum
827 2564 863 2598 P
1001 2565 1044 2599 16
1061 2575 1158 2598 meus
1181 2564 1211 2599 O
1341 2565 1485 2599 uidebas
1508 2565 1597 2610 QRv

138 2620 246 2654 simul
263 2620 491 2655 concurrebas
514 2621 563 2666 Q;
582 2622 628 2664 cf.
648 2624 777 2665 169,14
917 2622 959 2655 17
977 2622 1008 2656 ci
1033 2633 1099 2656 om.
1118 2621 1200 2661 LR,
1226 2632 1303 2655 cum
1321 2633 1361 2656 eo
1385 2622 1414 2667 Q
1548 2623 1642 2657 inter

138 2688 272 2712 moecos
292 2677 329 2717 S,
357 2688 435 2711 cum
454 2677 625 2712 adulteris
647 2678 677 2722 Q
777 2678 1001 2723 particulam]
1022 2679 1218 2723 portionem
1238 2679 1268 2724 Q
1360 2681 1457 2714 tuam
1476 2691 1539 2713 om.
1560 2680 1595 2714 L

138 2736 181 2768 18
198 2734 254 2769 dci
273 2735 307 2770 R
422 2735 467 2769 20
484 2735 558 2769 eius
575 2746 639 2770 om.
660 2736 689 2770 S
847 2737 888 2770 21
908 2737 970 2780 qui
988 2737 1049 2778 L¹‚
1067 2748 1133 2771 om.
1152 2737 1188 2771 R
1295 2737 1340 2771 22
1358 2738 1545 2772 ueritatem
1566 2738 1596 2782 Q

138 2791 262 2836 nostri]
282 2803 348 2826 non
369 2792 450 2826 PM
464 2792 592 2835 (nostri
608 2792 652 2838 Q)
759 2795 795 2827 ct
813 2794 1018 2839 corrumpit]
1041 2794 1235 2838 corrumpit
1257 2794 1379 2839 OQRv
1492 2795 1535 2829 23
1555 2795 1641 2830 iere-

138 2849 235 2883 mian
254 2850 326 2890 ΒΡ,
349 2849 540 2883 hieromian
559 2849 595 2884 R
734 2851 779 2885 24
796 2850 852 2895 ad]
871 2853 934 2885 aut
953 2851 982 2884 S
