1838 3152
441 266 683 312 Epistulae
708 265 885 301 LVIIII.
913 277 939 301 c.
966 267 1070 301 6-8.
1447 239 1451 244 ⁶
1490 268 1573 312 675

0 397 1 430 j
71 372 303 415 stabilitate
318 371 498 421 solidari,
520 371 592 413 sed
608 372 821 424 tamquam
839 369 976 424 paleas
992 369 1232 424 dissipantis
1248 370 1408 412 inimici
1424 371 1574 424 spiritu

0 488 1 501 χ
73 440 281 490 mutilari,
304 440 353 481 de
374 439 522 493 quibus
545 440 587 481 et
607 439 808 481 Iohannes
829 438 872 479 in
894 437 1073 491 epistula
1093 450 1167 480 sua
1186 438 1309 481 djcit:
1343 452 1397 481 ex
1427 439 1572 481 nobis

0 505 2 549 l
71 510 324 559 exierunt,
355 508 442 550 sed
470 520 565 550 non
594 507 807 550 fuerunt
827 519 881 549 ex
901 506 1073 555 nobis,
1106 507 1315 549 sienim
1345 507 1575 550 fuissent

72 591 127 620 ex
157 577 331 627 nobis,
365 577 679 619 mansissent
708 575 992 618 nobiscum.
1030 575 1132 617 item
1160 575 1315 618 Paulus
1345 577 1484 618 monet
1503 588 1575 618 nos

41 659 57 683 ⁵
76 659 170 688 cum
199 646 298 688 mali
331 647 380 688 de
410 645 578 688 ecclesia
605 645 778 700 pereunt
806 657 886 686 non
906 644 1063 686 moueri
1084 657 1157 686 nec
1178 645 1459 686 recedentibus
1482 657 1575 697 per-

74 715 167 756 fidis
208 714 330 756 fidem
371 714 515 757 minui.
562 714 685 767 quid
725 713 882 763 enim,
928 713 1085 767 inquit,
1131 713 1173 755 si
1214 714 1522 755 exciderunt
1554 726 1578 755 a

71 783 182 826 fide
230 783 443 837 quidam
483 795 679 833 eorum,
726 782 978 835 numquid
1016 781 1322 824 infidelitas
1361 781 1577 823 illorum

71 851 235 894 fidem
267 853 354 895 Dei
397 851 708 894 euacuauit‘?
748 851 911 893 absit:
959 851 1037 892 est
1067 850 1200 892 enim
1239 851 1373 892 Deus
1411 862 1576 903 uerax,

73 923 245 963 omnis
276 922 446 963 autem
476 920 622 962 homo
653 919 876 962 mendax.

22 1003 57 1029 ιο
131 990 247 1042 Quod
264 991 316 1032 ad
333 1002 404 1032 nos
425 990 596 1040 adtinet,
618 989 891 1031 conscientiae
911 989 1074 1030 nostrae
1096 988 1300 1042 conuenit,
1321 987 1462 1035 frater,
1485 986 1580 1029 dare
1595 987 1620 1027 8

75 1073 238 1114 operam
267 1073 317 1101 ne
345 1060 437 1112 quis
469 1058 589 1111 culpa
619 1058 760 1100 nostra
788 1057 838 1099 de
867 1057 1037 1099 ecclesia
1064 1058 1225 1111 pereat:
1262 1057 1299 1099 si
1327 1057 1467 1098 autem
1488 1055 1581 1110 quis

77 1130 186 1171 ultro
222 1130 263 1170 et
300 1128 470 1171 crimine
511 1139 583 1169 suo
621 1126 790 1180 perierit
819 1127 860 1167 et
889 1126 1187 1180 paenitentiam
1217 1138 1336 1180 agere
1368 1126 1500 1178 adque
1528 1124 1581 1166 ad

79 1197 295 1240 ecclesiam
325 1197 457 1240 redire
484 1196 674 1246 noluerit,
711 1207 784 1237 nos
814 1195 879 1237 die
900 1195 1043 1237 iudicii
1076 1195 1306 1249 inculpatos
1328 1194 1487 1236 futuros
1508 1194 1579 1247 qui

79 1266 331 1308 consulimus
353 1266 535 1315 sanitati,
558 1265 652 1307 illos
673 1264 778 1306 solos
796 1265 838 1306 in
854 1264 994 1318 poenis
1010 1275 1268 1306 remansuros
1287 1263 1358 1316 qui
1375 1262 1581 1304 noluerint

29 1350 61 1374 15
79 1335 239 1376 consilii
260 1335 390 1377 nostri
410 1334 655 1377 salubritate
677 1333 824 1375 sanari.
857 1346 930 1375 nec
951 1346 1116 1375 mouere
1137 1345 1209 1375 nos
1230 1332 1379 1374 debent
1400 1332 1584 1374 conuicia

80 1403 333 1456 perditorum
367 1415 446 1456 quo
475 1402 612 1444 minus
644 1415 667 1443 a
695 1402 764 1443 uia
784 1403 897 1443 recta
917 1402 958 1443 et
980 1415 1003 1443 a
1025 1402 1136 1443 certa
1156 1402 1300 1456 regula
1320 1413 1400 1442 non
1419 1400 1583 1443 receda-

80 1484 185 1526 mus,
218 1472 377 1525 quando
409 1473 451 1514 et
480 1472 687 1526 apostolus
709 1471 889 1513 instruat
910 1470 1070 1513 dicens:
1094 1470 1135 1511 si
1156 1470 1455 1512 hominibus
1477 1470 1583 1524 pla-

77 1553 261 1590 cerem,
307 1539 507 1582 Christi
546 1553 727 1582 seruus
764 1551 857 1581 non
894 1551 1066 1581 essem.
1110 1538 1281 1580 interest
1316 1540 1459 1580 utrum
1492 1538 1584 1591 quis
1636 1534 1639 1537 ’

77 1608 262 1650 homines
290 1609 510 1663 promereri
539 1621 589 1650 an
610 1609 746 1650 Deum
767 1607 919 1661 cupiat.
951 1607 987 1648 si
1007 1606 1242 1648 hominibus
1263 1607 1468 1659 placetur,
1500 1606 1586 1648 Do-

29 1692 67 1718 ⁴20
81 1677 219 1719 minus
240 1677 472 1719 offenditur.
503 1677 538 1719 si
559 1689 655 1718 uero
676 1677 719 1718 id
741 1677 942 1718 enitimur
970 1677 1011 1718 et
1033 1676 1290 1718 elaboramus
1311 1677 1359 1717 ut
1379 1675 1585 1729 possimus

80 1748 166 1790 Deo
199 1748 379 1801 placere,
413 1748 454 1789 et
490 1747 675 1789 conuicia
711 1747 751 1788 et
787 1746 1008 1788 maledicta
1043 1745 1239 1787 debemus
1274 1745 1454 1786 humana
1490 1755 1585 1785 con-

79 1817 272 1858 temnere.

217 1976 238 2010 2
264 1975 281 2009 I
308 1976 356 2011 10.
383 1976 415 2017 2,
442 1975 493 2011 19.
589 1976 610 2009 63
636 1975 733 2010 Rom.
760 1975 793 2011 3,
817 1975 848 2009 3.
874 1975 907 2009 4.
1002 1975 1044 2009 17
1071 1974 1148 2009 Gal.
1176 1974 1206 2014 1,
1234 1974 1285 2008 10.

148 2125 168 2159 1
188 2123 347 2168 solidari]
367 2124 516 2159 solidam
541 2124 571 2160 C
673 2124 694 2158 3
712 2124 839 2159 exierit
861 2124 891 2160 C
898 2127 904 2145 ¹
1005 2123 1113 2158 fuerit
1134 2123 1177 2159 0¹
1292 2124 1315 2158 4
1332 2124 1523 2158 mansisset
1540 2123 1586 2165 R,

84 2182 299 2216 mansissent
316 2180 440 2226 utique
460 2181 512 2226 Qv
627 2182 649 2216 5
666 2192 805 2216 mouere
828 2181 858 2226 Q
965 2182 986 2216 6
1003 2181 1132 2226 minui]
1149 2181 1268 2215 minus
1286 2181 1401 2215 teneri
1424 2182 1453 2217 G
1557 2182 1587 2216 si

81 2249 146 2273 om.
169 2239 206 2274 P
306 2239 325 2272 7
344 2239 475 2284 eorum]
495 2239 640 2273 illorum
663 2238 729 2274 CR
829 2239 851 2273 8
868 2239 1056 2273 euacuabit
1075 2239 1118 2280 P,
1138 2238 1281 2273 euacuit
1303 2239 1334 2276 G
1427 2240 1449 2274 9
1467 2241 1585 2274 autem

83 2308 148 2331 om.
170 2297 200 2342 Q
339 2296 383 2331 10
405 2295 451 2330 ad
475 2308 541 2332 om.
565 2297 594 2332 C
732 2299 768 2331 et
792 2297 1027 2332 conscientiae
1049 2297 1115 2333 CR
1254 2296 1365 2331 frater
1389 2285 1473 2331 kfffe
1490 2296 1543 2341 Qv

85 2354 127 2388 11
144 2364 249 2399 opera
270 2354 300 2399 Q
438 2355 482 2389 13
499 2355 536 2389 in
563 2355 620 2389 dic
642 2355 766 2390 CPRv
906 2355 950 2389 14
973 2354 1128 2389 sanitate
1150 2354 1218 2399 QR
1358 2354 1402 2389 15
1426 2354 1588 2389 consiliis

82 2411 215 2445 nostris
241 2412 289 2446 M
316 2412 471 2456 (consilii
499 2413 614 2447 nostri
641 2412 684 2458 Q)
826 2411 961 2446 moueri
991 2413 1021 2448 C
1158 2413 1201 2447 16
1230 2423 1250 2446 a
1279 2412 1387 2456 certa]
1417 2413 1514 2446 certa
1549 2412 1588 2453 C,

81 2470 200 2503 cetera
218 2469 254 2504 R
357 2470 397 2504 17
417 2470 565 2505 instruit
586 2471 617 2506 C
708 2470 844 2515 placere
861 2470 989 2504 uellem
1012 2470 1046 2504 V
1143 2470 1187 2504 18
1204 2480 1273 2504 non
1290 2469 1413 2514 essem]
1432 2460 1456 2503 ιῖ
1472 2479 1583 2503 essem

86 2536 147 2560 *on
164 2527 261 2570 pods
284 2518 351 2571 Q}
368 2539 396 2562 s.
414 2528 435 2562 l.
454 2539 500 2562 m.
517 2530 555 2572 2,
580 2538 691 2562 essem
709 2539 777 2562 non
794 2527 888 2573 potis
907 2528 956 2562 M
1084 2528 1127 2562 19
1144 2527 1324 2562 hominem
1347 2527 1378 2562 C
1508 2537 1589 2571 pro-

83 2594 217 2618 merere
235 2595 280 2619 επ
296 2595 462 2628 promouc
482 2584 522 2630 Q,
539 2576 742 2630 promouere
759 2586 805 2619 M
912 2585 1057 2629 cupiant
1076 2584 1112 2618 P
1218 2584 1357 2627 placcat
1379 2583 1410 2619 C
1528 2574 1587 2617 dm

83 2630 332 2687 LM(‹ffs‘Q)‚
351 2631 435 2677 <iffi
453 2642 483 2677 C
572 2643 618 2677 20
630 2642 778 2677 offendit
797 2642 827 2678 C
918 2642 949 2675 si
963 2652 1044 2676 uero
1058 2652 1124 2675 om.
1140 2641 1175 2675 L
1269 2640 1305 2674 id
1319 2631 1490 2674 §nitimur
1503 2640 1587 2680 ΕΒ,

85 2697 178 2732 idem
198 2699 379 2733 imitemur
401 2699 439 2743 Q,
459 2699 627 2734 enitimur
646 2701 681 2735 P
695 2699 757 2734 sed
774 2700 804 2734 ti
822 2710 847 2733 s.
868 2699 904 2742 1.,
930 2698 967 2733 id
985 2701 1040 2733 est
1058 2699 1208 2733 nitimur
1230 2698 1260 2733 C
1397 2699 1433 2732 et
1450 2697 1589 2732 labora-

82 2782 162 2806 mus
184 2773 259 2814 CR,
291 2760 509 2807 elaboramus
532 2773 562 2818 Q
587 2776 635 2815 (et
653 2773 873 2808 elaboramus
890 2774 950 2817 M>
1090 2773 1133 2807 21
1152 2771 1318 2806 debemus
1343 2782 1409 2806 om.
1433 2771 1497 2807 CR

81 2832 350 2864 contemnamus
368 2841 412 2864 ex
429 2832 651 2864 contemnere
674 2831 703 2866 C

1223 2887 1317 2929 43*
