<?xml version="1.0" encoding="UTF-8"?>
<!DOCTYPE html PUBLIC "-//W3C//DTD XHTML 1.0 Transitional//EN"
    "http://www.w3.org/TR/xhtml1/DTD/xhtml1-transitional.dtd">
<html xmlns="http://www.w3.org/1999/xhtml" xml:lang="en" lang="en">
 <head>
  <title>
</title>
<meta http-equiv="Content-Type" content="text/html;charset=utf-8" />
  <meta name='ocr-system' content='tesseract 3.04.00' />
  <meta name='ocr-capabilities' content='ocr_page ocr_carea ocr_par ocr_line ocrx_word'/>
</head>
<body>
  <div class='ocr_page' id='page_1' title='image "./corpusscriptor203cypruoft/corpusscriptor203cypruoft_0544.png"; bbox 0 0 1838 3152; ppageno 0'>
   <div class='ocr_carea' id='block_1_1' title="bbox 183 208 1155 254">
    <p class='ocr_par' dir='ltr' id='par_1_1' title="bbox 183 208 1155 254">
     <span class='ocr_line' id='line_1_1' title="bbox 183 208 1155 254; baseline -0.007 -4"><span class='ocrx_word' id='word_1_1' title='bbox 183 212 268 254; x_wconf 83' lang='lat'>530</span> <span class='ocrx_word' id='word_1_2' title='bbox 715 208 908 244; x_wconf 80' lang='lat' dir='ltr'>Caecilii</span> <span class='ocrx_word' id='word_1_3' title='bbox 942 208 1155 253; x_wconf 86' lang='lat' dir='ltr'>Cypriani</span> 
     </span>
    </p>
   </div>
   <div class='ocr_carea' id='block_1_2' title="bbox 139 313 1828 1953">
    <p class='ocr_par' dir='ltr' id='par_1_2' title="bbox 178 313 1828 1180">
     <span class='ocr_line' id='line_1_2' title="bbox 182 313 1688 368; baseline 0.001 -13"><span class='ocrx_word' id='word_1_4' title='bbox 182 315 288 355; x_wconf 88' lang='lat' dir='ltr'>stem</span> <span class='ocrx_word' id='word_1_5' title='bbox 311 314 460 367; x_wconf 85' lang='lat' dir='ltr'>sperat.</span> <span class='ocrx_word' id='word_1_6' title='bbox 486 325 558 368; x_wconf 86' lang='lat' dir='ltr'>ego</span> <span class='ocrx_word' id='word_1_7' title='bbox 582 313 690 355; x_wconf 90' lang='lat' dir='ltr'>enim</span> <span class='ocrx_word' id='word_1_8' title='bbox 712 313 797 355; x_wconf 76' lang='lat' dir='ltr'>dixi</span> <span class='ocrx_word' id='word_1_9' title='bbox 818 313 990 354; x_wconf 85' lang='lat' dir='ltr'>fortasse</span> <span class='ocrx_word' id='word_1_10' title='bbox 1012 313 1245 355; x_wconf 85' lang='grc'>61611166116</span> <span class='ocrx_word' id='word_1_11' title='bbox 1263 326 1349 356; x_wconf 86' lang='lat' dir='ltr'>esse</span> <span class='ocrx_word' id='word_1_12' title='bbox 1371 315 1475 356; x_wconf 89' lang='lat' dir='ltr'>mihi</span> <span class='ocrx_word' id='word_1_13' title='bbox 1497 315 1688 357; x_wconf 85' lang='lat' dir='ltr'>scribere.</span> 
     </span>
     <span class='ocr_line' id='line_1_3' title="bbox 182 381 1688 436; baseline 0.001 -12"><span class='ocrx_word' id='word_1_14' title='bbox 182 395 290 433; x_wconf 88' lang='lat' dir='ltr'>nam,</span> <span class='ocrx_word' id='word_1_15' title='bbox 328 383 375 424; x_wconf 93' lang='lat' dir='ltr'>ut</span> <span class='ocrx_word' id='word_1_16' title='bbox 407 382 487 424; x_wconf 90' lang='lat' dir='ltr'>tibi</span> <span class='ocrx_word' id='word_1_17' title='bbox 520 395 680 436; x_wconf 88' lang='lat' dir='ltr'>quoque</span> <span class='ocrx_word' id='word_1_18' title='bbox 714 382 763 424; x_wconf 91' lang='lat' dir='ltr'>de</span> <span class='ocrx_word' id='word_1_19' title='bbox 795 381 935 423; x_wconf 90' lang='lat' dir='ltr'>infimo</span> <span class='ocrx_word' id='word_1_20' title='bbox 958 382 1055 423; x_wconf 92' lang='lat' dir='ltr'>tuus</span> <span class='ocrx_word' id='word_1_21' title='bbox 1087 382 1154 423; x_wconf 91' lang='lat' dir='ltr'>uel</span> <span class='ocrx_word' id='word_1_22' title='bbox 1188 382 1315 424; x_wconf 88' lang='lat' dir='ltr'>frater</span> <span class='ocrx_word' id='word_1_23' title='bbox 1346 383 1470 434; x_wconf 83' lang='lat' dir='ltr'>dicar,</span> <span class='ocrx_word' id='word_1_24' title='bbox 1508 383 1543 425; x_wconf 87' lang='lat' dir='ltr'>si</span> <span class='ocrx_word' id='word_1_25' title='bbox 1574 384 1688 426; x_wconf 89' lang='lat' dir='ltr'>fuero</span> 
     </span>
     <span class='ocr_line' id='line_1_4' title="bbox 186 450 1688 506; baseline 0.001 -14"><span class='ocrx_word' id='word_1_26' title='bbox 186 451 336 506; x_wconf 86' lang='lat' dir='ltr'>dignus</span> <span class='ocrx_word' id='word_1_27' title='bbox 359 451 571 492; x_wconf 76' lang='lat' dir='ltr'>Celerinus</span> <span class='ocrx_word' id='word_1_28' title='bbox 594 450 749 501; x_wconf 88' lang='lat' dir='ltr'>audire,</span> <span class='ocrx_word' id='word_1_29' title='bbox 783 451 923 492; x_wconf 89' lang='lat' dir='ltr'>tamen</span> <span class='ocrx_word' id='word_1_30' title='bbox 945 464 1038 492; x_wconf 86' lang='lat' dir='ltr'>cum</span> <span class='ocrx_word' id='word_1_31' title='bbox 1062 463 1191 492; x_wconf 83' lang='lat' dir='ltr'>essem</span> <span class='ocrx_word' id='word_1_32' title='bbox 1214 452 1255 492; x_wconf 92' lang='lat' dir='ltr'>et</span> <span class='ocrx_word' id='word_1_33' title='bbox 1276 463 1349 505; x_wconf 85' lang='lat' dir='ltr'>ego</span> <span class='ocrx_word' id='word_1_34' title='bbox 1372 451 1414 493; x_wconf 90' lang='lat' dir='ltr'>in</span> <span class='ocrx_word' id='word_1_35' title='bbox 1435 452 1523 493; x_wconf 87' lang='lat' dir='ltr'>tam</span> <span class='ocrx_word' id='word_1_36' title='bbox 1544 451 1688 494; x_wconf 89' lang='lat' dir='ltr'>florida</span> 
     </span>
     <span class='ocr_line' id='line_1_5' title="bbox 183 519 1687 571; baseline 0.001 -10"><span class='ocrx_word' id='word_1_37' title='bbox 183 520 444 570; x_wconf 87' lang='lat' dir='ltr'>confessione,</span> <span class='ocrx_word' id='word_1_38' title='bbox 469 519 617 561; x_wconf 87' lang='lat' dir='ltr'>fratres</span> <span class='ocrx_word' id='word_1_39' title='bbox 639 531 751 561; x_wconf 89' lang='lat' dir='ltr'>meos</span> <span class='ocrx_word' id='word_1_40' title='bbox 773 519 1081 561; x_wconf 88' lang='lat' dir='ltr'>uetustissimos</span> <span class='ocrx_word' id='word_1_41' title='bbox 1098 519 1368 571; x_wconf 82' lang='lat' dir='ltr'>memorabar,</span> <span class='ocrx_word' id='word_1_42' title='bbox 1391 521 1432 562; x_wconf 91' lang='lat' dir='ltr'>et</span> <span class='ocrx_word' id='word_1_43' title='bbox 1450 532 1515 562; x_wconf 91' lang='lat' dir='ltr'>eos</span> <span class='ocrx_word' id='word_1_44' title='bbox 1532 521 1687 563; x_wconf 89' lang='lat' dir='ltr'>litteris</span> 
     </span>
     <span class='ocr_line' id='line_1_6' title="bbox 181 588 1714 643; baseline 0.003 -13"><span class='ocrx_word' id='word_1_45' title='bbox 181 589 284 630; x_wconf 91' lang='lat' dir='ltr'>meis</span> <span class='ocrx_word' id='word_1_46' title='bbox 316 588 544 630; x_wconf 88' lang='lat' dir='ltr'>memoraui</span> <span class='ocrx_word' id='word_1_47' title='bbox 577 588 793 630; x_wconf 89' lang='lat' dir='ltr'>caritatem</span> <span class='ocrx_word' id='word_1_48' title='bbox 824 588 1042 641; x_wconf 74' lang='lat' dir='ltr'>pristinam</span> <span class='ocrx_word' id='word_1_49' title='bbox 1076 599 1217 630; x_wconf 91' lang='lat' dir='ltr'>eorum</span> <span class='ocrx_word' id='word_1_50' title='bbox 1247 601 1369 641; x_wconf 91' lang='lat' dir='ltr'>penes</span> <span class='ocrx_word' id='word_1_51' title='bbox 1398 602 1464 630; x_wconf 90' lang='lat' dir='ltr'>me</span> <span class='ocrx_word' id='word_1_52' title='bbox 1494 601 1714 643; x_wconf 68' lang='lat' dir='ltr'>meosques</span> 
     </span>
     <span class='ocr_line' id='line_1_7' title="bbox 182 657 1685 711; baseline 0.001 -13"><span class='ocrx_word' id='word_1_53' title='bbox 182 669 289 698; x_wconf 88' lang='lat' dir='ltr'>nunc</span> <span class='ocrx_word' id='word_1_54' title='bbox 317 669 415 699; x_wconf 89' lang='lat' dir='ltr'>esse.</span> <span class='ocrx_word' id='word_1_55' title='bbox 450 658 544 710; x_wconf 88' lang='lat' dir='ltr'>peto</span> <span class='ocrx_word' id='word_1_56' title='bbox 573 658 723 711; x_wconf 79' lang='lat' dir='ltr'>tamen,</span> <span class='ocrx_word' id='word_1_57' title='bbox 758 657 982 710; x_wconf 78' lang='lat' dir='ltr'>carissime,</span> <span class='ocrx_word' id='word_1_58' title='bbox 1016 670 1039 698; x_wconf 92' lang='lat' dir='ltr'>a</span> <span class='ocrx_word' id='word_1_59' title='bbox 1059 657 1236 699; x_wconf 91' lang='lat' dir='ltr'>Domino</span> <span class='ocrx_word' id='word_1_60' title='bbox 1258 658 1305 698; x_wconf 94' lang='lat' dir='ltr'>ut</span> <span class='ocrx_word' id='word_1_61' title='bbox 1327 658 1422 699; x_wconf 90' lang='lat' dir='ltr'>ante</span> <span class='ocrx_word' id='word_1_62' title='bbox 1451 659 1685 701; x_wconf 89' lang='grc'>6166161116</span> 
     </span>
     <span class='ocr_line' id='line_1_8' title="bbox 183 725 1686 779; baseline 0.001 -11"><span class='ocrx_word' id='word_1_63' title='bbox 183 726 321 768; x_wconf 88' lang='lat' dir='ltr'>sancto</span> <span class='ocrx_word' id='word_1_64' title='bbox 352 727 503 768; x_wconf 91' lang='lat' dir='ltr'>laueris</span> <span class='ocrx_word' id='word_1_65' title='bbox 527 726 581 779; x_wconf 85' lang='lat' dir='ltr'>[si</span> <span class='ocrx_word' id='word_1_66' title='bbox 603 725 715 776; x_wconf 88' lang='lat' dir='ltr'>prius</span> <span class='ocrx_word' id='word_1_67' title='bbox 743 738 889 779; x_wconf 90' lang='lat' dir='ltr'>passus</span> <span class='ocrx_word' id='word_1_68' title='bbox 918 725 1064 779; x_wconf 86' lang='lat' dir='ltr'>fueris]</span> <span class='ocrx_word' id='word_1_69' title='bbox 1086 737 1157 779; x_wconf 91' lang='lat' dir='ltr'>pro</span> <span class='ocrx_word' id='word_1_70' title='bbox 1180 726 1343 768; x_wconf 91' lang='lat' dir='ltr'>nomine</span> <span class='ocrx_word' id='word_1_71' title='bbox 1365 727 1533 768; x_wconf 84' lang='lat' dir='ltr'>Domini</span> <span class='ocrx_word' id='word_1_72' title='bbox 1555 728 1686 770; x_wconf 86' lang='lat' dir='ltr'>nostri</span> 
     </span>
     <span class='ocr_line' id='line_1_9' title="bbox 180 791 1827 868; baseline 0.001 -31"><span class='ocrx_word' id='word_1_73' title='bbox 180 796 274 837; x_wconf 92' lang='lat' dir='ltr'>Iesu</span> <span class='ocrx_word' id='word_1_74' title='bbox 297 794 450 837; x_wconf 89' lang='lat' dir='ltr'>Christi</span> <span class='ocrx_word' id='word_1_75' title='bbox 480 808 603 847; x_wconf 89' lang='lat' dir='ltr'>quam</span> <span class='ocrx_word' id='word_1_76' title='bbox 632 795 796 836; x_wconf 89' lang='lat' dir='ltr'>litterae</span> <span class='ocrx_word' id='word_1_77' title='bbox 818 807 931 835; x_wconf 91' lang='lat' dir='ltr'>meae</span> <span class='ocrx_word' id='word_1_78' title='bbox 952 795 994 836; x_wconf 90' lang='lat' dir='ltr'>te</span> <span class='ocrx_word' id='word_1_79' title='bbox 1016 794 1059 835; x_wconf 90' lang='lat' dir='ltr'>in</span> <span class='ocrx_word' id='word_1_80' title='bbox 1079 794 1155 836; x_wconf 93' lang='grc'>1166</span> <span class='ocrx_word' id='word_1_81' title='bbox 1176 795 1328 836; x_wconf 89' lang='grc'>16116(16</span> <span class='ocrx_word' id='word_1_82' title='bbox 1351 795 1680 848; x_wconf 73' lang='lat' dir='ltr'>adprehendant:</span> <span class='ocrx_word' id='word_1_83' title='bbox 1825 791 1827 868; x_wconf 54' lang='lat'><em>]</em></span> 
     </span>
     <span class='ocr_line' id='line_1_10' title="bbox 181 863 1827 923; baseline 0.001 -18"><span class='ocrx_word' id='word_1_84' title='bbox 181 864 248 905; x_wconf 91' lang='lat' dir='ltr'>uel</span> <span class='ocrx_word' id='word_1_85' title='bbox 278 876 385 905; x_wconf 89' lang='lat' dir='ltr'>nunc</span> <span class='ocrx_word' id='word_1_86' title='bbox 406 864 441 904; x_wconf 91' lang='lat' dir='ltr'>si</span> <span class='ocrx_word' id='word_1_87' title='bbox 462 863 816 916; x_wconf 78' lang='lat' dir='ltr'>adprehenderint,</span> <span class='ocrx_word' id='word_1_88' title='bbox 851 863 955 904; x_wconf 90' lang='lat' dir='ltr'>mihi</span> <span class='ocrx_word' id='word_1_89' title='bbox 984 864 1036 905; x_wconf 89' lang='lat' dir='ltr'>ad</span> <span class='ocrx_word' id='word_1_90' title='bbox 1066 864 1165 904; x_wconf 89' lang='lat' dir='ltr'>haec</span> <span class='ocrx_word' id='word_1_91' title='bbox 1195 864 1404 905; x_wconf 77' lang='lat' dir='ltr'>rescribas.</span> <span class='ocrx_word' id='word_1_92' title='bbox 1443 864 1502 905; x_wconf 90' lang='grc'>616</span> <span class='ocrx_word' id='word_1_93' title='bbox 1523 866 1685 907; x_wconf 86' lang='grc'>6616661</span> <span class='ocrx_word' id='word_1_94' title='bbox 1826 869 1827 923; x_wconf 46' lang='lat' dir='ltr'>l</span> 
     </span>
     <span class='ocr_line' id='line_1_11' title="bbox 178 931 1827 985; baseline 0.002 -12"><span class='ocrx_word' id='word_1_95' title='bbox 178 933 220 974; x_wconf 89' lang='lat' dir='ltr'>te</span> <span class='ocrx_word' id='word_1_96' title='bbox 242 932 356 973; x_wconf 89' lang='lat' dir='ltr'>cuius</span> <span class='ocrx_word' id='word_1_97' title='bbox 389 943 537 973; x_wconf 89' lang='lat' dir='ltr'>nomen</span> <span class='ocrx_word' id='word_1_98' title='bbox 568 931 776 973; x_wconf 89' lang='lat' dir='ltr'>confessus</span> <span class='ocrx_word' id='word_1_99' title='bbox 809 944 861 973; x_wconf 88' lang='grc'>66.</span> <span class='ocrx_word' id='word_1_100' title='bbox 900 932 1017 973; x_wconf 87' lang='lat' dir='ltr'>credo</span> <span class='ocrx_word' id='word_1_101' title='bbox 1049 932 1159 974; x_wconf 90' lang='lat' dir='ltr'>enim</span> <span class='ocrx_word' id='word_1_102' title='bbox 1190 933 1395 985; x_wconf 88' lang='lat' dir='ltr'>quoniam,</span> <span class='ocrx_word' id='word_1_103' title='bbox 1428 933 1506 975; x_wconf 90' lang='lat' dir='ltr'>etsi</span> <span class='ocrx_word' id='word_1_104' title='bbox 1537 934 1579 975; x_wconf 90' lang='lat' dir='ltr'>in</span> <span class='ocrx_word' id='word_1_105' title='bbox 1610 934 1685 976; x_wconf 88' lang='grc'>1166</span> <span class='ocrx_word' id='word_1_106' title='bbox 1699 952 1731 976; x_wconf 85' lang='lat'>10</span> <span class='ocrx_word' id='word_1_107' title='bbox 1826 979 1827 983; x_wconf 53' lang='grc'>,</span> 
     </span>
     <span class='ocr_line' id='line_1_12' title="bbox 179 988 1828 1056; baseline 0.002 -15"><span class='ocrx_word' id='word_1_108' title='bbox 179 1001 330 1042; x_wconf 90' lang='lat' dir='ltr'>mundo</span> <span class='ocrx_word' id='word_1_109' title='bbox 364 1012 436 1042; x_wconf 89' lang='lat' dir='ltr'>nos</span> <span class='ocrx_word' id='word_1_110' title='bbox 469 1012 549 1041; x_wconf 90' lang='lat' dir='ltr'>non</span> <span class='ocrx_word' id='word_1_111' title='bbox 579 1000 820 1051; x_wconf 81' lang='lat' dir='ltr'>uiderimus,</span> <span class='ocrx_word' id='word_1_112' title='bbox 851 1001 893 1042; x_wconf 89' lang='lat' dir='ltr'>in</span> <span class='ocrx_word' id='word_1_113' title='bbox 923 1000 1062 1042; x_wconf 86' lang='lat' dir='ltr'>futuro</span> <span class='ocrx_word' id='word_1_114' title='bbox 1093 1001 1233 1043; x_wconf 89' lang='lat' dir='ltr'>tamen</span> <span class='ocrx_word' id='word_1_115' title='bbox 1260 1013 1332 1043; x_wconf 88' lang='grc'>1166</span> <span class='ocrx_word' id='word_1_116' title='bbox 1363 1015 1500 1044; x_wconf 87' lang='grc'>661661</span> <span class='ocrx_word' id='word_1_117' title='bbox 1521 1002 1684 1045; x_wconf 90' lang='lat' dir='ltr'>Christo</span> <span class='ocrx_word' id='word_1_118' title='bbox 1826 988 1828 1056; x_wconf 59' lang='lat' dir='ltr'>f</span> 
     </span>
     <span class='ocr_line' id='line_1_13' title="bbox 178 1057 1828 1124; baseline 0.001 -13"><span class='ocrx_word' id='word_1_119' title='bbox 178 1069 510 1123; x_wconf 82' lang='lat' dir='ltr'>complectamus.</span> <span class='ocrx_word' id='word_1_120' title='bbox 543 1070 637 1123; x_wconf 87' lang='lat' dir='ltr'>pete</span> <span class='ocrx_word' id='word_1_121' title='bbox 666 1070 713 1111; x_wconf 90' lang='lat' dir='ltr'>ut</span> <span class='ocrx_word' id='word_1_122' title='bbox 741 1070 821 1111; x_wconf 90' lang='lat' dir='ltr'>sim</span> <span class='ocrx_word' id='word_1_123' title='bbox 850 1069 1000 1124; x_wconf 85' lang='lat' dir='ltr'>dignus</span> <span class='ocrx_word' id='word_1_124' title='bbox 1021 1071 1062 1111; x_wconf 91' lang='lat' dir='ltr'>et</span> <span class='ocrx_word' id='word_1_125' title='bbox 1084 1082 1158 1124; x_wconf 83' lang='lat' dir='ltr'>ego</span> <span class='ocrx_word' id='word_1_126' title='bbox 1188 1071 1371 1112; x_wconf 85' lang='lat' dir='ltr'>coronari</span> <span class='ocrx_word' id='word_1_127' title='bbox 1399 1084 1492 1112; x_wconf 87' lang='lat' dir='ltr'>eum</span> <span class='ocrx_word' id='word_1_128' title='bbox 1514 1083 1683 1113; x_wconf 91' lang='lat' dir='ltr'>numero</span> <span class='ocrx_word' id='word_1_129' title='bbox 1826 1057 1828 1082; x_wconf 62' lang='lat'>⁸</span> 
     </span>
     <span class='ocr_line' id='line_1_14' title="bbox 180 1139 329 1180; baseline -0.007 -1"><span class='ocrx_word' id='word_1_130' title='bbox 180 1139 329 1180; x_wconf 84' lang='grc'>1166116.</span> 
     </span>
    </p>

    <p class='ocr_par' dir='ltr' id='par_1_3' title="bbox 139 1207 1729 1953">
     <span class='ocr_line' id='line_1_15' title="bbox 139 1207 1684 1261; baseline 0.001 -11"><span class='ocrx_word' id='word_1_131' title='bbox 139 1211 162 1250; x_wconf 80' lang='grc'>2</span> <span class='ocrx_word' id='word_1_132' title='bbox 233 1207 279 1248; x_wconf 88' lang='lat' dir='ltr'>In</span> <span class='ocrx_word' id='word_1_133' title='bbox 309 1220 462 1261; x_wconf 85' lang='lat' dir='ltr'>magna</span> <span class='ocrx_word' id='word_1_134' title='bbox 492 1208 631 1249; x_wconf 89' lang='lat' dir='ltr'>tamen</span> <span class='ocrx_word' id='word_1_135' title='bbox 663 1207 933 1249; x_wconf 83' lang='lat' dir='ltr'>tribulatione</span> <span class='ocrx_word' id='word_1_136' title='bbox 964 1221 1030 1249; x_wconf 91' lang='lat' dir='ltr'>me</span> <span class='ocrx_word' id='word_1_137' title='bbox 1060 1207 1335 1249; x_wconf 90' lang='lat' dir='ltr'>constitutum</span> <span class='ocrx_word' id='word_1_138' title='bbox 1366 1208 1484 1259; x_wconf 86' lang='lat' dir='ltr'>scias,</span> <span class='ocrx_word' id='word_1_139' title='bbox 1519 1210 1560 1251; x_wconf 85' lang='lat' dir='ltr'>et</span> <span class='ocrx_word' id='word_1_140' title='bbox 1581 1222 1627 1251; x_wconf 88' lang='grc'>66</span> <span class='ocrx_word' id='word_1_141' title='bbox 1649 1209 1684 1251; x_wconf 87' lang='grc'>61</span> 
     </span>
     <span class='ocr_line' id='line_1_16' title="bbox 177 1276 1729 1330; baseline 0.003 -12"><span class='ocrx_word' id='word_1_142' title='bbox 177 1277 232 1319; x_wconf 90' lang='grc'>616</span> <span class='ocrx_word' id='word_1_143' title='bbox 250 1288 411 1317; x_wconf 88' lang='lat' dir='ltr'>mecum</span> <span class='ocrx_word' id='word_1_144' title='bbox 432 1288 634 1329; x_wconf 82' lang='lat' dir='ltr'>praesens,</span> <span class='ocrx_word' id='word_1_145' title='bbox 659 1276 716 1318; x_wconf 88' lang='grc'>616</span> <span class='ocrx_word' id='word_1_146' title='bbox 733 1276 916 1318; x_wconf 85' lang='lat' dir='ltr'>caritatis</span> <span class='ocrx_word' id='word_1_147' title='bbox 933 1276 1132 1330; x_wconf 86' lang='lat' dir='ltr'>pristinae</span> <span class='ocrx_word' id='word_1_148' title='bbox 1150 1277 1390 1319; x_wconf 88' lang='lat' dir='ltr'>reminiscor</span> <span class='ocrx_word' id='word_1_149' title='bbox 1407 1277 1472 1318; x_wconf 89' lang='lat' dir='ltr'>die</span> <span class='ocrx_word' id='word_1_150' title='bbox 1489 1290 1535 1320; x_wconf 90' lang='grc'>66</span> <span class='ocrx_word' id='word_1_151' title='bbox 1551 1279 1681 1320; x_wconf 83' lang='grc'>66616.</span> <span class='ocrx_word' id='word_1_152' title='bbox 1699 1299 1729 1323; x_wconf 86' lang='lat'>15</span> 
     </span>
     <span class='ocr_line' id='line_1_17' title="bbox 176 1345 1683 1398; baseline 0.001 -11"><span class='ocrx_word' id='word_1_153' title='bbox 176 1347 287 1388; x_wconf 91' lang='lat' dir='ltr'>Deus</span> <span class='ocrx_word' id='word_1_154' title='bbox 316 1345 428 1387; x_wconf 90' lang='grc'>66166</span> <span class='ocrx_word' id='word_1_155' title='bbox 457 1346 549 1387; x_wconf 84' lang='grc'>6611.</span> <span class='ocrx_word' id='word_1_156' title='bbox 584 1347 624 1387; x_wconf 89' lang='lat' dir='ltr'>et</span> <span class='ocrx_word' id='word_1_157' title='bbox 645 1345 737 1386; x_wconf 88' lang='lat' dir='ltr'>ideo</span> <span class='ocrx_word' id='word_1_158' title='bbox 758 1346 852 1398; x_wconf 88' lang='lat' dir='ltr'>peto</span> <span class='ocrx_word' id='word_1_159' title='bbox 874 1347 922 1387; x_wconf 92' lang='lat' dir='ltr'>ut</span> <span class='ocrx_word' id='word_1_160' title='bbox 944 1358 1100 1387; x_wconf 89' lang='lat' dir='ltr'>annuas</span> <span class='ocrx_word' id='word_1_161' title='bbox 1122 1346 1323 1387; x_wconf 87' lang='lat' dir='ltr'>desiderio</span> <span class='ocrx_word' id='word_1_162' title='bbox 1345 1358 1435 1388; x_wconf 91' lang='lat' dir='ltr'>meo</span> <span class='ocrx_word' id='word_1_163' title='bbox 1458 1347 1499 1388; x_wconf 88' lang='lat' dir='ltr'>et</span> <span class='ocrx_word' id='word_1_164' title='bbox 1520 1359 1683 1389; x_wconf 86' lang='lat' dir='ltr'>mecum</span> 
     </span>
     <span class='ocr_line' id='line_1_18' title="bbox 177 1414 1683 1467; baseline 0.001 -11"><span class='ocrx_word' id='word_1_165' title='bbox 177 1415 314 1457; x_wconf 86' lang='lat' dir='ltr'>doleas</span> <span class='ocrx_word' id='word_1_166' title='bbox 350 1415 393 1456; x_wconf 90' lang='lat' dir='ltr'>in</span> <span class='ocrx_word' id='word_1_167' title='bbox 428 1415 559 1456; x_wconf 90' lang='lat' dir='ltr'>morte</span> <span class='ocrx_word' id='word_1_168' title='bbox 601 1414 749 1455; x_wconf 88' lang='lat' dir='ltr'>sororis</span> <span class='ocrx_word' id='word_1_169' title='bbox 785 1427 899 1456; x_wconf 88' lang='lat' dir='ltr'>meae</span> <span class='ocrx_word' id='word_1_170' title='bbox 936 1427 1039 1467; x_wconf 87' lang='lat' dir='ltr'>quae</span> <span class='ocrx_word' id='word_1_171' title='bbox 1077 1414 1225 1456; x_wconf 89' lang='lat' dir='ltr'>cecidit</span> <span class='ocrx_word' id='word_1_172' title='bbox 1261 1414 1304 1456; x_wconf 88' lang='lat' dir='ltr'>in</span> <span class='ocrx_word' id='word_1_173' title='bbox 1341 1415 1417 1457; x_wconf 88' lang='lat' dir='ltr'>hac</span> <span class='ocrx_word' id='word_1_174' title='bbox 1454 1415 1683 1458; x_wconf 83' lang='lat' dir='ltr'>uastatione</span> 
     </span>
     <span class='ocr_line' id='line_1_19' title="bbox 177 1483 1684 1540; baseline 0.001 -14"><span class='ocrx_word' id='word_1_175' title='bbox 177 1483 350 1526; x_wconf 86' lang='lat' dir='ltr'>Christo.</span> <span class='ocrx_word' id='word_1_176' title='bbox 375 1484 624 1526; x_wconf 87' lang='lat' dir='ltr'>sacrificauit</span> <span class='ocrx_word' id='word_1_177' title='bbox 641 1484 750 1526; x_wconf 91' lang='lat' dir='ltr'>enim</span> <span class='ocrx_word' id='word_1_178' title='bbox 768 1485 808 1526; x_wconf 86' lang='lat' dir='ltr'>et</span> <span class='ocrx_word' id='word_1_179' title='bbox 826 1484 1085 1526; x_wconf 78' lang='lat' dir='ltr'>exacerbauit</span> <span class='ocrx_word' id='word_1_180' title='bbox 1101 1484 1329 1525; x_wconf 87' lang='lat' dir='ltr'>Dominum</span> <span class='ocrx_word' id='word_1_181' title='bbox 1351 1485 1551 1540; x_wconf 81' lang='lat' dir='ltr'>nostrum,</span> <span class='ocrx_word' id='word_1_182' title='bbox 1575 1486 1684 1539; x_wconf 88' lang='lat' dir='ltr'>quod</span> 
     </span>
     <span class='ocr_line' id='line_1_20' title="bbox 176 1553 1681 1607; baseline 0.001 -13"><span class='ocrx_word' id='word_1_183' title='bbox 176 1554 293 1595; x_wconf 86' lang='lat' dir='ltr'>nobis</span> <span class='ocrx_word' id='word_1_184' title='bbox 325 1553 593 1595; x_wconf 86' lang='lat' dir='ltr'>manifestum</span> <span class='ocrx_word' id='word_1_185' title='bbox 624 1553 801 1595; x_wconf 87' lang='lat' dir='ltr'>uidetur.</span> <span class='ocrx_word' id='word_1_186' title='bbox 840 1565 913 1607; x_wconf 91' lang='lat' dir='ltr'>pro</span> <span class='ocrx_word' id='word_1_187' title='bbox 947 1553 1063 1594; x_wconf 88' lang='lat' dir='ltr'>cuius</span> <span class='ocrx_word' id='word_1_188' title='bbox 1096 1553 1205 1594; x_wconf 84' lang='lat' dir='ltr'>facto</span> <span class='ocrx_word' id='word_1_189' title='bbox 1239 1566 1312 1607; x_wconf 83' lang='lat' dir='ltr'>ego</span> <span class='ocrx_word' id='word_1_190' title='bbox 1334 1553 1377 1594; x_wconf 90' lang='lat' dir='ltr'>in</span> <span class='ocrx_word' id='word_1_191' title='bbox 1399 1554 1464 1595; x_wconf 88' lang='lat' dir='ltr'>die</span> <span class='ocrx_word' id='word_1_192' title='bbox 1499 1554 1681 1596; x_wconf 87' lang='lat' dir='ltr'>laetitiae</span> 
     </span>
     <span class='ocr_line' id='line_1_21' title="bbox 179 1621 1729 1676; baseline 0.001 -13"><span class='ocrx_word' id='word_1_193' title='bbox 179 1622 360 1665; x_wconf 86' lang='lat' dir='ltr'>Paschae</span> <span class='ocrx_word' id='word_1_194' title='bbox 392 1622 493 1665; x_wconf 90' lang='lat' dir='ltr'>flens</span> <span class='ocrx_word' id='word_1_195' title='bbox 525 1623 591 1665; x_wconf 90' lang='lat' dir='ltr'>die</span> <span class='ocrx_word' id='word_1_196' title='bbox 622 1635 668 1664; x_wconf 88' lang='grc'>66</span> <span class='ocrx_word' id='word_1_197' title='bbox 703 1624 834 1676; x_wconf 83' lang='grc'>66616,</span> <span class='ocrx_word' id='word_1_198' title='bbox 871 1623 914 1664; x_wconf 90' lang='grc'>16</span> <span class='ocrx_word' id='word_1_199' title='bbox 946 1622 1080 1663; x_wconf 88' lang='grc'>6111616</span> <span class='ocrx_word' id='word_1_200' title='bbox 1112 1623 1153 1663; x_wconf 82' lang='grc'>61</span> <span class='ocrx_word' id='word_1_201' title='bbox 1175 1621 1311 1664; x_wconf 89' lang='lat' dir='ltr'>cinere</span> <span class='ocrx_word' id='word_1_202' title='bbox 1343 1623 1681 1665; x_wconf 78' lang='lat' dir='ltr'>lacrimabundus</span> <span class='ocrx_word' id='word_1_203' title='bbox 1696 1640 1729 1666; x_wconf 83' lang='lat'>20</span> 
     </span>
     <span class='ocr_line' id='line_1_22' title="bbox 178 1690 1684 1747; baseline 0 -14"><span class='ocrx_word' id='word_1_204' title='bbox 178 1691 264 1734; x_wconf 90' lang='lat' dir='ltr'>dies</span> <span class='ocrx_word' id='word_1_205' title='bbox 294 1692 409 1747; x_wconf 79' lang='lat' dir='ltr'>exegi</span> <span class='ocrx_word' id='word_1_206' title='bbox 431 1693 471 1733; x_wconf 89' lang='lat' dir='ltr'>et</span> <span class='ocrx_word' id='word_1_207' title='bbox 494 1692 609 1747; x_wconf 83' lang='lat' dir='ltr'>exigo</span> <span class='ocrx_word' id='word_1_208' title='bbox 639 1704 767 1745; x_wconf 88' lang='lat' dir='ltr'>usque</span> <span class='ocrx_word' id='word_1_209' title='bbox 789 1691 831 1733; x_wconf 93' lang='lat' dir='ltr'>in</span> <span class='ocrx_word' id='word_1_210' title='bbox 853 1690 1112 1741; x_wconf 88' lang='lat' dir='ltr'>hodiernum,</span> <span class='ocrx_word' id='word_1_211' title='bbox 1144 1690 1270 1733; x_wconf 86' lang='grc'>(16666</span> <span class='ocrx_word' id='word_1_212' title='bbox 1291 1691 1494 1733; x_wconf 81' lang='lat' dir='ltr'>auxilium</span> <span class='ocrx_word' id='word_1_213' title='bbox 1515 1691 1684 1734; x_wconf 87' lang='lat' dir='ltr'>Domini</span> 
     </span>
     <span class='ocr_line' id='line_1_23' title="bbox 176 1759 1681 1814; baseline 0 -11"><span class='ocrx_word' id='word_1_214' title='bbox 176 1760 306 1803; x_wconf 87' lang='lat' dir='ltr'>nostri</span> <span class='ocrx_word' id='word_1_215' title='bbox 328 1761 421 1802; x_wconf 83' lang='lat' dir='ltr'>Iesu</span> <span class='ocrx_word' id='word_1_216' title='bbox 443 1760 597 1802; x_wconf 84' lang='lat' dir='ltr'>Christi</span> <span class='ocrx_word' id='word_1_217' title='bbox 620 1761 660 1802; x_wconf 88' lang='lat' dir='ltr'>et</span> <span class='ocrx_word' id='word_1_218' title='bbox 680 1760 813 1814; x_wconf 86' lang='lat' dir='ltr'>pietas</span> <span class='ocrx_word' id='word_1_219' title='bbox 842 1773 914 1814; x_wconf 90' lang='lat' dir='ltr'>per</span> <span class='ocrx_word' id='word_1_220' title='bbox 935 1760 975 1801; x_wconf 84' lang='lat' dir='ltr'>te</span> <span class='ocrx_word' id='word_1_221' title='bbox 996 1759 1064 1801; x_wconf 91' lang='grc'>661</span> <span class='ocrx_word' id='word_1_222' title='bbox 1085 1772 1157 1813; x_wconf 88' lang='lat' dir='ltr'>per</span> <span class='ocrx_word' id='word_1_223' title='bbox 1179 1771 1245 1801; x_wconf 91' lang='lat' dir='ltr'>eos</span> <span class='ocrx_word' id='word_1_224' title='bbox 1268 1759 1453 1801; x_wconf 85' lang='lat' dir='ltr'>dominos</span> <span class='ocrx_word' id='word_1_225' title='bbox 1475 1774 1587 1803; x_wconf 90' lang='lat' dir='ltr'>meos</span> <span class='ocrx_word' id='word_1_226' title='bbox 1610 1761 1681 1814; x_wconf 89' lang='lat' dir='ltr'>qui</span> 
     </span>
     <span class='ocr_line' id='line_1_24' title="bbox 175 1828 1681 1883; baseline 0 -11"><span class='ocrx_word' id='word_1_227' title='bbox 175 1830 355 1872; x_wconf 87' lang='lat' dir='ltr'>coronati</span> <span class='ocrx_word' id='word_1_228' title='bbox 372 1829 540 1881; x_wconf 88' lang='lat' dir='ltr'>fuerint,</span> <span class='ocrx_word' id='word_1_229' title='bbox 564 1843 587 1871; x_wconf 89' lang='lat' dir='ltr'>a</span> <span class='ocrx_word' id='word_1_230' title='bbox 604 1830 752 1883; x_wconf 92' lang='lat' dir='ltr'>quibus</span> <span class='ocrx_word' id='word_1_231' title='bbox 770 1829 1053 1883; x_wconf 87' lang='lat' dir='ltr'>postulaturus</span> <span class='ocrx_word' id='word_1_232' title='bbox 1072 1841 1125 1883; x_wconf 88' lang='grc'>66,</span> <span class='ocrx_word' id='word_1_233' title='bbox 1147 1828 1385 1871; x_wconf 89' lang='lat' dir='ltr'>subuenerit</span> <span class='ocrx_word' id='word_1_234' title='bbox 1402 1831 1489 1871; x_wconf 90' lang='lat' dir='ltr'>tam</span> <span class='ocrx_word' id='word_1_235' title='bbox 1506 1830 1681 1872; x_wconf 87' lang='lat' dir='ltr'>nefando</span> 
     </span>
     <span class='ocr_line' id='line_1_25' title="bbox 172 1898 1681 1953; baseline 0.001 -13"><span class='ocrx_word' id='word_1_236' title='bbox 172 1898 400 1953; x_wconf 84' lang='lat' dir='ltr'>naufragio.</span> <span class='ocrx_word' id='word_1_237' title='bbox 438 1900 689 1940; x_wconf 89' lang='lat' dir='ltr'>memoratus</span> <span class='ocrx_word' id='word_1_238' title='bbox 723 1912 816 1941; x_wconf 93' lang='lat' dir='ltr'>sum</span> <span class='ocrx_word' id='word_1_239' title='bbox 848 1898 958 1940; x_wconf 91' lang='lat' dir='ltr'>enim</span> <span class='ocrx_word' id='word_1_240' title='bbox 981 1898 1168 1940; x_wconf 86' lang='lat' dir='ltr'>caritatis</span> <span class='ocrx_word' id='word_1_241' title='bbox 1202 1899 1296 1941; x_wconf 89' lang='lat' dir='ltr'>tuae</span> <span class='ocrx_word' id='word_1_242' title='bbox 1325 1899 1536 1952; x_wconf 75' lang='lat' dir='ltr'>pristinae,</span> <span class='ocrx_word' id='word_1_243' title='bbox 1575 1900 1681 1953; x_wconf 88' lang='lat' dir='ltr'>quod</span> 
     </span>
    </p>
   </div>
   <div class='ocr_carea' id='block_1_3' title="bbox 171 2024 1685 2876">
    <p class='ocr_par' dir='ltr' id='par_1_4' title="bbox 171 2024 1685 2876">
     <span class='ocr_line' id='line_1_26' title="bbox 243 2024 1639 2069; baseline 0.001 -11"><span class='ocrx_word' id='word_1_244' title='bbox 243 2025 359 2059; x_wconf 87' lang='grc'>211616</span> <span class='ocrx_word' id='word_1_245' title='bbox 378 2035 443 2059; x_wconf 80' lang='lat' dir='ltr'>om.</span> <span class='ocrx_word' id='word_1_246' title='bbox 459 2035 490 2058; x_wconf 86' lang='lat' dir='ltr'><em>w</em></span> <span class='ocrx_word' id='word_1_247' title='bbox 598 2024 670 2058; x_wconf 88' lang='lat' dir='ltr'>tibi</span> <span class='ocrx_word' id='word_1_248' title='bbox 688 2035 753 2059; x_wconf 84' lang='lat' dir='ltr'>om.</span> <span class='ocrx_word' id='word_1_249' title='bbox 773 2025 813 2065; x_wconf 85' lang='lat' dir='ltr'>T,</span> <span class='ocrx_word' id='word_1_250' title='bbox 830 2024 870 2058; x_wconf 84' lang='lat' dir='ltr'>tu</span> <span class='ocrx_word' id='word_1_251' title='bbox 889 2034 951 2067; x_wconf 75' lang='lat' dir='ltr'>‹pw</span> <span class='ocrx_word' id='word_1_252' title='bbox 1060 2024 1121 2057; x_wconf 85' lang='lat' dir='ltr'>tuo</span> <span class='ocrx_word' id='word_1_253' title='bbox 1140 2024 1211 2067; x_wconf 83' lang='grc' dir='ltr'>Τφ,</span> <span class='ocrx_word' id='word_1_254' title='bbox 1231 2034 1295 2058; x_wconf 78' lang='lat' dir='ltr'>om.</span> <span class='ocrx_word' id='word_1_255' title='bbox 1311 2035 1343 2058; x_wconf 82' lang='lat' dir='ltr'><em>w</em></span> <span class='ocrx_word' id='word_1_256' title='bbox 1452 2025 1563 2059; x_wconf 85' lang='lat' dir='ltr'>fratre</span> <span class='ocrx_word' id='word_1_257' title='bbox 1578 2036 1639 2069; x_wconf 69' lang='grc' dir='ltr'>φη]</span> 
     </span>
     <span class='ocr_line' id='line_1_27' title="bbox 174 2080 1685 2127; baseline 0 -11"><span class='ocrx_word' id='word_1_258' title='bbox 174 2082 291 2116; x_wconf 85' lang='grc'>(116616</span> <span class='ocrx_word' id='word_1_259' title='bbox 313 2083 407 2126; x_wconf 70' lang='lat' dir='ltr'>szw</span> <span class='ocrx_word' id='word_1_260' title='bbox 513 2082 535 2116; x_wconf 82' lang='lat'>3</span> <span class='ocrx_word' id='word_1_261' title='bbox 553 2082 735 2116; x_wconf 86' lang='lat' dir='ltr'>audiretur</span> <span class='ocrx_word' id='word_1_262' title='bbox 754 2094 794 2127; x_wconf 76' lang='lat' dir='ltr'>q,</span> <span class='ocrx_word' id='word_1_263' title='bbox 812 2080 951 2115; x_wconf 85' lang='lat' dir='ltr'>audiret</span> <span class='ocrx_word' id='word_1_264' title='bbox 972 2081 1010 2121; x_wconf 90' lang='lat' dir='ltr'>T,</span> <span class='ocrx_word' id='word_1_265' title='bbox 1031 2080 1170 2114; x_wconf 87' lang='lat' dir='ltr'>audires</span> <span class='ocrx_word' id='word_1_266' title='bbox 1188 2092 1218 2115; x_wconf 86' lang='lat' dir='ltr'><em>w</em></span> <span class='ocrx_word' id='word_1_267' title='bbox 1320 2083 1356 2116; x_wconf 89' lang='lat' dir='ltr'>ot</span> <span class='ocrx_word' id='word_1_268' title='bbox 1374 2093 1438 2117; x_wconf 82' lang='lat' dir='ltr'>om.</span> <span class='ocrx_word' id='word_1_269' title='bbox 1458 2094 1489 2117; x_wconf 76' lang='lat' dir='ltr'><em>w</em></span> <span class='ocrx_word' id='word_1_270' title='bbox 1590 2082 1685 2116; x_wconf 85' lang='lat' dir='ltr'>flori-</span> 
     </span>
     <span class='ocr_line' id='line_1_28' title="bbox 175 2138 1638 2183; baseline 0.001 -10"><span class='ocrx_word' id='word_1_271' title='bbox 175 2139 256 2174; x_wconf 90' lang='lat' dir='ltr'>dam</span> <span class='ocrx_word' id='word_1_272' title='bbox 274 2139 531 2174; x_wconf 86' lang='lat' dir='ltr'>confessionem</span> <span class='ocrx_word' id='word_1_273' title='bbox 552 2141 585 2174; x_wconf 87' lang='grc' dir='ltr'><em>Τ</em></span> <span class='ocrx_word' id='word_1_274' title='bbox 691 2140 714 2173; x_wconf 81' lang='grc'>4</span> <span class='ocrx_word' id='word_1_275' title='bbox 730 2138 951 2173; x_wconf 86' lang='lat' dir='ltr'>memorabar</span> <span class='ocrx_word' id='word_1_276' title='bbox 974 2139 1047 2183; x_wconf 73' lang='lat' dir='ltr'>Tw,</span> <span class='ocrx_word' id='word_1_277' title='bbox 1066 2138 1285 2173; x_wconf 90' lang='lat' dir='ltr'>memorabor</span> <span class='ocrx_word' id='word_1_278' title='bbox 1303 2152 1342 2183; x_wconf 83' lang='grc' dir='ltr'>φ,</span> <span class='ocrx_word' id='word_1_279' title='bbox 1361 2140 1600 2174; x_wconf 83' lang='lat' dir='ltr'>memorabam</span> <span class='ocrx_word' id='word_1_280' title='bbox 1618 2151 1638 2175; x_wconf 79' lang='lat' dir='ltr'><em>v</em></span> 
     </span>
     <span class='ocr_line' id='line_1_29' title="bbox 176 2197 1642 2241; baseline 0.001 -10"><span class='ocrx_word' id='word_1_281' title='bbox 176 2197 197 2230; x_wconf 83' lang='lat'>5</span> <span class='ocrx_word' id='word_1_282' title='bbox 215 2207 335 2231; x_wconf 89' lang='lat' dir='ltr'>eorum</span> <span class='ocrx_word' id='word_1_283' title='bbox 351 2197 544 2241; x_wconf 82' lang='lat' dir='ltr'>pristinam</span> <span class='ocrx_word' id='word_1_284' title='bbox 563 2211 590 2241; x_wconf 83' lang='grc' dir='ltr'>φ</span> <span class='ocrx_word' id='word_1_285' title='bbox 686 2208 741 2231; x_wconf 88' lang='grc'>166</span> <span class='ocrx_word' id='word_1_286' title='bbox 759 2207 824 2231; x_wconf 81' lang='lat' dir='ltr'>om.</span> <span class='ocrx_word' id='word_1_287' title='bbox 845 2197 939 2240; x_wconf 73' lang='lat' dir='ltr'>quw</span> <span class='ocrx_word' id='word_1_288' title='bbox 1033 2207 1127 2230; x_wconf 90' lang='lat' dir='ltr'>meos</span> <span class='ocrx_word' id='word_1_289' title='bbox 1146 2207 1234 2241; x_wconf 87' lang='lat' dir='ltr'>quae</span> <span class='ocrx_word' id='word_1_290' title='bbox 1254 2198 1286 2231; x_wconf 89' lang='grc' dir='ltr'><em>Τ</em></span> <span class='ocrx_word' id='word_1_291' title='bbox 1376 2198 1397 2231; x_wconf 85' lang='grc'>6</span> <span class='ocrx_word' id='word_1_292' title='bbox 1414 2197 1592 2233; x_wconf 85' lang='lat' dir='ltr'>carissimi</span> <span class='ocrx_word' id='word_1_293' title='bbox 1610 2198 1642 2232; x_wconf 90' lang='grc' dir='ltr'><em>Τ</em></span> 
     </span>
     <span class='ocr_line' id='line_1_30' title="bbox 176 2254 1683 2300; baseline 0.001 -13"><span class='ocrx_word' id='word_1_294' title='bbox 176 2255 259 2288; x_wconf 88' lang='lat' dir='ltr'>ante</span> <span class='ocrx_word' id='word_1_295' title='bbox 276 2264 320 2288; x_wconf 70' lang='lat' dir='ltr'>6oe</span> <span class='ocrx_word' id='word_1_296' title='bbox 338 2255 415 2288; x_wconf 87' lang='lat' dir='ltr'>anti</span> <span class='ocrx_word' id='word_1_297' title='bbox 438 2255 476 2295; x_wconf 87' lang='lat' dir='ltr'>T,</span> <span class='ocrx_word' id='word_1_298' title='bbox 505 2256 535 2288; x_wconf 89' lang='lat' dir='ltr'>si</span> <span class='ocrx_word' id='word_1_299' title='bbox 552 2255 634 2288; x_wconf 89' lang='lat' dir='ltr'>ante</span> <span class='ocrx_word' id='word_1_300' title='bbox 651 2266 681 2296; x_wconf 81' lang='lat' dir='ltr'>v,</span> <span class='ocrx_word' id='word_1_301' title='bbox 701 2264 721 2288; x_wconf 88' lang='lat' dir='ltr'>a</span> <span class='ocrx_word' id='word_1_302' title='bbox 737 2265 793 2288; x_wconf 89' lang='grc'>166</span> <span class='ocrx_word' id='word_1_303' title='bbox 812 2265 874 2298; x_wconf 67' lang='grc' dir='ltr'>φη)</span> <span class='ocrx_word' id='word_1_304' title='bbox 983 2254 1098 2288; x_wconf 87' lang='grc'>616611</span> <span class='ocrx_word' id='word_1_305' title='bbox 1120 2255 1153 2288; x_wconf 93' lang='grc' dir='ltr'><em>Τ</em></span> <span class='ocrx_word' id='word_1_306' title='bbox 1258 2254 1339 2288; x_wconf 89' lang='grc'>11166</span> <span class='ocrx_word' id='word_1_307' title='bbox 1363 2255 1395 2289; x_wconf 87' lang='grc' dir='ltr'><em>Τ</em></span> <span class='ocrx_word' id='word_1_308' title='bbox 1512 2256 1531 2289; x_wconf 81' lang='grc'>7</span> <span class='ocrx_word' id='word_1_309' title='bbox 1551 2255 1581 2289; x_wconf 87' lang='grc'>61</span> <span class='ocrx_word' id='word_1_310' title='bbox 1599 2266 1631 2300; x_wconf 89' lang='lat' dir='ltr'>p.</span> <span class='ocrx_word' id='word_1_311' title='bbox 1651 2266 1683 2300; x_wconf 88' lang='lat' dir='ltr'>p.</span> 
     </span>
     <span class='ocr_line' id='line_1_31' title="bbox 173 2311 1684 2356; baseline 0.001 -11"><span class='ocrx_word' id='word_1_312' title='bbox 173 2311 281 2346; x_wconf 77' lang='lat' dir='ltr'>fueris</span> <span class='ocrx_word' id='word_1_313' title='bbox 299 2322 364 2346; x_wconf 86' lang='lat' dir='ltr'>om.</span> <span class='ocrx_word' id='word_1_314' title='bbox 389 2312 422 2347; x_wconf 89' lang='grc' dir='ltr'><em>Τ</em></span> <span class='ocrx_word' id='word_1_315' title='bbox 426 2325 438 2355; x_wconf 79' lang='grc'>,-</span> <span class='ocrx_word' id='word_1_316' title='bbox 457 2313 563 2348; x_wconf 70' lang='lat' dir='ltr'>uowz&#39;s</span> <span class='ocrx_word' id='word_1_317' title='bbox 580 2312 714 2347; x_wconf 70' lang='lat' dir='ltr'>inclusi</span> <span class='ocrx_word' id='word_1_318' title='bbox 825 2312 846 2345; x_wconf 81' lang='grc'>8</span> <span class='ocrx_word' id='word_1_319' title='bbox 864 2322 967 2356; x_wconf 83' lang='lat' dir='ltr'>quem</span> <span class='ocrx_word' id='word_1_320' title='bbox 984 2322 1027 2353; x_wconf 82' lang='lat' dir='ltr'>w,</span> <span class='ocrx_word' id='word_1_321' title='bbox 1044 2313 1198 2356; x_wconf 84' lang='lat' dir='ltr'>quantae</span> <span class='ocrx_word' id='word_1_322' title='bbox 1218 2313 1250 2346; x_wconf 91' lang='lat' dir='ltr'><em>T</em></span> <span class='ocrx_word' id='word_1_323' title='bbox 1339 2312 1386 2356; x_wconf 85' lang='lat' dir='ltr'>tc]</span> <span class='ocrx_word' id='word_1_324' title='bbox 1406 2313 1442 2346; x_wconf 88' lang='lat' dir='ltr'>et</span> <span class='ocrx_word' id='word_1_325' title='bbox 1463 2314 1496 2347; x_wconf 87' lang='grc' dir='ltr'><em>Τ</em></span> <span class='ocrx_word' id='word_1_326' title='bbox 1585 2314 1606 2347; x_wconf 82' lang='grc'><strong>9</strong></span> <span class='ocrx_word' id='word_1_327' title='bbox 1625 2312 1684 2347; x_wconf 88' lang='grc'>6(1-</span> 
     </span>
     <span class='ocr_line' id='line_1_32' title="bbox 173 2369 1684 2415; baseline 0.002 -13"><span class='ocrx_word' id='word_1_328' title='bbox 173 2369 438 2414; x_wconf 85' lang='lat' dir='ltr'>prehenderint]</span> <span class='ocrx_word' id='word_1_329' title='bbox 458 2369 683 2414; x_wconf 84' lang='lat' dir='ltr'>apprehenda</span> <span class='ocrx_word' id='word_1_330' title='bbox 701 2383 730 2415; x_wconf 55' lang='lat' dir='ltr'>q,</span> <span class='ocrx_word' id='word_1_331' title='bbox 847 2369 910 2414; x_wconf 86' lang='lat' dir='ltr'>sic]</span> <span class='ocrx_word' id='word_1_332' title='bbox 930 2369 960 2403; x_wconf 88' lang='lat' dir='ltr'>si</span> <span class='ocrx_word' id='word_1_333' title='bbox 977 2380 1008 2403; x_wconf 86' lang='lat' dir='ltr'><em>w</em></span> <span class='ocrx_word' id='word_1_334' title='bbox 1133 2369 1175 2403; x_wconf 89' lang='lat'>11</span> <span class='ocrx_word' id='word_1_335' title='bbox 1195 2369 1378 2404; x_wconf 87' lang='lat' dir='ltr'>uideamus</span> <span class='ocrx_word' id='word_1_336' title='bbox 1395 2381 1427 2404; x_wconf 86' lang='lat' dir='ltr'><em>w</em></span> <span class='ocrx_word' id='word_1_337' title='bbox 1550 2380 1611 2404; x_wconf 89' lang='lat' dir='ltr'>nos</span> <span class='ocrx_word' id='word_1_338' title='bbox 1629 2371 1684 2405; x_wconf 87' lang='lat' dir='ltr'>ta-</span> 
     </span>
     <span class='ocr_line' id='line_1_33' title="bbox 173 2427 1683 2473; baseline 0.001 -13"><span class='ocrx_word' id='word_1_339' title='bbox 173 2438 252 2460; x_wconf 84' lang='lat' dir='ltr'>men</span> <span class='ocrx_word' id='word_1_340' title='bbox 270 2437 301 2461; x_wconf 82' lang='lat' dir='ltr'><em>w</em></span> <span class='ocrx_word' id='word_1_341' title='bbox 395 2428 526 2472; x_wconf 84' lang='lat' dir='ltr'>coram]</span> <span class='ocrx_word' id='word_1_342' title='bbox 545 2438 624 2462; x_wconf 89' lang='lat' dir='ltr'>cum</span> <span class='ocrx_word' id='word_1_343' title='bbox 643 2440 671 2473; x_wconf 68' lang='lat' dir='ltr'>(p</span> <span class='ocrx_word' id='word_1_344' title='bbox 774 2428 818 2462; x_wconf 87' lang='grc'>12</span> <span class='ocrx_word' id='word_1_345' title='bbox 836 2427 1098 2472; x_wconf 82' lang='lat' dir='ltr'>conplectamus</span> <span class='ocrx_word' id='word_1_346' title='bbox 1123 2428 1159 2469; x_wconf 87' lang='lat' dir='ltr'>T,</span> <span class='ocrx_word' id='word_1_347' title='bbox 1179 2427 1434 2471; x_wconf 82' lang='lat' dir='ltr'>amplectemur</span> <span class='ocrx_word' id='word_1_348' title='bbox 1451 2441 1492 2473; x_wconf 79' lang='lat' dir='ltr'>q,</span> <span class='ocrx_word' id='word_1_349' title='bbox 1512 2428 1683 2473; x_wconf 81' lang='lat' dir='ltr'>complec-</span> 
     </span>
     <span class='ocr_line' id='line_1_34' title="bbox 173 2485 1683 2521; baseline 0.001 -3"><span class='ocrx_word' id='word_1_350' title='bbox 173 2486 290 2519; x_wconf 88' lang='lat' dir='ltr'>temur</span> <span class='ocrx_word' id='word_1_351' title='bbox 307 2497 360 2521; x_wconf 85' lang='lat' dir='ltr'>wv</span> <span class='ocrx_word' id='word_1_352' title='bbox 449 2486 492 2520; x_wconf 84' lang='lat'>13</span> <span class='ocrx_word' id='word_1_353' title='bbox 510 2486 630 2520; x_wconf 89' lang='lat' dir='ltr'>nostro</span> <span class='ocrx_word' id='word_1_354' title='bbox 647 2496 678 2520; x_wconf 85' lang='lat' dir='ltr'><em>w</em></span> <span class='ocrx_word' id='word_1_355' title='bbox 765 2486 809 2519; x_wconf 84' lang='lat'>14</span> <span class='ocrx_word' id='word_1_356' title='bbox 826 2496 881 2520; x_wconf 87' lang='lat' dir='ltr'>me</span> <span class='ocrx_word' id='word_1_357' title='bbox 899 2496 964 2520; x_wconf 82' lang='lat' dir='ltr'>om.</span> <span class='ocrx_word' id='word_1_358' title='bbox 987 2486 1020 2519; x_wconf 98' lang='lat' dir='ltr'><em>T</em></span> <span class='ocrx_word' id='word_1_359' title='bbox 1103 2485 1146 2519; x_wconf 84' lang='lat'>15</span> <span class='ocrx_word' id='word_1_360' title='bbox 1164 2485 1311 2519; x_wconf 83' lang='lat' dir='ltr'>caritati</span> <span class='ocrx_word' id='word_1_361' title='bbox 1334 2486 1366 2520; x_wconf 89' lang='lat' dir='ltr'><em>T</em></span> <span class='ocrx_word' id='word_1_362' title='bbox 1451 2486 1494 2520; x_wconf 80' lang='grc'>18</span> <span class='ocrx_word' id='word_1_363' title='bbox 1511 2496 1531 2520; x_wconf 86' lang='grc'>6</span> <span class='ocrx_word' id='word_1_364' title='bbox 1548 2485 1683 2520; x_wconf 83' lang='grc'>61111616</span> 
     </span>
     <span class='ocr_line' id='line_1_35' title="bbox 171 2542 1637 2589; baseline 0.001 -12"><span class='ocrx_word' id='word_1_365' title='bbox 171 2555 237 2587; x_wconf 77' lang='lat' dir='ltr'>wv,</span> <span class='ocrx_word' id='word_1_366' title='bbox 257 2554 296 2577; x_wconf 87' lang='grc'>66</span> <span class='ocrx_word' id='word_1_367' title='bbox 314 2543 450 2578; x_wconf 87' lang='grc'>61111616</span> <span class='ocrx_word' id='word_1_368' title='bbox 469 2556 497 2589; x_wconf 59' lang='grc' dir='ltr'>ᾳ1</span> <span class='ocrx_word' id='word_1_369' title='bbox 607 2543 834 2578; x_wconf 82' lang='lat' dir='ltr'>exaceruabit</span> <span class='ocrx_word' id='word_1_370' title='bbox 855 2545 894 2585; x_wconf 90' lang='lat' dir='ltr'>T,</span> <span class='ocrx_word' id='word_1_371' title='bbox 914 2542 1097 2577; x_wconf 82' lang='lat' dir='ltr'>exercebat</span> <span class='ocrx_word' id='word_1_372' title='bbox 1114 2556 1143 2588; x_wconf 51' lang='lat' dir='ltr'>qs</span> <span class='ocrx_word' id='word_1_373' title='bbox 1252 2543 1296 2577; x_wconf 83' lang='lat'>19</span> <span class='ocrx_word' id='word_1_374' title='bbox 1314 2543 1411 2578; x_wconf 88' lang='lat' dir='ltr'>facta</span> <span class='ocrx_word' id='word_1_375' title='bbox 1432 2544 1471 2585; x_wconf 90' lang='lat' dir='ltr'>T,</span> <span class='ocrx_word' id='word_1_376' title='bbox 1491 2543 1599 2578; x_wconf 84' lang='lat' dir='ltr'>factis</span> <span class='ocrx_word' id='word_1_377' title='bbox 1617 2556 1637 2580; x_wconf 85' lang='lat' dir='ltr'><em>v</em></span> 
     </span>
     <span class='ocr_line' id='line_1_36' title="bbox 172 2591 1637 2647; baseline 0 -12"><span class='ocrx_word' id='word_1_378' title='bbox 172 2601 238 2636; x_wconf 89' lang='lat' dir='ltr'>hac</span> <span class='ocrx_word' id='word_1_379' title='bbox 255 2591 311 2635; x_wconf 87' lang='lat' dir='ltr'>die</span> <span class='ocrx_word' id='word_1_380' title='bbox 329 2612 413 2647; x_wconf 72' lang='grc' dir='ltr'>(μου</span> <span class='ocrx_word' id='word_1_381' title='bbox 522 2601 667 2635; x_wconf 86' lang='lat' dir='ltr'>laetitia</span> <span class='ocrx_word' id='word_1_382' title='bbox 685 2612 757 2647; x_wconf 72' lang='grc' dir='ltr'>(μυ,</span> <span class='ocrx_word' id='word_1_383' title='bbox 777 2601 814 2635; x_wconf 90' lang='grc'>111</span> <span class='ocrx_word' id='word_1_384' title='bbox 830 2601 974 2635; x_wconf 85' lang='grc'>16611116</span> <span class='ocrx_word' id='word_1_385' title='bbox 998 2600 1111 2635; x_wconf 65' lang='lat' dir='ltr'>Oxou.</span> <span class='ocrx_word' id='word_1_386' title='bbox 1229 2600 1274 2635; x_wconf 77' lang='lat'>20</span> <span class='ocrx_word' id='word_1_387' title='bbox 1291 2600 1454 2645; x_wconf 82' lang='lat' dir='ltr'>paschae]</span> <span class='ocrx_word' id='word_1_388' title='bbox 1473 2612 1558 2645; x_wconf 87' lang='lat' dir='ltr'>pace</span> <span class='ocrx_word' id='word_1_389' title='bbox 1576 2614 1598 2646; x_wconf 78' lang='lat' dir='ltr'><strong><em>q</em></strong></span> <span class='ocrx_word' id='word_1_390' title='bbox 1610 2612 1637 2635; x_wconf 83' lang='lat' dir='ltr'><em>w</em></span> 
     </span>
     <span class='ocr_line' id='line_1_37' title="bbox 171 2658 1636 2703; baseline 0 -10"><span class='ocrx_word' id='word_1_391' title='bbox 171 2659 302 2693; x_wconf 82' lang='lat' dir='ltr'>deflens</span> <span class='ocrx_word' id='word_1_392' title='bbox 321 2671 352 2693; x_wconf 83' lang='lat' dir='ltr'><em>w</em></span> <span class='ocrx_word' id='word_1_393' title='bbox 461 2658 747 2693; x_wconf 85' lang='lat' dir='ltr'>lacrimabundos</span> <span class='ocrx_word' id='word_1_394' title='bbox 764 2671 793 2703; x_wconf 56' lang='grc' dir='ltr'>(Ι,</span> <span class='ocrx_word' id='word_1_395' title='bbox 903 2659 947 2692; x_wconf 89' lang='grc'>21</span> <span class='ocrx_word' id='word_1_396' title='bbox 965 2658 1084 2703; x_wconf 84' lang='lat' dir='ltr'>exegit</span> <span class='ocrx_word' id='word_1_397' title='bbox 1106 2659 1138 2693; x_wconf 93' lang='lat' dir='ltr'><em>T</em></span> <span class='ocrx_word' id='word_1_398' title='bbox 1240 2658 1307 2693; x_wconf 84' lang='lat' dir='ltr'>hoe</span> <span class='ocrx_word' id='word_1_399' title='bbox 1323 2658 1484 2693; x_wconf 89' lang='lat' dir='ltr'>diernum</span> <span class='ocrx_word' id='word_1_400' title='bbox 1501 2658 1587 2692; x_wconf 88' lang='lat' dir='ltr'>done</span> <span class='ocrx_word' id='word_1_401' title='bbox 1605 2670 1636 2693; x_wconf 85' lang='lat' dir='ltr'><em>w</em></span> 
     </span>
     <span class='ocr_line' id='line_1_38' title="bbox 171 2715 1680 2760; baseline 0.001 -11"><span class='ocrx_word' id='word_1_402' title='bbox 171 2716 216 2750; x_wconf 88' lang='grc'>22</span> <span class='ocrx_word' id='word_1_403' title='bbox 234 2716 374 2760; x_wconf 89' lang='lat' dir='ltr'>christi]</span> <span class='ocrx_word' id='word_1_404' title='bbox 394 2716 585 2750; x_wconf 88' lang='lat' dir='ltr'>subueniat</span> <span class='ocrx_word' id='word_1_405' title='bbox 602 2715 686 2750; x_wconf 76' lang='lat' dir='ltr'>add.</span> <span class='ocrx_word' id='word_1_406' title='bbox 705 2727 725 2751; x_wconf 83' lang='lat' dir='ltr'><em>v</em></span> <span class='ocrx_word' id='word_1_407' title='bbox 859 2715 909 2750; x_wconf 87' lang='lat' dir='ltr'>cis</span> <span class='ocrx_word' id='word_1_408' title='bbox 928 2715 1081 2750; x_wconf 85' lang='lat' dir='ltr'>dominis</span> <span class='ocrx_word' id='word_1_409' title='bbox 1099 2716 1188 2750; x_wconf 89' lang='lat' dir='ltr'>meis</span> <span class='ocrx_word' id='word_1_410' title='bbox 1210 2717 1243 2751; x_wconf 90' lang='lat' dir='ltr'><em>T</em></span> <span class='ocrx_word' id='word_1_411' title='bbox 1371 2716 1415 2750; x_wconf 83' lang='grc'>23</span> <span class='ocrx_word' id='word_1_412' title='bbox 1433 2716 1680 2760; x_wconf 86' lang='lat' dir='ltr'>postulaturus</span> 
     </span>
     <span class='ocr_line' id='line_1_39' title="bbox 172 2773 1682 2818; baseline 0 -11"><span class='ocrx_word' id='word_1_413' title='bbox 172 2774 227 2807; x_wconf 87' lang='lat' dir='ltr'>est</span> <span class='ocrx_word' id='word_1_414' title='bbox 250 2774 305 2814; x_wconf 81' lang='lat' dir='ltr'>T¹,</span> <span class='ocrx_word' id='word_1_415' title='bbox 326 2773 580 2817; x_wconf 84' lang='lat' dir='ltr'>postulandum</span> <span class='ocrx_word' id='word_1_416' title='bbox 597 2774 671 2818; x_wconf 92' lang='lat' dir='ltr'>(um</span> <span class='ocrx_word' id='word_1_417' title='bbox 690 2784 734 2808; x_wconf 66' lang='lat' dir='ltr'>ea:</span> <span class='ocrx_word' id='word_1_418' title='bbox 752 2784 790 2807; x_wconf 89' lang='grc'>66</span> <span class='ocrx_word' id='word_1_419' title='bbox 809 2774 851 2818; x_wconf 80' lang='lat' dir='ltr'>q)</span> <span class='ocrx_word' id='word_1_420' title='bbox 870 2775 923 2807; x_wconf 85' lang='lat' dir='ltr'>est</span> <span class='ocrx_word' id='word_1_421' title='bbox 941 2784 1003 2818; x_wconf 69' lang='grc' dir='ltr'>(μυ</span> <span class='ocrx_word' id='word_1_422' title='bbox 1106 2773 1313 2808; x_wconf 87' lang='lat' dir='ltr'>subuenerit</span> <span class='ocrx_word' id='word_1_423' title='bbox 1330 2775 1406 2807; x_wconf 85' lang='lat' dir='ltr'>tam</span> <span class='ocrx_word' id='word_1_424' title='bbox 1425 2786 1463 2818; x_wconf 81' lang='lat' dir='ltr'>q,</span> <span class='ocrx_word' id='word_1_425' title='bbox 1484 2773 1525 2806; x_wconf 87' lang='lat' dir='ltr'>ut</span> <span class='ocrx_word' id='word_1_426' title='bbox 1542 2773 1682 2807; x_wconf 82' lang='lat' dir='ltr'>uenerit</span> 
     </span>
     <span class='ocr_line' id='line_1_40' title="bbox 172 2830 1635 2876; baseline 0.001 -12"><span class='ocrx_word' id='word_1_427' title='bbox 172 2831 248 2865; x_wconf 88' lang='lat' dir='ltr'>tam</span> <span class='ocrx_word' id='word_1_428' title='bbox 270 2832 310 2876; x_wconf 61' lang='lat' dir='ltr'>T„</span> <span class='ocrx_word' id='word_1_429' title='bbox 332 2831 514 2866; x_wconf 85' lang='lat' dir='ltr'>subueniri</span> <span class='ocrx_word' id='word_1_430' title='bbox 531 2832 607 2866; x_wconf 85' lang='lat' dir='ltr'>tam</span> <span class='ocrx_word' id='word_1_431' title='bbox 625 2842 667 2873; x_wconf 83' lang='lat' dir='ltr'>w,</span> <span class='ocrx_word' id='word_1_432' title='bbox 686 2832 728 2865; x_wconf 92' lang='lat' dir='ltr'>ut</span> <span class='ocrx_word' id='word_1_433' title='bbox 746 2831 888 2865; x_wconf 87' lang='lat' dir='ltr'>ueniam</span> <span class='ocrx_word' id='word_1_434' title='bbox 906 2830 1065 2865; x_wconf 84' lang='lat' dir='ltr'>habeant</span> <span class='ocrx_word' id='word_1_435' title='bbox 1082 2842 1102 2866; x_wconf 79' lang='lat' dir='ltr'><em>v</em></span> <span class='ocrx_word' id='word_1_436' title='bbox 1237 2831 1389 2866; x_wconf 83' lang='lat' dir='ltr'>nefanda</span> <span class='ocrx_word' id='word_1_437' title='bbox 1406 2830 1597 2874; x_wconf 83' lang='lat' dir='ltr'>naufragia</span> <span class='ocrx_word' id='word_1_438' title='bbox 1614 2842 1635 2866; x_wconf 73' lang='grc' dir='ltr'><em>τ</em></span> 
     </span>
    </p>
   </div>
  </div>
 </body>
</html>
