1912 3152
251 185 334 226 140
795 183 987 219 Caecilii
1013 183 1227 228 Cypriani

260 288 351 328 eata
372 287 520 329 uestra.
572 287 701 329 Item
731 287 818 329 illi
833 300 872 330 c:
905 287 953 329 In
975 300 1055 341 qua
1076 299 1267 330 mensura
1288 287 1418 330 mensi
1440 287 1623 339 fueritis,
1655 287 1700 329 in
1722 299 1768 330 ea

261 355 501 397 remetietur
521 355 650 397 uobis.

630 458 780 500 VICEM
811 469 949 500 MALIS
980 470 1075 500 NON
1105 471 1409 502 REDDENDAM.

191 551 244 592 23
399 540 455 581 In
486 539 713 594 epistula
742 539 891 581 Pauli
923 539 1147 592 apostoli
1188 538 1247 581 ad
1285 539 1552 581 Romanos:
1603 538 1771 581 Nemini

262 608 421 649 malum
441 620 512 661 pro
533 609 643 650 malo
665 608 892 650 reddentes.
925 608 1054 650 Item
1085 608 1225 650 illic:
1259 608 1355 650 Noli
1377 609 1486 650 uinci
1509 621 1532 650 a
1554 609 1676 660 malo,
1701 609 1771 650 sed
1803 618 1816 641 ⁵

262 676 378 719 uince
400 676 564 718 inbono
585 677 755 718 malum.
789 677 923 718 Item
953 678 1007 718 in
1038 676 1383 731 Apocalypsi:
1416 678 1470 719 Et
1507 678 1613 719 dixit
1646 677 1770 719 mihi:

261 758 311 787 ne
333 745 559 800 signaueris
580 746 704 788 uerba
724 745 962 800 prophetiae
982 745 1079 787 libri
1100 745 1245 797 huius,
1279 746 1375 799 quia
1410 746 1495 788 iam
1531 747 1695 800 tempus
1730 746 1773 788 in

261 815 445 867 proximo
468 816 541 856 est.
575 815 615 857 et
635 814 678 856 hi
701 815 770 868 qui
791 815 1052 867 perseuerant
1073 826 1214 856 nocere
1235 815 1404 856 noceant
1426 816 1466 856 et
1487 815 1556 868 qui
1578 815 1620 856 in
1642 814 1773 856 sordi-

261 883 338 925 bus
361 886 422 926 081
443 884 647 926 sordescat
668 884 812 934 adhuc,
835 884 969 926 iustus
991 884 1129 925 autem
1152 884 1325 926 iustiora
1346 883 1472 925 faeiat
1487 884 1632 934 adhuc,
1656 884 1773 925 811111-

262 951 358 994 11101·
379 954 420 994 et
441 952 604 994 sanetus
626 952 842 994 sanctiora.
875 964 965 994 eece
987 952 1104 994 uenio
1128 952 1227 1003 0110,
1260 953 1301 994 01
1322 964 1475 995 merces
1497 965 1590 994 mea
1611 964 1773 994 mecum
1788 962 1821 986 10

262 1020 429 1063 reddere
450 1021 669 1074 unicuique
692 1021 918 1062 seeundum
939 1022 1047 1063 facta
1069 1033 1152 1063 sua.

369 1125 472 1167 NON
504 1136 640 1167 POSSE
672 1138 735 1167 AD
767 1138 953 1167 PATREM
985 1138 1145 1168 VENIRI
1177 1138 1269 1169 NISI
1300 1138 1389 1167 PER
1420 1136 1665 1167 CHRISTVM.

190 1210 244 1251 24
320 1205 377 1246 In
408 1206 683 1261 euangelio
714 1206 995 1248 secundum
1026 1206 1328 1248 Iohannem:
1376 1207 1464 1261 Ego
1502 1219 1595 1248 sum
1631 1205 1700 1248 uia
1736 1207 1776 1247 et

263 1273 419 1316 ueritas
441 1276 483 1317 et
504 1275 605 1317 uita.
637 1287 755 1317 nemo
778 1275 892 1317 uenit
914 1275 965 1317 ad
987 1276 1147 1329 patrem
1168 1275 1248 1316 nisi
1269 1287 1340 1328 per
1361 1287 1440 1316 me.
1474 1275 1604 1317 Item
1636 1274 1722 1316 illi
1736 1286 1775 1316 c:

263 1342 351 1397 Ego
373 1354 465 1384 811111
486 1342 618 1385 ianua.
651 1356 722 1397 per
742 1356 807 1385 me
830 1344 865 1385 si
886 1344 978 1397 quis
1000 1344 1225 1395 introierit,
1258 1344 1500 1386 saluabitur.
1790 1353 1821 1378 1⁵

265 1445 337 1488 AD
369 1458 560 1489 REGNVM
591 1459 692 1499 DEI,
724 1458 815 1489 NISI
847 1458 1127 1489 BAPTIZATVS
1160 1459 1218 1488 ET
1239 1458 1447 1489 RENATVS
1469 1457 1573 1497 QVIS
1591 1458 1774 1490 FVERIT.

734 1529 999 1558 PERVENIRE
1030 1528 1125 1559 NON
1156 1528 1306 1559 POSSE.

194 1599 247 1639 25
322 1597 376 1638 In
408 1597 684 1651 euangelio
717 1598 992 1639 secundum
1023 1598 1321 1639 Iohannem:
1368 1595 1461 1639 Nisi
1491 1596 1582 1650 quis
1611 1598 1778 1638 renatus

264 1665 390 1707 fuerit
408 1678 453 1707 ex
470 1678 575 1719 aqua
592 1667 633 1708 et
650 1666 820 1719 spiritu,
842 1678 921 1708 non
942 1667 1078 1720 potest
1099 1666 1268 1708 introire
1290 1665 1333 1707 in
1353 1678 1527 1720 regnum
1548 1665 1637 1707 Dei.
1670 1664 1778 1718 quod

265 1734 375 1776 enim
411 1734 556 1775 natum
588 1735 650 1776 est
675 1735 724 1776 de
747 1747 863 1776 carne
893 1747 985 1777 caro
1008 1735 1089 1786 est,
1119 1735 1159 1776 et
1180 1734 1286 1788 quod
1307 1735 1451 1776 natum
1473 1734 1535 1776 est
1557 1734 1606 1775 de
1628 1733 1777 1788 Spiritu
1791 1746 1826 1772 ευ

265 1803 435 1856 spiritus
457 1804 531 1845 est.
579 1803 712 1845 Item
742 1803 885 1845 illie:
934 1803 1028 1845 Nisi
1050 1803 1216 1845 ederitis
1239 1816 1402 1845 carnem
1430 1803 1508 1844 filii
1536 1802 1715 1845 hominis
1737 1803 1778 1845 et

264 1871 451 1913 biberitis
474 1872 716 1927 sanguinem
737 1872 844 1924 eius,
877 1885 956 1914 non
977 1873 1184 1915 habebitis
1205 1872 1339 1914 uitam
1360 1872 1403 1914 in
1424 1872 1555 1914 uobis.

404 2021 431 2055 1ε
448 2021 557 2056 Marc.
576 2021 612 2063 4,
631 2021 685 2056 24.
757 2022 779 2056 4
804 2022 903 2056 Rom.
923 2022 978 2063 12,
996 2023 1038 2056 17
1058 2023 1093 2056 01
1110 2023 1165 2056 21.
1249 2022 1270 2056 6
1287 2021 1391 2066 Apoc.
1409 2021 1464 2063 22,
1484 2020 1527 2055 10
1542 2031 1593 2065 811.
1667 2019 1711 2055 13
1728 2020 1778 2055 Io.

267 2079 320 2120 14,
339 2079 371 2113 6.
445 2079 488 2113 15
512 2079 561 2114 Io.
582 2079 635 2121 10,
654 2081 686 2113 9.
760 2080 804 2114 18
828 2080 878 2114 10.
896 2080 929 2121 3,
947 2079 968 2114 5
987 2090 1034 2124 sq.
1113 2079 1157 2114 21
1182 2079 1231 2113 Io.
1251 2081 1282 2121 ὅ,
1302 2079 1356 2113 53.

336 2205 356 2239 1
381 2215 545 2239 mensura
562 2215 726 2239 mensura
743 2207 779 2239 A
850 2205 963 2240 mensi
980 2205 1082 2240 eritis
1100 2205 1152 2247 L,
1171 2204 1362 2239 metieritis
1378 2204 1413 2239 B
1485 2203 1607 2238 eadem
1627 2202 1710 2238 WB

264 2262 287 2296 2
312 2262 532 2307 remetietur]
556 2262 772 2297 remediatur
789 2264 841 2305 A,
874 2263 1045 2298 metietur
1062 2263 1097 2298 L
1213 2263 1236 2297 4
1260 2262 1411 2306 apostoli
1435 2272 1499 2296 om.
1520 2260 1714 2296 WLMBv

265 2320 287 2354 5
312 2319 398 2364 noli]
417 2329 486 2353 non
503 2320 560 2355 Lv
654 2320 757 2355 uince
773 2321 824 2355 Α1
905 2321 925 2355 6
949 2321 1080 2355 bonum
1098 2321 1148 2355 M
1155 2321 1161 2339 ¹
1255 2321 1274 2354 7
1300 2322 1442 2364 tempus
1460 2319 1530 2353 iam
1549 2318 1585 2353 B
1678 2319 1700 2352 8
1725 2318 1781 2352 hii

266 2377 362 2411 AW
359 2377 394 2411 L
476 2379 790 2422 perseuerauerant
803 2379 838 2412 A
926 2378 963 2412 in
982 2379 1031 2414 W
1046 2389 1072 2413 s.
1093 2379 1114 2413 l.
1133 2389 1176 2413 m.
1197 2379 1222 2412 2
1310 2377 1332 2413 9
1360 2376 1534 2411 sordiscat
1552 2376 1616 2417 W,
1645 2375 1782 2410 sordes-

269 2445 329 2469 cas
353 2435 389 2469 A
506 2434 619 2469 adhuc
644 2435 740 2479 (post
766 2435 873 2480 sord.)
898 2446 964 2471 om.
983 2435 1034 2469 M
1147 2435 1261 2469 adhuc
1279 2435 1374 2479 (post
1391 2433 1516 2478 faciat)
1533 2444 1598 2467 om.
1618 2432 1672 2476 B,
1698 2435 1785 2467 ante

266 2492 418 2527 iustiora
429 2494 539 2537 ponit
557 2493 661 2529 MLv
755 2493 799 2528 10
823 2495 859 2527 et
876 2504 951 2528 ecce
974 2494 1010 2528 B
1092 2493 1219 2528 mercis
1236 2494 1325 2527 AW
1397 2503 1511 2526 meam
1530 2492 1565 2525 A
1647 2501 1783 2525 mecum

266 2551 322 2584 est
342 2550 532 2586 WLMBv
604 2551 645 2584 11
671 2550 779 2595 facta]
798 2561 903 2595 opera
918 2550 954 2585 A
1027 2551 1070 2585 12
1095 2551 1217 2585 uenire
1237 2550 1465 2591 AWLMB,
1492 2548 1669 2594 perueniri
1693 2559 1714 2583 v

274 2607 389 2642 filium
413 2608 489 2642 eius
513 2608 627 2643 iesum
644 2608 820 2643 christum
833 2609 901 2644 Mv
995 2608 1039 2642 13
1063 2610 1100 2642 et
1117 2619 1181 2643 om.
1202 2608 1307 2643 MBv
1419 2607 1461 2641 14
1486 2607 1575 2650 uita]
1596 2606 1654 2640 uia
1669 2605 1718 2639 M

268 2665 313 2700 15
338 2665 444 2700 ianua
462 2666 554 2708 AM,
574 2666 706 2700 ostium
715 2666 818 2707 LBv,
838 2665 999 2700 hostium
1013 2666 1063 2701 W
1132 2665 1194 2710 qui
1211 2665 1262 2699 L¹
1335 2665 1377 2699 17
1395 2675 1464 2699 non
1482 2673 1583 2708 posse
1599 2662 1783 2707 peruenire

262 2723 374 2767 ponit
387 2727 472 2767 post
485 2723 542 2758 dei
561 2724 582 2758 l.
597 2725 641 2758 16
661 2723 711 2759 W
778 2723 956 2768 perueniri
972 2723 1008 2757 L
1077 2723 1123 2757 20
1139 2724 1245 2757 natus
1260 2723 1345 2758 WL
1415 2722 1458 2756 21
1478 2720 1628 2756 ederetis
1642 2719 1688 2762 A,
1707 2718 1781 2754 edi-

270 2778 396 2814 deritis
415 2780 465 2816 W
534 2780 579 2815 22
603 2779 812 2825 sanguinem
829 2780 905 2814 eius
922 2779 1088 2815 biberitis
1104 2780 1194 2822 AB,
1213 2780 1281 2824 cfr.
1301 2783 1376 2815 test.
1398 2779 1425 2814 I
1435 2781 1485 2814 22
