<?xml version="1.0" encoding="UTF-8"?>
<!DOCTYPE html PUBLIC "-//W3C//DTD XHTML 1.0 Transitional//EN"
    "http://www.w3.org/TR/xhtml1/DTD/xhtml1-transitional.dtd">
<html xmlns="http://www.w3.org/1999/xhtml" xml:lang="en" lang="en">
 <head>
  <title>
</title>
<meta http-equiv="Content-Type" content="text/html;charset=utf-8" />
  <meta name='ocr-system' content='tesseract 3.04.00' />
  <meta name='ocr-capabilities' content='ocr_page ocr_carea ocr_par ocr_line ocrx_word'/>
</head>
<body>
  <div class='ocr_page' id='page_1' title='image "./corpusscriptor203cypruoft/corpusscriptor203cypruoft_0266.png"; bbox 0 0 1912 3152; ppageno 0'>
   <div class='ocr_carea' id='block_1_1' title="bbox 290 174 1279 221">
    <p class='ocr_par' dir='ltr' id='par_1_1' title="bbox 290 174 1279 221">
     <span class='ocr_line' id='line_1_1' title="bbox 290 174 1279 221; baseline -0.012 -3"><span class='ocrx_word' id='word_1_1' title='bbox 290 179 374 221; x_wconf 73' lang='lat' dir='ltr'>25ss</span> <span class='ocrx_word' id='word_1_2' title='bbox 844 174 1036 211; x_wconf 79' lang='lat' dir='ltr'>Caecilii</span> <span class='ocrx_word' id='word_1_3' title='bbox 1063 174 1279 218; x_wconf 86' lang='lat' dir='ltr'>Cypriani</span> 
     </span>
    </p>
   </div>
   <div class='ocr_carea' id='block_1_2' title="bbox 216 276 1842 1991">
    <p class='ocr_par' dir='ltr' id='par_1_2' title="bbox 283 276 1842 1770">
     <span class='ocr_line' id='line_1_2' title="bbox 288 276 1796 334; baseline -0.002 -12"><span class='ocrx_word' id='word_1_4' title='bbox 288 281 426 323; x_wconf 88' lang='lat' dir='ltr'>cibum</span> <span class='ocrx_word' id='word_1_5' title='bbox 449 280 518 321; x_wconf 88' lang='lat' dir='ltr'>sed</span> <span class='ocrx_word' id='word_1_6' title='bbox 539 279 725 334; x_wconf 83' lang='lat' dir='ltr'>gladium</span> <span class='ocrx_word' id='word_1_7' title='bbox 748 279 826 320; x_wconf 85' lang='lat' dir='ltr'>sibi</span> <span class='ocrx_word' id='word_1_8' title='bbox 856 290 1020 320; x_wconf 83' lang='lat' dir='ltr'>sumens</span> <span class='ocrx_word' id='word_1_9' title='bbox 1050 280 1090 319; x_wconf 83' lang='lat' dir='ltr'>et</span> <span class='ocrx_word' id='word_1_10' title='bbox 1117 279 1235 319; x_wconf 85' lang='lat' dir='ltr'>uelut</span> <span class='ocrx_word' id='word_1_11' title='bbox 1256 278 1455 330; x_wconf 79' lang='lat' dir='ltr'>quaedam</span> <span class='ocrx_word' id='word_1_12' title='bbox 1476 289 1631 319; x_wconf 89' lang='lat' dir='ltr'>uenena</span> <span class='ocrx_word' id='word_1_13' title='bbox 1651 276 1796 319; x_wconf 86' lang='lat' dir='ltr'>letalia</span> 
     </span>
     <span class='ocr_line' id='line_1_3' title="bbox 288 347 1795 402; baseline -0.003 -12"><span class='ocrx_word' id='word_1_14' title='bbox 288 350 398 390; x_wconf 86' lang='lat' dir='ltr'>intra</span> <span class='ocrx_word' id='word_1_15' title='bbox 429 348 566 390; x_wconf 86' lang='lat' dir='ltr'>fauces</span> <span class='ocrx_word' id='word_1_16' title='bbox 598 350 639 390; x_wconf 88' lang='lat' dir='ltr'>et</span> <span class='ocrx_word' id='word_1_17' title='bbox 670 349 811 402; x_wconf 84' lang='lat' dir='ltr'>pectus</span> <span class='ocrx_word' id='word_1_18' title='bbox 833 348 1056 389; x_wconf 85' lang='lat' dir='ltr'>admittens</span> <span class='ocrx_word' id='word_1_19' title='bbox 1079 347 1174 401; x_wconf 88' lang='lat' dir='ltr'>angi</span> <span class='ocrx_word' id='word_1_20' title='bbox 1197 348 1238 388; x_wconf 90' lang='lat' dir='ltr'>et</span> <span class='ocrx_word' id='word_1_21' title='bbox 1259 347 1397 388; x_wconf 87' lang='lat' dir='ltr'>anima</span> <span class='ocrx_word' id='word_1_22' title='bbox 1418 347 1678 388; x_wconf 73' lang='lat' dir='ltr'>exaestuante</span> <span class='ocrx_word' id='word_1_23' title='bbox 1700 358 1795 387; x_wconf 89' lang='lat' dir='ltr'>con-</span> 
     </span>
     <span class='ocr_line' id='line_1_4' title="bbox 288 414 1793 471; baseline -0.003 -12"><span class='ocrx_word' id='word_1_24' title='bbox 288 417 400 459; x_wconf 91' lang='lat' dir='ltr'>cludi</span> <span class='ocrx_word' id='word_1_25' title='bbox 432 416 695 471; x_wconf 88' lang='lat' dir='ltr'>postmodum</span> <span class='ocrx_word' id='word_1_26' title='bbox 727 417 861 470; x_wconf 90' lang='lat' dir='ltr'>coepit</span> <span class='ocrx_word' id='word_1_27' title='bbox 891 418 932 458; x_wconf 93' lang='lat' dir='ltr'>et</span> <span class='ocrx_word' id='word_1_28' title='bbox 953 429 1183 470; x_wconf 78' lang='lat' dir='ltr'>pressuram</span> <span class='ocrx_word' id='word_1_29' title='bbox 1205 427 1282 456; x_wconf 89' lang='lat' dir='ltr'>non</span> <span class='ocrx_word' id='word_1_30' title='bbox 1305 415 1389 456; x_wconf 89' lang='lat' dir='ltr'>iam</span> <span class='ocrx_word' id='word_1_31' title='bbox 1410 415 1700 468; x_wconf 73' lang='lat' dir='ltr'>persecutionis</span> <span class='ocrx_word' id='word_1_32' title='bbox 1722 414 1793 456; x_wconf 91' lang='lat' dir='ltr'>sed</span> 
     </span>
     <span class='ocr_line' id='line_1_5' title="bbox 289 483 1792 539; baseline -0.002 -12"><span class='ocrx_word' id='word_1_33' title='bbox 289 486 430 527; x_wconf 78' lang='lat' dir='ltr'>delicti</span> <span class='ocrx_word' id='word_1_34' title='bbox 466 486 529 527; x_wconf 93' lang='lat' dir='ltr'>sui</span> <span class='ocrx_word' id='word_1_35' title='bbox 567 498 687 539; x_wconf 87' lang='lat' dir='ltr'>passa</span> <span class='ocrx_word' id='word_1_36' title='bbox 723 486 930 539; x_wconf 76' lang='lat' dir='ltr'>palpitans</span> <span class='ocrx_word' id='word_1_37' title='bbox 967 487 1007 527; x_wconf 92' lang='lat' dir='ltr'>et</span> <span class='ocrx_word' id='word_1_38' title='bbox 1042 487 1220 526; x_wconf 92' lang='lat' dir='ltr'>tremens</span> <span class='ocrx_word' id='word_1_39' title='bbox 1242 483 1432 525; x_wconf 89' lang='lat' dir='ltr'>concidit.</span> <span class='ocrx_word' id='word_1_40' title='bbox 1465 483 1700 537; x_wconf 89' lang='lat' dir='ltr'>inpunitum</span> <span class='ocrx_word' id='word_1_41' title='bbox 1722 484 1792 525; x_wconf 90' lang='lat' dir='ltr'>diu</span> 
     </span>
     <span class='ocr_line' id='line_1_6' title="bbox 288 553 1837 606; baseline 0.001 -11"><span class='ocrx_word' id='word_1_42' title='bbox 288 567 366 596; x_wconf 91' lang='lat' dir='ltr'>non</span> <span class='ocrx_word' id='word_1_43' title='bbox 401 554 482 596; x_wconf 90' lang='lat' dir='ltr'>fuit</span> <span class='ocrx_word' id='word_1_44' title='bbox 518 568 591 596; x_wconf 90' lang='lat' dir='ltr'>nec</span> <span class='ocrx_word' id='word_1_45' title='bbox 626 555 835 596; x_wconf 88' lang='lat' dir='ltr'>occultum</span> <span class='ocrx_word' id='word_1_46' title='bbox 871 554 1156 595; x_wconf 80' lang='lat' dir='ltr'>dissimulatae</span> <span class='ocrx_word' id='word_1_47' title='bbox 1192 553 1463 595; x_wconf 88' lang='lat' dir='ltr'>conscientiae</span> <span class='ocrx_word' id='word_1_48' title='bbox 1490 553 1655 594; x_wconf 84' lang='lat' dir='ltr'>crimen.</span> <span class='ocrx_word' id='word_1_49' title='bbox 1690 566 1791 606; x_wconf 89' lang='lat' dir='ltr'>quae</span> <span class='ocrx_word' id='word_1_50' title='bbox 1820 572 1837 596; x_wconf 79' lang='lat'><strong>5</strong></span> 
     </span>
     <span class='ocr_line' id='line_1_7' title="bbox 288 621 1792 674; baseline -0.001 -10"><span class='ocrx_word' id='word_1_51' title='bbox 288 622 489 665; x_wconf 87' lang='lat' dir='ltr'>fefellerat</span> <span class='ocrx_word' id='word_1_52' title='bbox 524 623 733 665; x_wconf 90' lang='lat' dir='ltr'>hominem</span> <span class='ocrx_word' id='word_1_53' title='bbox 763 623 897 664; x_wconf 90' lang='lat' dir='ltr'>Deum</span> <span class='ocrx_word' id='word_1_54' title='bbox 927 622 1054 663; x_wconf 87' lang='lat' dir='ltr'>sensit</span> <span class='ocrx_word' id='word_1_55' title='bbox 1075 622 1264 663; x_wconf 84' lang='lat' dir='ltr'>ultorem.</span> <span class='ocrx_word' id='word_1_56' title='bbox 1298 624 1338 663; x_wconf 89' lang='lat' dir='ltr'>et</span> <span class='ocrx_word' id='word_1_57' title='bbox 1369 635 1462 663; x_wconf 90' lang='lat' dir='ltr'>cum</span> <span class='ocrx_word' id='word_1_58' title='bbox 1494 621 1695 674; x_wconf 87' lang='lat' dir='ltr'>quaedam</span> <span class='ocrx_word' id='word_1_59' title='bbox 1727 635 1792 663; x_wconf 87' lang='lat' dir='ltr'>ar-</span> 
     </span>
     <span class='ocr_line' id='line_1_8' title="bbox 288 690 1791 745; baseline -0.002 -11"><span class='ocrx_word' id='word_1_60' title='bbox 288 705 379 734; x_wconf 84' lang='lat' dir='ltr'>cam</span> <span class='ocrx_word' id='word_1_61' title='bbox 401 705 518 734; x_wconf 87' lang='lat' dir='ltr'>suam</span> <span class='ocrx_word' id='word_1_62' title='bbox 539 693 581 733; x_wconf 90' lang='lat' dir='ltr'>in</span> <span class='ocrx_word' id='word_1_63' title='bbox 603 705 680 745; x_wconf 88' lang='lat' dir='ltr'>quo</span> <span class='ocrx_word' id='word_1_64' title='bbox 704 691 870 733; x_wconf 85' lang='lat' dir='ltr'>Domini</span> <span class='ocrx_word' id='word_1_65' title='bbox 900 693 1088 732; x_wconf 88' lang='lat' dir='ltr'>sanctum</span> <span class='ocrx_word' id='word_1_66' title='bbox 1110 690 1192 732; x_wconf 86' lang='lat' dir='ltr'>fuit</span> <span class='ocrx_word' id='word_1_67' title='bbox 1213 690 1402 732; x_wconf 88' lang='lat' dir='ltr'>manibus</span> <span class='ocrx_word' id='word_1_68' title='bbox 1424 691 1633 732; x_wconf 87' lang='lat' dir='ltr'>inmundis</span> <span class='ocrx_word' id='word_1_69' title='bbox 1654 693 1791 745; x_wconf 87' lang='lat' dir='ltr'>temp-</span> 
     </span>
     <span class='ocr_line' id='line_1_9' title="bbox 287 759 1791 815; baseline -0.002 -12"><span class='ocrx_word' id='word_1_70' title='bbox 287 763 417 803; x_wconf 85' lang='lat' dir='ltr'>tasset</span> <span class='ocrx_word' id='word_1_71' title='bbox 439 762 614 815; x_wconf 70' lang='lat' dir='ltr'>aperire,</span> <span class='ocrx_word' id='word_1_72' title='bbox 647 761 741 815; x_wconf 83' lang='lat' dir='ltr'>igne</span> <span class='ocrx_word' id='word_1_73' title='bbox 763 760 856 801; x_wconf 92' lang='lat' dir='ltr'>inde</span> <span class='ocrx_word' id='word_1_74' title='bbox 878 761 1069 814; x_wconf 81' lang='lat' dir='ltr'>surgente</span> <span class='ocrx_word' id='word_1_75' title='bbox 1091 759 1288 801; x_wconf 89' lang='lat' dir='ltr'>deterrita</span> <span class='ocrx_word' id='word_1_76' title='bbox 1310 761 1372 801; x_wconf 91' lang='lat' dir='ltr'>est</span> <span class='ocrx_word' id='word_1_77' title='bbox 1393 772 1441 801; x_wconf 92' lang='lat' dir='ltr'>ne</span> <span class='ocrx_word' id='word_1_78' title='bbox 1463 760 1632 801; x_wconf 87' lang='lat' dir='ltr'>auderet</span> <span class='ocrx_word' id='word_1_79' title='bbox 1653 759 1791 801; x_wconf 86' lang='lat' dir='ltr'>adtin-</span> 
     </span>
     <span class='ocr_line' id='line_1_10' title="bbox 286 828 1793 884; baseline -0.002 -12"><span class='ocrx_word' id='word_1_80' title='bbox 286 843 392 884; x_wconf 85' lang='lat' dir='ltr'>gere.</span> <span class='ocrx_word' id='word_1_81' title='bbox 425 832 466 872; x_wconf 87' lang='lat' dir='ltr'>et</span> <span class='ocrx_word' id='word_1_82' title='bbox 501 831 606 872; x_wconf 85' lang='lat' dir='ltr'>alius</span> <span class='ocrx_word' id='word_1_83' title='bbox 642 829 712 882; x_wconf 88' lang='lat' dir='ltr'>qui</span> <span class='ocrx_word' id='word_1_84' title='bbox 750 832 791 871; x_wconf 89' lang='lat' dir='ltr'>et</span> <span class='ocrx_word' id='word_1_85' title='bbox 827 830 912 883; x_wconf 90' lang='lat' dir='ltr'>ipse</span> <span class='ocrx_word' id='word_1_86' title='bbox 942 829 1173 870; x_wconf 85' lang='lat' dir='ltr'>maculatus</span> <span class='ocrx_word' id='word_1_87' title='bbox 1195 828 1392 870; x_wconf 88' lang='lat' dir='ltr'>sacrificio</span> <span class='ocrx_word' id='word_1_88' title='bbox 1415 842 1438 870; x_wconf 91' lang='lat' dir='ltr'>a</span> <span class='ocrx_word' id='word_1_89' title='bbox 1459 829 1666 870; x_wconf 84' lang='lat' dir='ltr'>sacerdote</span> <span class='ocrx_word' id='word_1_90' title='bbox 1688 829 1793 870; x_wconf 92' lang='lat' dir='ltr'>cele-</span> 
     </span>
     <span class='ocr_line' id='line_1_11' title="bbox 286 898 1842 953; baseline 0 -13"><span class='ocrx_word' id='word_1_91' title='bbox 286 900 403 941; x_wconf 90' lang='lat' dir='ltr'>brato</span> <span class='ocrx_word' id='word_1_92' title='bbox 439 901 600 953; x_wconf 86' lang='lat' dir='ltr'>partem</span> <span class='ocrx_word' id='word_1_93' title='bbox 636 912 730 940; x_wconf 91' lang='lat' dir='ltr'>cum</span> <span class='ocrx_word' id='word_1_94' title='bbox 767 898 913 940; x_wconf 88' lang='lat' dir='ltr'>ceteris</span> <span class='ocrx_word' id='word_1_95' title='bbox 943 910 1066 939; x_wconf 88' lang='lat' dir='ltr'>ausus</span> <span class='ocrx_word' id='word_1_96' title='bbox 1088 899 1150 939; x_wconf 94' lang='lat' dir='ltr'>est</span> <span class='ocrx_word' id='word_1_97' title='bbox 1171 898 1347 940; x_wconf 87' lang='lat' dir='ltr'>latenter</span> <span class='ocrx_word' id='word_1_98' title='bbox 1368 899 1570 952; x_wconf 78' lang='lat' dir='ltr'>accipere,</span> <span class='ocrx_word' id='word_1_99' title='bbox 1603 900 1792 940; x_wconf 89' lang='lat' dir='ltr'>sanctum</span> <span class='ocrx_word' id='word_1_100' title='bbox 1807 916 1842 940; x_wconf 89' lang='lat'>10</span> 
     </span>
     <span class='ocr_line' id='line_1_12' title="bbox 285 967 1792 1021; baseline -0.001 -12"><span class='ocrx_word' id='word_1_101' title='bbox 285 968 452 1009; x_wconf 89' lang='lat' dir='ltr'>Domini</span> <span class='ocrx_word' id='word_1_102' title='bbox 476 968 590 1009; x_wconf 91' lang='lat' dir='ltr'>edere</span> <span class='ocrx_word' id='word_1_103' title='bbox 612 969 653 1009; x_wconf 91' lang='lat' dir='ltr'>et</span> <span class='ocrx_word' id='word_1_104' title='bbox 675 969 927 1009; x_wconf 86' lang='lat' dir='ltr'>contrectare</span> <span class='ocrx_word' id='word_1_105' title='bbox 947 980 1026 1009; x_wconf 88' lang='lat' dir='ltr'>non</span> <span class='ocrx_word' id='word_1_106' title='bbox 1047 967 1205 1021; x_wconf 74' lang='lat' dir='ltr'>potuit7</span> <span class='ocrx_word' id='word_1_107' title='bbox 1239 967 1413 1009; x_wconf 91' lang='lat' dir='ltr'>cinerem</span> <span class='ocrx_word' id='word_1_108' title='bbox 1435 967 1539 1009; x_wconf 88' lang='lat' dir='ltr'>ferre</span> <span class='ocrx_word' id='word_1_109' title='bbox 1568 980 1610 1009; x_wconf 91' lang='lat' dir='ltr'>se</span> <span class='ocrx_word' id='word_1_110' title='bbox 1640 968 1792 1021; x_wconf 90' lang='lat' dir='ltr'>apertis</span> 
     </span>
     <span class='ocr_line' id='line_1_13' title="bbox 286 1037 1793 1078; baseline -0.001 0"><span class='ocrx_word' id='word_1_111' title='bbox 286 1037 476 1078; x_wconf 88' lang='lat' dir='ltr'>manibus</span> <span class='ocrx_word' id='word_1_112' title='bbox 498 1037 668 1078; x_wconf 87' lang='lat' dir='ltr'>inuenit.</span> <span class='ocrx_word' id='word_1_113' title='bbox 702 1037 945 1078; x_wconf 87' lang='lat' dir='ltr'>documento</span> <span class='ocrx_word' id='word_1_114' title='bbox 974 1037 1095 1078; x_wconf 87' lang='lat' dir='ltr'>unius</span> <span class='ocrx_word' id='word_1_115' title='bbox 1117 1038 1324 1078; x_wconf 89' lang='lat' dir='ltr'>ostensum</span> <span class='ocrx_word' id='word_1_116' title='bbox 1356 1038 1417 1078; x_wconf 91' lang='lat' dir='ltr'>est</span> <span class='ocrx_word' id='word_1_117' title='bbox 1437 1037 1661 1078; x_wconf 90' lang='lat' dir='ltr'>Dominum</span> <span class='ocrx_word' id='word_1_118' title='bbox 1682 1048 1793 1078; x_wconf 90' lang='lat' dir='ltr'>rece—</span> 
     </span>
     <span class='ocr_line' id='line_1_14' title="bbox 285 1105 1790 1160; baseline 0 -13"><span class='ocrx_word' id='word_1_119' title='bbox 285 1106 379 1147; x_wconf 87' lang='lat' dir='ltr'>dere</span> <span class='ocrx_word' id='word_1_120' title='bbox 401 1119 495 1147; x_wconf 90' lang='lat' dir='ltr'>cum</span> <span class='ocrx_word' id='word_1_121' title='bbox 516 1107 692 1160; x_wconf 86' lang='lat' dir='ltr'>negatur</span> <span class='ocrx_word' id='word_1_122' title='bbox 712 1118 785 1147; x_wconf 89' lang='lat' dir='ltr'>nec</span> <span class='ocrx_word' id='word_1_123' title='bbox 807 1106 1024 1147; x_wconf 90' lang='lat' dir='ltr'>inmerenti</span> <span class='ocrx_word' id='word_1_124' title='bbox 1047 1106 1098 1147; x_wconf 86' lang='lat' dir='ltr'>ad</span> <span class='ocrx_word' id='word_1_125' title='bbox 1120 1106 1297 1147; x_wconf 89' lang='lat' dir='ltr'>salutem</span> <span class='ocrx_word' id='word_1_126' title='bbox 1318 1106 1509 1159; x_wconf 86' lang='lat' dir='ltr'>prodesse</span> <span class='ocrx_word' id='word_1_127' title='bbox 1531 1105 1638 1159; x_wconf 89' lang='lat' dir='ltr'>quod</span> <span class='ocrx_word' id='word_1_128' title='bbox 1659 1107 1790 1147; x_wconf 89' lang='lat' dir='ltr'>sumi-</span> 
     </span>
     <span class='ocr_line' id='line_1_15' title="bbox 284 1174 1790 1230; baseline 0 -14"><span class='ocrx_word' id='word_1_129' title='bbox 284 1177 373 1223; x_wconf 79' lang='lat' dir='ltr'>tur,</span> <span class='ocrx_word' id='word_1_130' title='bbox 408 1175 567 1228; x_wconf 89' lang='lat' dir='ltr'>quando</span> <span class='ocrx_word' id='word_1_131' title='bbox 590 1175 725 1229; x_wconf 88' lang='lat' dir='ltr'>gratia</span> <span class='ocrx_word' id='word_1_132' title='bbox 745 1174 939 1216; x_wconf 87' lang='lat' dir='ltr'>salutaris</span> <span class='ocrx_word' id='word_1_133' title='bbox 961 1175 1003 1216; x_wconf 92' lang='grc'>111</span> <span class='ocrx_word' id='word_1_134' title='bbox 1025 1175 1202 1217; x_wconf 88' lang='lat' dir='ltr'>cinerem</span> <span class='ocrx_word' id='word_1_135' title='bbox 1224 1177 1364 1216; x_wconf 88' lang='lat' dir='ltr'>sancto</span> <span class='ocrx_word' id='word_1_136' title='bbox 1386 1175 1572 1230; x_wconf 86' lang='lat' dir='ltr'>fugiente</span> <span class='ocrx_word' id='word_1_137' title='bbox 1593 1177 1790 1216; x_wconf 89' lang='lat' dir='ltr'>mutetur.</span> 
     </span>
     <span class='ocr_line' id='line_1_16' title="bbox 286 1244 1840 1298; baseline 0.001 -15"><span class='ocrx_word' id='word_1_138' title='bbox 286 1257 409 1296; x_wconf 83' lang='lat' dir='ltr'>quam</span> <span class='ocrx_word' id='word_1_139' title='bbox 430 1244 555 1285; x_wconf 90' lang='lat' dir='ltr'>multi</span> <span class='ocrx_word' id='word_1_140' title='bbox 578 1244 747 1286; x_wconf 80' lang='lat' dir='ltr'>cottidie</span> <span class='ocrx_word' id='word_1_141' title='bbox 769 1244 977 1285; x_wconf 86' lang='lat' dir='ltr'>inmundis</span> <span class='ocrx_word' id='word_1_142' title='bbox 995 1244 1209 1298; x_wconf 84' lang='lat' dir='ltr'>spiritibus</span> <span class='ocrx_word' id='word_1_143' title='bbox 1227 1244 1502 1298; x_wconf 83' lang='lat' dir='ltr'>adinplentur‚</span> <span class='ocrx_word' id='word_1_144' title='bbox 1524 1257 1647 1297; x_wconf 87' lang='lat' dir='ltr'>quam</span> <span class='ocrx_word' id='word_1_145' title='bbox 1668 1244 1792 1286; x_wconf 87' lang='lat' dir='ltr'>multi</span> <span class='ocrx_word' id='word_1_146' title='bbox 1807 1259 1840 1284; x_wconf 89' lang='lat'>15</span> 
     </span>
     <span class='ocr_line' id='line_1_17' title="bbox 286 1313 1791 1366; baseline 0 -12"><span class='ocrx_word' id='word_1_147' title='bbox 286 1326 412 1366; x_wconf 88' lang='lat' dir='ltr'>usque</span> <span class='ocrx_word' id='word_1_148' title='bbox 435 1314 486 1355; x_wconf 85' lang='lat' dir='ltr'>ad</span> <span class='ocrx_word' id='word_1_149' title='bbox 508 1313 711 1355; x_wconf 86' lang='lat' dir='ltr'>insaniam</span> <span class='ocrx_word' id='word_1_150' title='bbox 733 1314 883 1355; x_wconf 88' lang='lat' dir='ltr'>mentis</span> <span class='ocrx_word' id='word_1_151' title='bbox 906 1314 1094 1355; x_wconf 82' lang='lat' dir='ltr'>excordes</span> <span class='ocrx_word' id='word_1_152' title='bbox 1123 1313 1352 1355; x_wconf 86' lang='lat' dir='ltr'>dementiae</span> <span class='ocrx_word' id='word_1_153' title='bbox 1374 1313 1507 1354; x_wconf 83' lang='lat' dir='ltr'>furore</span> <span class='ocrx_word' id='word_1_154' title='bbox 1530 1313 1791 1365; x_wconf 82' lang='lat' dir='ltr'>quatiuntur!</span> 
     </span>
     <span class='ocr_line' id='line_1_18' title="bbox 286 1382 1790 1437; baseline 0 -14"><span class='ocrx_word' id='word_1_155' title='bbox 286 1395 357 1423; x_wconf 89' lang='lat' dir='ltr'>nec</span> <span class='ocrx_word' id='word_1_156' title='bbox 379 1395 539 1424; x_wconf 88' lang='lat' dir='ltr'>necesse</span> <span class='ocrx_word' id='word_1_157' title='bbox 562 1384 623 1424; x_wconf 91' lang='lat' dir='ltr'>est</span> <span class='ocrx_word' id='word_1_158' title='bbox 645 1383 702 1424; x_wconf 91' lang='lat' dir='ltr'>ire</span> <span class='ocrx_word' id='word_1_159' title='bbox 724 1396 796 1436; x_wconf 86' lang='lat' dir='ltr'>per</span> <span class='ocrx_word' id='word_1_160' title='bbox 817 1383 950 1424; x_wconf 80' lang='lat' dir='ltr'>exitus</span> <span class='ocrx_word' id='word_1_161' title='bbox 972 1383 1229 1437; x_wconf 89' lang='lat' dir='ltr'>singulorum</span> <span class='ocrx_word' id='word_1_162' title='bbox 1244 1416 1253 1433; x_wconf 75' lang='grc'><em>,</em></span> <span class='ocrx_word' id='word_1_163' title='bbox 1287 1396 1379 1424; x_wconf 87' lang='lat' dir='ltr'>cum</span> <span class='ocrx_word' id='word_1_164' title='bbox 1401 1396 1472 1436; x_wconf 88' lang='lat' dir='ltr'>per</span> <span class='ocrx_word' id='word_1_165' title='bbox 1503 1382 1612 1424; x_wconf 89' lang='lat' dir='ltr'>orbis</span> <span class='ocrx_word' id='word_1_166' title='bbox 1644 1382 1790 1424; x_wconf 90' lang='lat' dir='ltr'>multi-</span> 
     </span>
     <span class='ocr_line' id='line_1_19' title="bbox 286 1451 1793 1505; baseline 0.001 -14"><span class='ocrx_word' id='word_1_167' title='bbox 286 1451 435 1493; x_wconf 84' lang='lat' dir='ltr'>formes</span> <span class='ocrx_word' id='word_1_168' title='bbox 467 1452 605 1492; x_wconf 85' lang='lat' dir='ltr'>ruinas</span> <span class='ocrx_word' id='word_1_169' title='bbox 637 1453 725 1493; x_wconf 87' lang='lat' dir='ltr'>tam</span> <span class='ocrx_word' id='word_1_170' title='bbox 757 1451 1001 1493; x_wconf 85' lang='lat' dir='ltr'>delictorum</span> <span class='ocrx_word' id='word_1_171' title='bbox 1032 1465 1159 1505; x_wconf 87' lang='lat' dir='ltr'>poena</span> <span class='ocrx_word' id='word_1_172' title='bbox 1191 1452 1246 1494; x_wconf 90' lang='lat' dir='ltr'>sit</span> <span class='ocrx_word' id='word_1_173' title='bbox 1277 1453 1393 1494; x_wconf 90' lang='lat' dir='ltr'>uaria</span> <span class='ocrx_word' id='word_1_174' title='bbox 1414 1465 1537 1505; x_wconf 88' lang='lat' dir='ltr'>quam</span> <span class='ocrx_word' id='word_1_175' title='bbox 1558 1451 1793 1504; x_wconf 89' lang='lat' dir='ltr'>delinquen-</span> 
     </span>
     <span class='ocr_line' id='line_1_20' title="bbox 285 1520 1793 1574; baseline 0.001 -14"><span class='ocrx_word' id='word_1_176' title='bbox 285 1520 394 1561; x_wconf 89' lang='lat' dir='ltr'>tium</span> <span class='ocrx_word' id='word_1_177' title='bbox 416 1520 642 1562; x_wconf 88' lang='lat' dir='ltr'>multitudo</span> <span class='ocrx_word' id='word_1_178' title='bbox 664 1534 890 1563; x_wconf 88' lang='lat' dir='ltr'>numerosa.</span> <span class='ocrx_word' id='word_1_179' title='bbox 915 1522 1192 1574; x_wconf 84' lang='lat' dir='ltr'>unusquisque</span> <span class='ocrx_word' id='word_1_180' title='bbox 1214 1522 1440 1563; x_wconf 84' lang='lat' dir='ltr'>consideret</span> <span class='ocrx_word' id='word_1_181' title='bbox 1466 1534 1545 1563; x_wconf 86' lang='lat' dir='ltr'>non</span> <span class='ocrx_word' id='word_1_182' title='bbox 1568 1521 1666 1574; x_wconf 86' lang='lat' dir='ltr'>quid</span> <span class='ocrx_word' id='word_1_183' title='bbox 1688 1521 1793 1562; x_wconf 90' lang='lat' dir='ltr'>alius</span> 
     </span>
     <span class='ocr_line' id='line_1_21' title="bbox 284 1590 1840 1644; baseline 0.003 -14"><span class='ocrx_word' id='word_1_184' title='bbox 284 1601 428 1642; x_wconf 87' lang='lat' dir='ltr'>passus</span> <span class='ocrx_word' id='word_1_185' title='bbox 451 1590 506 1631; x_wconf 89' lang='lat' dir='ltr'>sit</span> <span class='ocrx_word' id='word_1_186' title='bbox 527 1590 597 1631; x_wconf 87' lang='lat' dir='ltr'>sed</span> <span class='ocrx_word' id='word_1_187' title='bbox 619 1590 716 1643; x_wconf 86' lang='lat' dir='ltr'>quid</span> <span class='ocrx_word' id='word_1_188' title='bbox 746 1590 833 1643; x_wconf 88' lang='lat' dir='ltr'>pati</span> <span class='ocrx_word' id='word_1_189' title='bbox 864 1592 905 1631; x_wconf 91' lang='lat' dir='ltr'>et</span> <span class='ocrx_word' id='word_1_190' title='bbox 933 1590 1019 1644; x_wconf 88' lang='lat' dir='ltr'>ipse</span> <span class='ocrx_word' id='word_1_191' title='bbox 1040 1592 1259 1640; x_wconf 80' lang='lat' dir='ltr'>mereatur,</span> <span class='ocrx_word' id='word_1_192' title='bbox 1282 1603 1355 1632; x_wconf 88' lang='lat' dir='ltr'>nec</span> <span class='ocrx_word' id='word_1_193' title='bbox 1376 1591 1554 1633; x_wconf 88' lang='lat' dir='ltr'>euasisse</span> <span class='ocrx_word' id='word_1_194' title='bbox 1575 1603 1616 1632; x_wconf 89' lang='lat' dir='ltr'>se</span> <span class='ocrx_word' id='word_1_195' title='bbox 1639 1590 1791 1641; x_wconf 81' lang='lat' dir='ltr'>credat,</span> <span class='ocrx_word' id='word_1_196' title='bbox 1806 1609 1840 1635; x_wconf 88' lang='lat'>20</span> 
     </span>
     <span class='ocr_line' id='line_1_22' title="bbox 285 1658 1791 1714; baseline 0.003 -16"><span class='ocrx_word' id='word_1_197' title='bbox 285 1658 319 1698; x_wconf 87' lang='lat' dir='ltr'>si</span> <span class='ocrx_word' id='word_1_198' title='bbox 341 1670 434 1699; x_wconf 91' lang='lat' dir='ltr'>eum</span> <span class='ocrx_word' id='word_1_199' title='bbox 457 1658 624 1700; x_wconf 87' lang='lat' dir='ltr'>int-erim</span> <span class='ocrx_word' id='word_1_200' title='bbox 646 1671 773 1712; x_wconf 87' lang='lat' dir='ltr'>poena</span> <span class='ocrx_word' id='word_1_201' title='bbox 796 1659 1029 1709; x_wconf 76' lang='lat' dir='ltr'>distulerit,</span> <span class='ocrx_word' id='word_1_202' title='bbox 1062 1672 1155 1701; x_wconf 89' lang='lat' dir='ltr'>cum</span> <span class='ocrx_word' id='word_1_203' title='bbox 1191 1660 1337 1701; x_wconf 89' lang='lat' dir='ltr'>timere</span> <span class='ocrx_word' id='word_1_204' title='bbox 1370 1661 1463 1714; x_wconf 86' lang='lat' dir='ltr'>plus</span> <span class='ocrx_word' id='word_1_205' title='bbox 1500 1661 1648 1702; x_wconf 85' lang='lat' dir='ltr'>debeat</span> <span class='ocrx_word' id='word_1_206' title='bbox 1670 1673 1791 1713; x_wconf 89' lang='lat' dir='ltr'>quem</span> 
     </span>
     <span class='ocr_line' id='line_1_23' title="bbox 283 1727 930 1770; baseline 0.005 -4"><span class='ocrx_word' id='word_1_207' title='bbox 283 1727 362 1768; x_wconf 88' lang='lat' dir='ltr'>sibi</span> <span class='ocrx_word' id='word_1_208' title='bbox 384 1727 460 1768; x_wconf 87' lang='lat' dir='ltr'>Dei</span> <span class='ocrx_word' id='word_1_209' title='bbox 482 1728 631 1769; x_wconf 87' lang='lat' dir='ltr'>iudicis</span> <span class='ocrx_word' id='word_1_210' title='bbox 654 1728 711 1769; x_wconf 87' lang='lat' dir='ltr'>ira</span> <span class='ocrx_word' id='word_1_211' title='bbox 735 1728 930 1770; x_wconf 83' lang='lat' dir='ltr'>seruauit.</span> 
     </span>
    </p>

    <p class='ocr_par' dir='ltr' id='par_1_3' title="bbox 216 1796 1838 1991">
     <span class='ocr_line' id='line_1_24' title="bbox 216 1796 1792 1852; baseline 0.002 -15"><span class='ocrx_word' id='word_1_212' title='bbox 216 1796 266 1837; x_wconf 81' lang='lat'>27</span> <span class='ocrx_word' id='word_1_213' title='bbox 340 1796 424 1838; x_wconf 85' lang='lat' dir='ltr'>Nec</span> <span class='ocrx_word' id='word_1_214' title='bbox 447 1797 526 1838; x_wconf 85' lang='lat' dir='ltr'>sibi</span> <span class='ocrx_word' id='word_1_215' title='bbox 549 1810 626 1849; x_wconf 89' lang='lat' dir='ltr'>quo</span> <span class='ocrx_word' id='word_1_216' title='bbox 649 1798 784 1838; x_wconf 88' lang='lat' dir='ltr'>minus</span> <span class='ocrx_word' id='word_1_217' title='bbox 806 1800 932 1852; x_wconf 87' lang='lat' dir='ltr'>agant</span> <span class='ocrx_word' id='word_1_218' title='bbox 947 1799 1243 1852; x_wconf 85' lang='lat' dir='ltr'>paenitentiam</span> <span class='ocrx_word' id='word_1_219' title='bbox 1261 1799 1524 1841; x_wconf 86' lang='lat' dir='ltr'>blandiantur</span> <span class='ocrx_word' id='word_1_220' title='bbox 1542 1799 1611 1852; x_wconf 91' lang='lat' dir='ltr'>qui</span> <span class='ocrx_word' id='word_1_221' title='bbox 1629 1799 1706 1840; x_wconf 90' lang='lat' dir='ltr'>etsi</span> <span class='ocrx_word' id='word_1_222' title='bbox 1721 1811 1792 1840; x_wconf 89' lang='lat' dir='ltr'>ne-</span> 
     </span>
     <span class='ocr_line' id='line_1_25' title="bbox 285 1864 1789 1919; baseline 0.003 -14"><span class='ocrx_word' id='word_1_223' title='bbox 285 1864 419 1906; x_wconf 82' lang='lat' dir='ltr'>fandis</span> <span class='ocrx_word' id='word_1_224' title='bbox 442 1865 652 1907; x_wconf 85' lang='lat' dir='ltr'>sacrificiis</span> <span class='ocrx_word' id='word_1_225' title='bbox 674 1880 819 1908; x_wconf 85' lang='lat' dir='ltr'>manus</span> <span class='ocrx_word' id='word_1_226' title='bbox 841 1880 919 1908; x_wconf 87' lang='lat' dir='ltr'>non</span> <span class='ocrx_word' id='word_1_227' title='bbox 941 1868 1337 1919; x_wconf 82' lang='lat' dir='ltr'>contaminauerunt‚</span> <span class='ocrx_word' id='word_1_228' title='bbox 1359 1869 1513 1909; x_wconf 88' lang='lat' dir='ltr'>libellis</span> <span class='ocrx_word' id='word_1_229' title='bbox 1534 1871 1673 1910; x_wconf 86' lang='lat' dir='ltr'>tamen</span> <span class='ocrx_word' id='word_1_230' title='bbox 1695 1881 1789 1909; x_wconf 90' lang='lat' dir='ltr'>con-</span> 
     </span>
     <span class='ocr_line' id='line_1_26' title="bbox 284 1934 1838 1991; baseline 0.003 -17"><span class='ocrx_word' id='word_1_231' title='bbox 284 1934 499 1976; x_wconf 79' lang='lat' dir='ltr'>scientiam</span> <span class='ocrx_word' id='word_1_232' title='bbox 522 1935 786 1977; x_wconf 89' lang='lat' dir='ltr'>miscuerunt.</span> <span class='ocrx_word' id='word_1_233' title='bbox 812 1938 852 1977; x_wconf 88' lang='lat' dir='ltr'>et</span> <span class='ocrx_word' id='word_1_234' title='bbox 874 1936 947 1978; x_wconf 89' lang='lat' dir='ltr'>illa.</span> <span class='ocrx_word' id='word_1_235' title='bbox 968 1937 1163 1990; x_wconf 85' lang='lat' dir='ltr'>professio</span> <span class='ocrx_word' id='word_1_236' title='bbox 1185 1939 1247 1978; x_wconf 91' lang='lat' dir='ltr'>est</span> <span class='ocrx_word' id='word_1_237' title='bbox 1269 1937 1521 1991; x_wconf 73' lang='lat' dir='ltr'>denegantis,</span> <span class='ocrx_word' id='word_1_238' title='bbox 1545 1938 1788 1979; x_wconf 83' lang='lat' dir='ltr'>contestatio</span> <span class='ocrx_word' id='word_1_239' title='bbox 1804 1953 1838 1978; x_wconf 81' lang='lat'>25</span> 
     </span>
    </p>
   </div>
   <div class='ocr_carea' id='block_1_3' title="bbox 282 2084 1790 2599">
    <p class='ocr_par' dir='ltr' id='par_1_4' title="bbox 282 2084 1790 2599">
     <span class='ocr_line' id='line_1_27' title="bbox 353 2084 1789 2131; baseline 0.004 -14"><span class='ocrx_word' id='word_1_240' title='bbox 353 2084 375 2117; x_wconf 76' lang='lat'><strong>2</strong></span> <span class='ocrx_word' id='word_1_241' title='bbox 400 2084 494 2118; x_wconf 86' lang='lat' dir='ltr'>inter</span> <span class='ocrx_word' id='word_1_242' title='bbox 512 2095 533 2118; x_wconf 71' lang='lat' dir='ltr'>‘v</span> <span class='ocrx_word' id='word_1_243' title='bbox 605 2087 726 2128; x_wconf 82' lang='lat' dir='ltr'>pectus</span> <span class='ocrx_word' id='word_1_244' title='bbox 744 2087 953 2131; x_wconf 86' lang='lat' dir='ltr'>sanguinem</span> <span class='ocrx_word' id='word_1_245' title='bbox 970 2098 992 2122; x_wconf 75' lang='lat' dir='ltr'><em>v</em></span> <span class='ocrx_word' id='word_1_246' title='bbox 1061 2088 1082 2121; x_wconf 78' lang='lat'><strong>3</strong></span> <span class='ocrx_word' id='word_1_247' title='bbox 1100 2098 1284 2131; x_wconf 83' lang='lat' dir='ltr'>praessura</span> <span class='ocrx_word' id='word_1_248' title='bbox 1303 2088 1333 2122; x_wconf 88' lang='lat' dir='ltr'><strong><em>S</em></strong></span> <span class='ocrx_word' id='word_1_249' title='bbox 1337 2091 1346 2107; x_wconf 87' lang='lat'>¹</span> <span class='ocrx_word' id='word_1_250' title='bbox 1418 2088 1440 2122; x_wconf 85' lang='lat'>4</span> <span class='ocrx_word' id='word_1_251' title='bbox 1457 2090 1491 2122; x_wconf 88' lang='lat' dir='ltr'>ct</span> <span class='ocrx_word' id='word_1_252' title='bbox 1509 2099 1572 2123; x_wconf 83' lang='lat' dir='ltr'>om.</span> <span class='ocrx_word' id='word_1_253' title='bbox 1590 2089 1621 2123; x_wconf 87' lang='lat' dir='ltr'><strong><em>S</em></strong></span> <span class='ocrx_word' id='word_1_254' title='bbox 1687 2090 1710 2123; x_wconf 82' lang='lat'>5</span> <span class='ocrx_word' id='word_1_255' title='bbox 1726 2100 1789 2123; x_wconf 89' lang='lat' dir='ltr'>nec</span> 
     </span>
     <span class='ocr_line' id='line_1_28' title="bbox 284 2141 1788 2181; baseline 0.004 -7"><span class='ocrx_word' id='word_1_256' title='bbox 284 2151 328 2174; x_wconf 65' lang='lat' dir='ltr'>ea*</span> <span class='ocrx_word' id='word_1_257' title='bbox 345 2151 387 2174; x_wconf 88' lang='lat' dir='ltr'>ne</span> <span class='ocrx_word' id='word_1_258' title='bbox 405 2141 434 2175; x_wconf 91' lang='lat' dir='ltr'><strong><em>S</em></strong></span> <span class='ocrx_word' id='word_1_259' title='bbox 448 2152 492 2175; x_wconf 76' lang='lat' dir='ltr'>w.</span> <span class='ocrx_word' id='word_1_260' title='bbox 507 2144 532 2176; x_wconf 73' lang='lat'><em>2</em></span> <span class='ocrx_word' id='word_1_261' title='bbox 604 2143 624 2175; x_wconf 74' lang='grc' dir='ltr'>(ἰ</span> <span class='ocrx_word' id='word_1_262' title='bbox 652 2143 793 2177; x_wconf 85' lang='lat' dir='ltr'>fellerat</span> <span class='ocrx_word' id='word_1_263' title='bbox 811 2144 841 2178; x_wconf 85' lang='lat' dir='ltr'><strong><em>S</em></strong></span> <span class='ocrx_word' id='word_1_264' title='bbox 846 2146 854 2161; x_wconf 89' lang='lat'><em>¹</em></span> <span class='ocrx_word' id='word_1_265' title='bbox 927 2145 1106 2178; x_wconf 86' lang='lat' dir='ltr'>dominum</span> <span class='ocrx_word' id='word_1_266' title='bbox 1125 2145 1162 2180; x_wconf 99' lang='lat' dir='ltr'><em>R</em></span> <span class='ocrx_word' id='word_1_267' title='bbox 1232 2146 1343 2180; x_wconf 81' lang='lat' dir='ltr'>sentit</span> <span class='ocrx_word' id='word_1_268' title='bbox 1364 2146 1413 2180; x_wconf 83' lang='lat' dir='ltr'><strong><em>W</em></strong></span> <span class='ocrx_word' id='word_1_269' title='bbox 1417 2149 1425 2164; x_wconf 88' lang='lat'><strong>¹</strong></span> <span class='ocrx_word' id='word_1_270' title='bbox 1505 2147 1524 2180; x_wconf 78' lang='lat'><strong>7</strong></span> <span class='ocrx_word' id='word_1_271' title='bbox 1551 2148 1712 2180; x_wconf 80' lang='lat' dir='ltr'>sanctum</span> <span class='ocrx_word' id='word_1_272' title='bbox 1730 2147 1788 2181; x_wconf 85' lang='lat' dir='ltr'>do-</span> 
     </span>
     <span class='ocr_line' id='line_1_29' title="bbox 285 2198 1789 2249; baseline 0.005 -18"><span class='ocrx_word' id='word_1_273' title='bbox 285 2198 371 2231; x_wconf 90' lang='lat' dir='ltr'>mini</span> <span class='ocrx_word' id='word_1_274' title='bbox 390 2198 425 2232; x_wconf 85' lang='lat' dir='ltr'><em>R</em></span> <span class='ocrx_word' id='word_1_275' title='bbox 495 2200 674 2234; x_wconf 81' lang='lat' dir='ltr'>inmundis</span> <span class='ocrx_word' id='word_1_276' title='bbox 693 2201 747 2242; x_wconf 69' lang='lat'>5¹,</span> <span class='ocrx_word' id='word_1_277' title='bbox 767 2201 924 2246; x_wconf 83' lang='lat' dir='ltr'>indignis</span> <span class='ocrx_word' id='word_1_278' title='bbox 936 2202 1081 2241; x_wconf 70' lang='lat' dir='ltr'><em>S²WR</em></span> <span class='ocrx_word' id='word_1_279' title='bbox 1102 2204 1300 2247; x_wconf 87' lang='lat' dir='ltr'>inquinatis</span> <span class='ocrx_word' id='word_1_280' title='bbox 1324 2205 1358 2238; x_wconf 95' lang='lat' dir='ltr'><strong><em>V</em></strong></span> <span class='ocrx_word' id='word_1_281' title='bbox 1423 2206 1444 2237; x_wconf 65' lang='grc'>8</span> <span class='ocrx_word' id='word_1_282' title='bbox 1464 2206 1633 2248; x_wconf 28' lang='lat' dir='ltr'>ignemffi</span> <span class='ocrx_word' id='word_1_283' title='bbox 1646 2215 1789 2249; x_wconf 83' lang='lat' dir='ltr'>surgen-</span> 
     </span>
     <span class='ocr_line' id='line_1_30' title="bbox 284 2256 1790 2306; baseline 0.005 -18"><span class='ocrx_word' id='word_1_284' title='bbox 284 2258 356 2289; x_wconf 92' lang='lat' dir='ltr'>tem</span> <span class='ocrx_word' id='word_1_285' title='bbox 375 2256 417 2290; x_wconf 89' lang='lat' dir='ltr'>S¹</span> <span class='ocrx_word' id='word_1_286' title='bbox 504 2259 525 2290; x_wconf 69' lang='lat'><strong>9</strong></span> <span class='ocrx_word' id='word_1_287' title='bbox 551 2261 587 2291; x_wconf 81' lang='lat' dir='ltr'>et</span> <span class='ocrx_word' id='word_1_288' title='bbox 603 2259 696 2292; x_wconf 86' lang='lat' dir='ltr'>alius</span> <span class='ocrx_word' id='word_1_289' title='bbox 714 2261 774 2303; x_wconf 86' lang='lat' dir='ltr'>qui</span> <span class='ocrx_word' id='word_1_290' title='bbox 793 2260 1005 2302; x_wconf 61' lang='lat' dir='ltr'>Mammiae,</span> <span class='ocrx_word' id='word_1_291' title='bbox 1031 2263 1066 2295; x_wconf 86' lang='lat' dir='ltr'>et</span> <span class='ocrx_word' id='word_1_292' title='bbox 1083 2262 1143 2305; x_wconf 85' lang='lat' dir='ltr'>qui</span> <span class='ocrx_word' id='word_1_293' title='bbox 1162 2262 1253 2295; x_wconf 79' lang='lat' dir='ltr'>alius</span> <span class='ocrx_word' id='word_1_294' title='bbox 1268 2262 1367 2303; x_wconf 80' lang='lat' dir='ltr'>SW,</span> <span class='ocrx_word' id='word_1_295' title='bbox 1393 2265 1499 2306; x_wconf 85' lang='lat' dir='ltr'>atquc</span> <span class='ocrx_word' id='word_1_296' title='bbox 1515 2265 1550 2296; x_wconf 83' lang='lat' dir='ltr'>ct</span> <span class='ocrx_word' id='word_1_297' title='bbox 1568 2263 1658 2296; x_wconf 84' lang='lat' dir='ltr'>alius</span> <span class='ocrx_word' id='word_1_298' title='bbox 1677 2262 1730 2303; x_wconf 85' lang='lat' dir='ltr'>R,</span> <span class='ocrx_word' id='word_1_299' title='bbox 1755 2264 1790 2296; x_wconf 86' lang='lat' dir='ltr'>ct</span> 
     </span>
     <span class='ocr_line' id='line_1_31' title="bbox 283 2314 1789 2365; baseline 0.006 -19"><span class='ocrx_word' id='word_1_300' title='bbox 283 2314 427 2357; x_wconf 87' lang='lat' dir='ltr'>quidam</span> <span class='ocrx_word' id='word_1_301' title='bbox 446 2315 537 2349; x_wconf 85' lang='lat' dir='ltr'>alius</span> <span class='ocrx_word' id='word_1_302' title='bbox 556 2316 639 2360; x_wconf 87' lang='lat' dir='ltr'>quia</span> <span class='ocrx_word' id='word_1_303' title='bbox 657 2318 854 2359; x_wconf 64' lang='lat' dir='ltr'>Ralzaeius,</span> <span class='ocrx_word' id='word_1_304' title='bbox 873 2320 907 2352; x_wconf 88' lang='lat' dir='ltr'>et</span> <span class='ocrx_word' id='word_1_305' title='bbox 925 2319 1007 2362; x_wconf 85' lang='lat' dir='ltr'>quia</span> <span class='ocrx_word' id='word_1_306' title='bbox 1026 2320 1117 2353; x_wconf 81' lang='lat' dir='ltr'>alius</span> <span class='ocrx_word' id='word_1_307' title='bbox 1135 2320 1344 2365; x_wconf 67' lang='lat' dir='ltr'>Krabinyer</span> <span class='ocrx_word' id='word_1_308' title='bbox 1431 2321 1473 2354; x_wconf 81' lang='grc'>10</span> <span class='ocrx_word' id='word_1_309' title='bbox 1491 2321 1656 2364; x_wconf 84' lang='lat' dir='ltr'>latenter]</span> <span class='ocrx_word' id='word_1_310' title='bbox 1675 2320 1789 2355; x_wconf 90' lang='lat' dir='ltr'>liben-</span> 
     </span>
     <span class='ocr_line' id='line_1_32' title="bbox 282 2372 1788 2413; baseline 0.005 -9"><span class='ocrx_word' id='word_1_311' title='bbox 282 2374 336 2405; x_wconf 87' lang='lat' dir='ltr'>ter</span> <span class='ocrx_word' id='word_1_312' title='bbox 355 2372 383 2406; x_wconf 98' lang='lat' dir='ltr'><strong><em>S</em></strong></span> <span class='ocrx_word' id='word_1_313' title='bbox 454 2373 495 2406; x_wconf 86' lang='lat'>11</span> <span class='ocrx_word' id='word_1_314' title='bbox 521 2385 556 2407; x_wconf 85' lang='lat' dir='ltr'>sc</span> <span class='ocrx_word' id='word_1_315' title='bbox 573 2374 664 2407; x_wconf 84' lang='lat' dir='ltr'>ferre</span> <span class='ocrx_word' id='word_1_316' title='bbox 682 2375 718 2409; x_wconf 82' lang='lat' dir='ltr'><em>R</em></span> <span class='ocrx_word' id='word_1_317' title='bbox 790 2376 832 2409; x_wconf 89' lang='lat'>13</span> <span class='ocrx_word' id='word_1_318' title='bbox 858 2377 1113 2411; x_wconf 83' lang='lat' dir='ltr'>inmerentibus</span> <span class='ocrx_word' id='word_1_319' title='bbox 1135 2378 1242 2412; x_wconf 71' lang='lat' dir='ltr'>WRc</span> <span class='ocrx_word' id='word_1_320' title='bbox 1320 2380 1362 2412; x_wconf 83' lang='lat'>14</span> <span class='ocrx_word' id='word_1_321' title='bbox 1389 2379 1424 2412; x_wconf 90' lang='lat' dir='ltr'>in</span> <span class='ocrx_word' id='word_1_322' title='bbox 1444 2380 1558 2412; x_wconf 80' lang='lat' dir='ltr'>cinere</span> <span class='ocrx_word' id='word_1_323' title='bbox 1575 2390 1619 2412; x_wconf 62' lang='lat' dir='ltr'>esc</span> <span class='ocrx_word' id='word_1_324' title='bbox 1636 2378 1788 2413; x_wconf 85' lang='lat' dir='ltr'>incidere</span> 
     </span>
     <span class='ocr_line' id='line_1_33' title="bbox 283 2429 1786 2481; baseline 0.005 -18"><span class='ocrx_word' id='word_1_325' title='bbox 283 2429 313 2463; x_wconf 87' lang='lat' dir='ltr'><strong><em>S</em></strong></span> <span class='ocrx_word' id='word_1_326' title='bbox 327 2440 370 2464; x_wconf 83' lang='lat' dir='ltr'>m.</span> <span class='ocrx_word' id='word_1_327' title='bbox 387 2432 413 2464; x_wconf 73' lang='lat'><em>2</em></span> <span class='ocrx_word' id='word_1_328' title='bbox 484 2433 605 2466; x_wconf 87' lang='lat' dir='ltr'>sancto</span> <span class='ocrx_word' id='word_1_329' title='bbox 623 2443 667 2466; x_wconf 58' lang='grc' dir='ltr'>αι’</span> <span class='ocrx_word' id='word_1_330' title='bbox 685 2435 844 2467; x_wconf 85' lang='lat' dir='ltr'>sanctum</span> <span class='ocrx_word' id='word_1_331' title='bbox 864 2435 900 2475; x_wconf 74' lang='lat' dir='ltr'>S,</span> <span class='ocrx_word' id='word_1_332' title='bbox 921 2435 1227 2471; x_wconf 68' lang='lat' dir='ltr'>sanctitateWRc</span> <span class='ocrx_word' id='word_1_333' title='bbox 1298 2438 1458 2471; x_wconf 84' lang='lat' dir='ltr'>mutatur</span> <span class='ocrx_word' id='word_1_334' title='bbox 1473 2449 1494 2472; x_wconf 80' lang='lat' dir='ltr'><em>v</em></span> <span class='ocrx_word' id='word_1_335' title='bbox 1566 2438 1608 2471; x_wconf 83' lang='lat'>15</span> <span class='ocrx_word' id='word_1_336' title='bbox 1625 2437 1786 2481; x_wconf 80' lang='lat' dir='ltr'>cottidie]</span> 
     </span>
     <span class='ocr_line' id='line_1_34' title="bbox 282 2486 1787 2536; baseline 0.007 -18"><span class='ocrx_word' id='word_1_337' title='bbox 282 2486 368 2521; x_wconf 70' lang='lat' dir='ltr'>aad.</span> <span class='ocrx_word' id='word_1_338' title='bbox 388 2488 461 2522; x_wconf 72' lang='lat' dir='ltr'>Rc:</span> <span class='ocrx_word' id='word_1_339' title='bbox 487 2489 742 2531; x_wconf 81' lang='lat' dir='ltr'>poenitent-iam</span> <span class='ocrx_word' id='word_1_340' title='bbox 769 2502 836 2525; x_wconf 90' lang='lat' dir='ltr'>non</span> <span class='ocrx_word' id='word_1_341' title='bbox 862 2495 1007 2536; x_wconf 84' lang='lat' dir='ltr'>agentes</span> <span class='ocrx_word' id='word_1_342' title='bbox 1032 2504 1093 2527; x_wconf 89' lang='lat' dir='ltr'>ncc</span> <span class='ocrx_word' id='word_1_343' title='bbox 1119 2493 1241 2527; x_wconf 75' lang='lat' dir='ltr'>delicti</span> <span class='ocrx_word' id='word_1_344' title='bbox 1268 2495 1322 2527; x_wconf 81' lang='lat' dir='ltr'>sui</span> <span class='ocrx_word' id='word_1_345' title='bbox 1349 2495 1597 2529; x_wconf 75' lang='lat' dir='ltr'>conscientiam</span> <span class='ocrx_word' id='word_1_346' title='bbox 1624 2495 1787 2530; x_wconf 87' lang='lat' dir='ltr'>confiten-</span> 
     </span>
     <span class='ocr_line' id='line_1_35' title="bbox 283 2546 1783 2599; baseline 0.007 -22"><span class='ocrx_word' id='word_1_347' title='bbox 283 2546 336 2577; x_wconf 73' lang='lat' dir='ltr'>tes</span> <span class='ocrx_word' id='word_1_348' title='bbox 424 2546 621 2590; x_wconf 76' lang='lat' dir='ltr'>implentur</span> <span class='ocrx_word' id='word_1_349' title='bbox 639 2547 675 2581; x_wconf 83' lang='lat' dir='ltr'><em>R</em></span> <span class='ocrx_word' id='word_1_350' title='bbox 758 2559 863 2593; x_wconf 85' lang='lat' dir='ltr'>quam</span> <span class='ocrx_word' id='word_1_351' title='bbox 881 2550 987 2583; x_wconf 90' lang='lat' dir='ltr'>multi</span> <span class='ocrx_word' id='word_1_352' title='bbox 1006 2551 1127 2595; x_wconf 74' lang='lat' dir='ltr'>usquc]</span> <span class='ocrx_word' id='word_1_353' title='bbox 1147 2562 1325 2595; x_wconf 76' lang='lat' dir='ltr'>quousque</span> <span class='ocrx_word' id='word_1_354' title='bbox 1343 2553 1379 2587; x_wconf 88' lang='lat' dir='ltr'><em>R</em></span> <span class='ocrx_word' id='word_1_355' title='bbox 1467 2553 1508 2587; x_wconf 71' lang='lat'>17</span> <span class='ocrx_word' id='word_1_356' title='bbox 1535 2554 1783 2599; x_wconf 81' lang='lat' dir='ltr'>multiformes]</span> 
     </span>
    </p>
   </div>
   <div class='ocr_carea' id='block_1_4' title="bbox 282 2603 1786 2710">
    <p class='ocr_par' dir='ltr' id='par_1_5' title="bbox 282 2603 1786 2710">
     <span class='ocr_line' id='line_1_36' title="bbox 283 2603 1720 2654; baseline 0.006 -18"><span class='ocrx_word' id='word_1_357' title='bbox 283 2603 503 2647; x_wconf 65' lang='lat' dir='ltr'>singulorum</span> <span class='ocrx_word' id='word_1_358' title='bbox 523 2605 553 2639; x_wconf 90' lang='lat' dir='ltr'><strong><em>S</em></strong></span> <span class='ocrx_word' id='word_1_359' title='bbox 656 2608 698 2640; x_wconf 69' lang='lat'>19</span> <span class='ocrx_word' id='word_1_360' title='bbox 724 2619 848 2652; x_wconf 83' lang='lat' dir='ltr'>unusq.</span> <span class='ocrx_word' id='word_1_361' title='bbox 874 2609 934 2643; x_wconf 87' lang='lat' dir='ltr'>W¹</span> <span class='ocrx_word' id='word_1_362' title='bbox 1041 2610 1083 2643; x_wconf 69' lang='lat'>21</span> <span class='ocrx_word' id='word_1_363' title='bbox 1111 2610 1189 2653; x_wconf 69' lang='lat' dir='ltr'>plus</span> <span class='ocrx_word' id='word_1_364' title='bbox 1207 2610 1331 2644; x_wconf 70' lang='lat' dir='ltr'>timere</span> <span class='ocrx_word' id='word_1_365' title='bbox 1357 2611 1418 2652; x_wconf 81' lang='lat' dir='ltr'>W,</span> <span class='ocrx_word' id='word_1_366' title='bbox 1445 2611 1571 2645; x_wconf 85' lang='lat' dir='ltr'>timere</span> <span class='ocrx_word' id='word_1_367' title='bbox 1588 2612 1666 2654; x_wconf 84' lang='lat' dir='ltr'>pius</span> <span class='ocrx_word' id='word_1_368' title='bbox 1685 2612 1720 2646; x_wconf 92' lang='lat' dir='ltr'><em>R</em></span> 
     </span>
     <span class='ocr_line' id='line_1_37' title="bbox 282 2662 1786 2710; baseline 0.005 -15"><span class='ocrx_word' id='word_1_369' title='bbox 282 2662 398 2706; x_wconf 79' lang='lat' dir='ltr'>quem]</span> <span class='ocrx_word' id='word_1_370' title='bbox 425 2662 509 2706; x_wconf 85' lang='lat' dir='ltr'>quia</span> <span class='ocrx_word' id='word_1_371' title='bbox 533 2674 609 2697; x_wconf 79' lang='lat' dir='ltr'>cnm</span> <span class='ocrx_word' id='word_1_372' title='bbox 637 2676 681 2698; x_wconf 64' lang='lat' dir='ltr'>ea*</span> <span class='ocrx_word' id='word_1_373' title='bbox 705 2676 807 2709; x_wconf 81' lang='lat' dir='ltr'>quam</span> <span class='ocrx_word' id='word_1_374' title='bbox 834 2666 864 2699; x_wconf 87' lang='lat' dir='ltr'><strong><em>S</em></strong></span> <span class='ocrx_word' id='word_1_375' title='bbox 877 2678 920 2700; x_wconf 75' lang='lat' dir='ltr'>m.</span> <span class='ocrx_word' id='word_1_376' title='bbox 939 2670 962 2702; x_wconf 52' lang='grc' dir='ltr'>Α)</span> <span class='ocrx_word' id='word_1_377' title='bbox 1077 2668 1122 2701; x_wconf 74' lang='lat'>22</span> <span class='ocrx_word' id='word_1_378' title='bbox 1148 2668 1201 2700; x_wconf 85' lang='lat' dir='ltr'>ira</span> <span class='ocrx_word' id='word_1_379' title='bbox 1220 2669 1392 2710; x_wconf 64' lang='lat' dir='ltr'>NJVRV,</span> <span class='ocrx_word' id='word_1_380' title='bbox 1419 2679 1563 2702; x_wconf 74' lang='lat' dir='ltr'>censura</span> <span class='ocrx_word' id='word_1_381' title='bbox 1587 2681 1607 2703; x_wconf 69' lang='lat' dir='ltr'>rv</span> <span class='ocrx_word' id='word_1_382' title='bbox 1717 2680 1786 2702; x_wconf 85' lang='lat' dir='ltr'>ser-</span> 
     </span>
    </p>
   </div>
   <div class='ocr_carea' id='block_1_5' title="bbox 283 2719 1719 2826">
    <p class='ocr_par' dir='ltr' id='par_1_6' title="bbox 283 2719 1719 2826">
     <span class='ocr_line' id='line_1_38' title="bbox 283 2719 1719 2770; baseline 0.006 -18"><span class='ocrx_word' id='word_1_383' title='bbox 283 2719 385 2753; x_wconf 82' lang='lat' dir='ltr'>uabit</span> <span class='ocrx_word' id='word_1_384' title='bbox 400 2720 435 2754; x_wconf 82' lang='lat' dir='ltr'><em>R</em></span> <span class='ocrx_word' id='word_1_385' title='bbox 503 2721 547 2756; x_wconf 80' lang='lat'>‘23</span> <span class='ocrx_word' id='word_1_386' title='bbox 565 2723 687 2767; x_wconf 80' lang='lat' dir='ltr'>agant]</span> <span class='ocrx_word' id='word_1_387' title='bbox 707 2724 879 2767; x_wconf 82' lang='lat' dir='ltr'>agendam</span> <span class='ocrx_word' id='word_1_388' title='bbox 895 2724 930 2758; x_wconf 89' lang='lat' dir='ltr'><em>R</em></span> <span class='ocrx_word' id='word_1_389' title='bbox 1001 2725 1206 2759; x_wconf 84' lang='lat' dir='ltr'>blandiatur</span> <span class='ocrx_word' id='word_1_390' title='bbox 1220 2726 1255 2760; x_wconf 81' lang='lat' dir='ltr'><em>R</em></span> <span class='ocrx_word' id='word_1_391' title='bbox 1327 2727 1384 2769; x_wconf 84' lang='lat' dir='ltr'>qui</span> <span class='ocrx_word' id='word_1_392' title='bbox 1405 2737 1449 2760; x_wconf 56' lang='lat' dir='ltr'>ese</span> <span class='ocrx_word' id='word_1_393' title='bbox 1466 2738 1569 2770; x_wconf 80' lang='lat' dir='ltr'>qnam</span> <span class='ocrx_word' id='word_1_394' title='bbox 1591 2728 1620 2759; x_wconf 78' lang='lat' dir='ltr'><strong><em>S</em></strong></span> <span class='ocrx_word' id='word_1_395' title='bbox 1634 2738 1677 2760; x_wconf 69' lang='lat' dir='ltr'>rm.</span> <span class='ocrx_word' id='word_1_396' title='bbox 1694 2728 1719 2760; x_wconf 76' lang='lat'><em>2</em></span> 
     </span>
     <span class='ocr_line' id='line_1_39' title="bbox 283 2777 1719 2826; baseline 0.007 -17"><span class='ocrx_word' id='word_1_397' title='bbox 283 2777 423 2811; x_wconf 64' lang='lat' dir='ltr'>nefandi</span> <span class='ocrx_word' id='word_1_398' title='bbox 442 2778 654 2814; x_wconf 77' lang='lat' dir='ltr'>sacrificiiR</span> <span class='ocrx_word' id='word_1_399' title='bbox 724 2781 768 2814; x_wconf 66' lang='lat'>‘25</span> <span class='ocrx_word' id='word_1_400' title='bbox 793 2781 1010 2816; x_wconf 57' lang='lat' dir='ltr'>miscuerunt</span> <span class='ocrx_word' id='word_1_401' title='bbox 1029 2783 1072 2823; x_wconf 79' lang='lat' dir='ltr'>S,</span> <span class='ocrx_word' id='word_1_402' title='bbox 1098 2783 1300 2826; x_wconf 61' lang='lat' dir='ltr'>p‹&#39;›lluernnt</span> <span class='ocrx_word' id='word_1_403' title='bbox 1322 2785 1429 2819; x_wconf 72' lang='lat' dir='ltr'>WRr</span> <span class='ocrx_word' id='word_1_404' title='bbox 1507 2788 1560 2818; x_wconf 59' lang='lat' dir='ltr'>est</span> <span class='ocrx_word' id='word_1_405' title='bbox 1577 2796 1641 2821; x_wconf 79' lang='lat' dir='ltr'>om.</span> <span class='ocrx_word' id='word_1_406' title='bbox 1662 2787 1719 2821; x_wconf 67' lang='lat' dir='ltr'>Rc</span> 
     </span>
    </p>
   </div>
  </div>
 </body>
</html>
