1838 3152
188 207 273 247 414
718 206 910 241 Caecilii
937 208 1146 251 Cypriani

189 310 393 352 stitiam
423 311 551 361 eiuS‚
584 311 827 365 quoniam
850 311 993 353 Deus
1025 312 1176 354 iudex
1209 314 1298 354 est.
1332 314 1371 354 et
1393 314 1535 355 Esaias
1558 314 1699 357 eadem

188 379 451 432 praenuntiat
474 380 632 422 dicens:
666 393 778 423 ecce
820 381 952 423 enim
993 381 1239 423 Dominus
1278 382 1417 423 sicut
1447 383 1587 438 ignis
1620 396 1698 425 ue-

187 449 316 499 niet,
364 450 412 489 et
462 448 601 491 sicut
650 450 878 502 procella
925 461 1104 490 currus
1152 450 1260 491 eius
1307 451 1603 493 retribuere
1648 452 1699 493 in

188 518 264 558 ira
294 517 604 559 uindictam.
654 519 703 559 in
744 518 865 573 igne
908 519 1040 560 enim
1083 519 1288 560 Domini
1329 519 1700 561 iudicabuntur

189 588 237 628 et
278 586 327 627 in
370 587 547 641 gladio
590 587 701 629 eius
751 588 1188 629 uulnerabuntur.
1236 590 1275 630 et
1312 589 1483 630 iterum:
1531 589 1699 631 Domi·
1730 604 1744 629 5

188 669 278 698 nus
310 656 442 697 Deus
474 656 731 698 uirtutum
772 657 1001 709 prodibit
1042 659 1091 699 et
1131 658 1445 700 comminuet
1482 657 1698 706 bellum,

191 725 445 767 excitabit
501 727 760 767 certamen
825 727 872 768 et
937 726 1186 768 clamabit
1251 739 1400 780 super
1458 726 1700 768 inimicos

191 807 304 836 suos
345 806 452 835 cum
484 794 826 836 tortitudine:
879 796 1046 846 tacui,
1092 796 1341 848 numquid
1387 809 1585 851 semper
1630 796 1701 838 ta-

190 864 338 905 cebo?

123 946 175 987 23
249 931 350 983 Quis
375 933 513 974 autem
552 934 612 973 est
647 932 714 973 hic
748 932 817 985 qui
854 933 1032 974 tacuisse
1055 945 1095 974 se
1119 933 1232 987 prius
1256 933 1356 976 dicit
1380 935 1420 976 et
1441 947 1520 976 non
1542 947 1701 990 semper
1715 947 1747 972 10

191 1001 346 1043 tacebit
362 1004 381 1043 i>
413 1001 556 1055 utique
590 1002 661 1043 ille
697 1002 767 1054 qui
804 1002 912 1044 sicut
934 1002 1023 1044 ouis
1046 1003 1097 1044 ad
1120 1003 1338 1045 uictimam
1360 1005 1509 1046 ductus
1532 1005 1573 1046 et
1594 1005 1699 1047 sicut
1756 1057 1758 1059 ι

191 1083 320 1125 agnus
344 1083 481 1112 eoram
504 1072 696 1113 tondente
719 1072 805 1113 sine
827 1083 925 1113 uoce
947 1085 1026 1114 non
1048 1072 1209 1124 aperuit
1230 1084 1273 1114 os
1296 1085 1429 1114 suum.
1464 1073 1607 1126 utique
1629 1074 1701 1115 ille

192 1140 262 1193 qui
283 1151 361 1180 non
384 1140 580 1181 clamauit
602 1153 731 1193 neque
754 1141 796 1181 in
817 1141 967 1193 plateis
990 1153 1068 1182 uox
1090 1141 1176 1183 eius
1194 1141 1337 1183 audita
1359 1143 1431 1183 est.
1466 1142 1608 1195 utique
1630 1142 1701 1184 ille

192 1209 262 1262 qui
300 1221 379 1250 non
416 1208 497 1250 fuit
535 1210 754 1251 contumax
788 1222 919 1263 neque
956 1210 1226 1255 contradixit,
1276 1224 1370 1253 cum
1393 1211 1558 1252 dorsum
1580 1223 1700 1252 suum

192 1280 360 1332 poneret
382 1278 433 1320 ad
454 1278 619 1333 flagella
642 1279 682 1320 et
703 1279 895 1320 maxillas
927 1279 979 1321 ad
1012 1279 1193 1332 palmas,
1226 1279 1373 1321 faciem
1410 1280 1549 1322 autem
1586 1292 1702 1322 suam
1718 1295 1748 1320 15

192 1359 271 1389 non
294 1349 496 1389 auerteret
520 1361 543 1389 a
564 1347 761 1389 foeditate
785 1349 1014 1402 sputorum.
1049 1349 1190 1402 utique
1219 1348 1291 1389 ille
1321 1348 1391 1402 qui
1421 1361 1514 1390 cum
1537 1361 1703 1391 accusa-

193 1418 306 1458 retur
343 1430 365 1459 a
404 1417 686 1459 sacerdotibus
724 1419 764 1459 et
801 1417 1029 1459 senioribus
1061 1417 1167 1459 nihil
1202 1418 1412 1471 respondit
1449 1419 1489 1459 et
1526 1418 1703 1459 mirante

193 1487 332 1529 Pilato
354 1487 709 1540 patientissimum
732 1487 944 1530 silentium
967 1488 1113 1529 tenuit.
1149 1487 1215 1529 hic
1247 1488 1308 1529 est
1338 1488 1408 1540 qui
1431 1499 1523 1528 cum
1545 1487 1588 1528 in
1609 1499 1703 1539 pas-

195 1556 308 1598 sione
330 1556 505 1598 tacuerit
528 1557 570 1597 in
592 1557 749 1599 ultione
771 1556 1035 1611 postmodum
1069 1568 1147 1598 non
1186 1556 1354 1599 tacebit.
1394 1557 1460 1598 hic
1496 1556 1558 1598 est
1594 1556 1704 1598 Deus

193 1627 332 1667 noster
363 1625 403 1666 id
437 1627 498 1667 est
520 1638 599 1667 non
621 1626 806 1667 omniurn
829 1626 899 1668 sed
921 1625 1108 1667 fidelium
1132 1627 1171 1667 et
1195 1625 1448 1667 credentium
1472 1626 1601 1674 Deus,
1634 1624 1749 1677 qui20

195 1708 287 1738 cum
322 1696 366 1738 in
402 1697 576 1738 secundo
614 1697 795 1738 aduentu
833 1695 1079 1738 manifestus
1116 1696 1273 1738 uenerit
1304 1707 1382 1737 non
1419 1695 1570 1736 silebit.
1609 1707 1705 1736 nam

194 1777 287 1806 cum
324 1765 367 1807 in
401 1765 642 1808 humilitate
679 1765 792 1819 prius
828 1765 954 1807 fuerit
992 1765 1196 1808 occultus.
1245 1765 1384 1806 ueniet
1420 1765 1462 1806 in
1499 1765 1703 1817 potestate

194 1834 453 1877 manifestus.

126 1917 178 1957 24
253 1904 375 1945 Hunc
399 1905 679 1957 expectemus,
712 1904 859 1945 fratres
891 1902 1182 1952 dilectissimi,
1214 1902 1394 1944 iudicem
1426 1904 1467 1944 et
1498 1902 1704 1943 uindicem

195 1974 383 2015 nostrum
414 1974 606 2015 ecclesiae
638 1985 734 2014 suae
765 1973 965 2026 populum
1002 1974 1043 2014 et
1081 1971 1131 2013 ab
1168 1972 1286 2013 initio
1319 1972 1463 2014 mundi
1500 1972 1704 2013 iustorum
1717 1985 1748 2012 25

195 2043 380 2084 omnium
397 2055 617 2084 numerum
634 2054 772 2084 secum
789 2042 943 2096 pariter
964 2041 1285 2083 uindicaturum.
1312 2041 1382 2094 qui
1404 2042 1455 2083 ad
1477 2040 1704 2082 uindictam

196 2125 313 2154 suam
334 2112 511 2154 nimium
530 2112 700 2154 festinat
722 2113 763 2154 et
784 2114 993 2166 properat,
1033 2111 1261 2153 consideret
1297 2110 1393 2164 quia
1417 2111 1592 2152 necdum
1615 2110 1705 2151 uin-

196 2182 355 2224 dicatus
378 2182 439 2223 est
462 2181 548 2234 ipse
571 2182 641 2234 qui
663 2181 857 2222 uindicat.
895 2179 1025 2235 [pater
1042 2182 1152 2222 Deus
1175 2180 1381 2235 praecepit
1418 2179 1552 2222 filium
1586 2192 1706 2221 suum

334 2308 355 2341 2
382 2307 438 2340 Es.
459 2307 512 2347 ce,
535 2307 577 2340 15
597 2317 646 2350 sq.
720 2306 742 2340 3
767 2306 898 2340 1:542.
919 2306 961 2339 13
979 2317 1030 2350 sq.

266 2425 287 2458 :2
311 2423 520 2468 pronuntiat
542 2423 593 2457 W
677 2423 697 2456 6
722 2422 881 2466 prodiuit
904 2422 935 2456 G
1007 2421 1222 2455 communiet
1245 2421 1277 2455 G
1364 2421 1382 2454 7
1410 2421 1582 2455 excitauit
1606 2421 1637 2455 G

197 2481 369 2517 clamauit
393 2482 425 2515 G
498 2482 539 2514 11
566 2481 692 2514 ductus
711 2482 766 2514 est
786 2492 825 2524 υ,-
845 2481 890 2523 ef.
911 2484 987 2514 test.
1009 2481 1058 2514 II
1069 2481 1115 2514 15
1130 2490 1165 2523 2).
1184 2481 1236 2514 80
1329 2479 1373 2513 12
1398 2479 1564 2513 tondente
1583 2489 1619 2512 sc
1642 2478 1705 2519 Gv,
1754 2499 1758 2502 -

196 2539 427 2574 tondentibus
444 2539 476 2573 V
489 2543 574 2574 testa
592 2538 754 2582 Rissaltio
827 2538 871 2572 13
888 2540 977 2571 ‚aest
994 2538 1044 2572 W
1060 2537 1115 2581 (ea
1130 2538 1236 2580 eras.)
1310 2537 1353 2571 15
1378 2536 1543 2570 maxillas
1561 2547 1640 2570 suas
1656 2535 1705 2579 V,-

198 2600 242 2642 cf.
263 2602 336 2633 test.
359 2599 408 2633 II
420 2600 464 2632 13
477 2609 515 2641 p.
534 2600 588 2637 78,
610 2599 630 2630 13
702 2597 745 2630 16
771 2596 904 2630 auertit
925 2608 941 2630 υ
1030 2595 1070 2628 17
1097 2594 1296 2628 admirante
1321 2594 1374 2629 Ga)
1470 2595 1512 2627 15)
1537 2595 1635 2638 prius
1652 2595 1705 2627 ta-

199 2657 311 2691 cuerit
335 2657 368 2691 V
476 2656 521 2691 22
550 2655 640 2698 cuni]
661 2654 722 2698 qui
745 2655 795 2689 W
904 2654 948 2687 223
975 2655 1010 2686 ct
1043 2663 1108 2687 om.
1128 2653 1193 2687 W¹
1326 2651 1449 2686 mundi
1468 2651 1571 2685 initio
1591 2651 1638 2686 W

198 2716 242 2749 28
269 2716 323 2749 est
346 2715 394 2750 W
419 2726 444 2748 s.
462 2714 482 2747 l.
501 2725 545 2747 m.
561 2716 586 2747 :2
699 2711 870 2755 uindicat]
891 2711 1026 2745 iudicat
1048 2710 1098 2745 W
1227 2711 1344 2754 pater.
1360 2736 1367 2742 .
1384 2720 1433 2753 ,μ
1450 2711 1529 2750 415,
1547 2711 1568 2742 5
1586 2709 1621 2741 et
1637 2717 1700 2741 om.

203 2773 311 2815 WG;
339 2772 485 2806 diuerso
499 2771 629 2805 ordina
650 2771 757 2804 {cerba
779 2770 831 2804 ita
850 2770 996 2804 collocat
1018 2768 1067 2803 V:
1095 2767 1155 2811 qui
1174 2767 1344 2801 uindicat.
1363 2767 1399 2801 in
1418 2767 1618 2810 apocalypsi
1644 2775 1704 2798 an-

199 2829 463 2870 celus—adora.
498 2831 534 2862 et
565 2828 745 2872 apostolus
783 2827 909 2871 paulus
939 2826 1052 2860 diuini
1087 2825 1263 2869 praecepti
1299 2823 1702 2858 memorssinseruorum.

199 2888 300 2931 pater
318 2886 403 2921 «leus
422 2888 533 2920 iesum
552 2886 665 2920 lilium
686 2885 859 2929 praecipit
884 2883 1033 2918 adorari.
1053 2883 1168 2926 qualis
1195 2882 1267 2915 iesu
1287 2881 1420 2915 domini
1438 2883 1473 2915 et
1491 2882 1623 2924 quanta
1641 2883 1700 2913 etc.
