1912 3152
247 227 331 269 ⁴248
782 224 975 260 Caecilii
1001 225 1215 269 Cypriani

247 330 438 372 sanitatis
455 329 698 382 patientiam
715 342 786 371 nec
804 341 944 371 ueram
960 329 1009 370 de
1026 328 1305 371 satisfactione
1321 329 1593 371 medicinam:
1616 330 1756 383 paeni·

249 399 381 440 tentia
416 399 466 440 de
501 399 734 452 pectoribus
772 399 934 440 exclusa
969 400 1051 448 est,
1084 399 1322 452 grauissimi
1343 398 1594 451 extremique
1615 399 1755 440 delicti

251 468 447 508 memoria
481 467 642 509 sublata
664 469 736 509 est.
770 467 1008 521 operiuntur
1044 467 1310 508 morientium
1347 468 1520 510 uulnera
1556 469 1597 508 et
1631 468 1754 522 plaga

247 536 384 577 letalis
405 535 502 577 altis
525 536 565 577 et
585 536 797 589 profundis
818 535 1044 576 uisceribus
1065 535 1189 577 infixa
1218 536 1478 577 dissimulato
1501 536 1639 577 dolore
1661 548 1755 577 con-

248 605 414 659 tegitur.
463 618 487 646 a
518 604 672 646 diaboli
702 605 784 646 aris
816 604 1065 645 reuertentes
1096 604 1148 645 ad
1180 606 1369 646 sanctum
1391 604 1558 646 Domini
1579 604 1754 647 sordidis
1787 621 1801 643 5

248 674 289 715 01
319 673 482 715 infectis
512 673 651 714 nidore
682 673 874 714 manibus
905 672 1120 722 accedunt,
1153 672 1386 714 mortiferos
1417 673 1622 715 idolorum
1644 674 1755 715 cibos

247 743 380 784 adhuc
400 755 525 795 paene
546 742 754 783 ructantes
777 741 1064 782 exhalantibus
1087 741 1216 782 etiam
1237 754 1344 782 nunc
1365 742 1497 783 scelus
1519 755 1643 783 suum
1665 742 1755 783 fau-

250 812 365 853 cibus
386 813 427 853 et
449 811 639 866 contagia
661 811 824 852 funesta
856 810 1135 852 redolentibus
1166 810 1334 851 Domini
1365 823 1509 863 corpus
1540 811 1755 861 inuadunt,

246 881 406 934 quando
423 880 606 921 occurrat
628 879 828 932 scriptura
846 878 985 920 diuina
1002 879 1042 920 et
1059 879 1208 920 clamet
1224 880 1266 920 et
1283 879 1416 921 dicat:
1436 880 1597 922 omnis
1619 894 1697 922 mu
1709 894 1755 921 n-

248 949 274 990 d
288 963 342 991 us
372 948 703 990 manducabit
732 960 878 989 carne
892 961 955 997 m,
980 948 1029 989 et
1060 947 1228 988 anima
1250 960 1600 1001 quaecumque
1622 962 1756 990 man·
1771 961 1802 985 10

248 1019 410 1059 (lucau
424 1017 528 1058 erit
559 1030 613 1058 ex
644 1030 664 1058 c
678 1029 795 1058 arne
827 1015 1139 1057 sacrificiis
1153 1017 1380 1058 alutaris
1411 1016 1542 1069 quod
1573 1018 1648 1058 est
1669 1018 1757 1059 Do-

249 1087 399 1138 mini,
434 1094 483 1128 et
513 1085 834 1127 inmunditia
864 1086 913 1138 ip
927 1085 1036 1126 sius
1068 1098 1220 1138 super
1250 1085 1421 1138 ipsum
1442 1087 1537 1135 est,
1560 1087 1757 1138 peribit

248 1156 418 1197 anima
448 1155 512 1195 ill
526 1168 549 1195 a
579 1155 634 1195 de
665 1168 690 1208 p
702 1166 759 1208 op
770 1154 852 1195 ulo
884 1166 970 1195 suo
984 1187 993 1205 ,
1016 1154 1223 1206 apostolus
1245 1154 1348 1196 item
1369 1155 1544 1196 testetur
1565 1157 1605 1196 et
1627 1156 1755 1197 dicat:

248 1237 343 1265 11011
373 1223 597 1277 potestis
629 1223 846 1264 calicem
867 1223 1073 1264 Domini
1105 1223 1285 1265 bibere
1317 1224 1365 1264 et
1396 1224 1615 1266 calicem
1646 1225 1757 1266 dae-

249 1293 415 1334 monio
430 1306 556 1333 rum:
607 1304 702 1333 non
745 1292 970 1344 potestis
1016 1304 1217 1334 mensae
1257 1292 1464 1334 Domini
1496 1305 1708 1335 conmun
1722 1295 1756 1335 i-
1772 1305 1802 1329 15

249 1377 269 1403 c
281 1375 362 1403 are
393 1362 441 1403 et
472 1375 513 1402 m
525 1374 671 1403 ensae
704 1361 761 1401 da
773 1361 967 1402 emonio
979 1374 1106 1410 rum,
1140 1360 1250 1401 idem
1272 1361 1581 1403 contumacibus
1604 1363 1757 1415 011101·-

249 1430 457 1472 uicacibus
480 1431 736 1472 conminetur
759 1431 799 1471 et
821 1429 1037 1471 denuntiet
1066 1429 1223 1471 dicens:
1256 1443 1280 1482 q
1291 1443 1316 1470 u
1327 1430 1340 1470 i
1351 1443 1371 1471 c
1381 1443 1407 1470 u
1416 1443 1458 1471 m
1469 1443 1493 1483 q
1504 1444 1530 1471 u
1540 1443 1559 1472 e
1590 1443 1610 1472 e
1620 1431 1645 1471 d
1658 1444 1677 1473 e
1687 1432 1756 1473 rit

249 1513 426 1553 panem
458 1500 504 1541 et
536 1499 734 1540 biberit
774 1499 988 1540 calicem
1020 1498 1227 1539 Domini
1260 1499 1473 1553 indigne
1505 1513 1625 1541 reus
1657 1501 1756 1541 erit

250 1568 477 1621 corporis
509 1569 557 1608 et
587 1567 858 1621 sanguinis
891 1566 1109 1608 Domini.

185 1647 235 1687 η
308 1636 463 1689 Spretis
484 1636 547 1677 his
570 1636 758 1677 omnibus
776 1637 908 1688 adque
931 1636 1176 1688 contemptis
1194 1636 1286 1677 ante
1303 1636 1463 1689 expiata
1479 1637 1642 1687 delicta,
1666 1639 1757 1679 ante
1772 1648 1804 1673 20

250 1705 567 1759 exomologesim
598 1705 752 1746 factam
782 1704 988 1756 criminis,
1021 1705 1114 1746 ante
1135 1706 1358 1759 purgatam
1380 1706 1670 1748 conscientiam
1691 1719 1757 1748 sa-

250 1774 402 1816 crificio
433 1774 474 1815 et
504 1786 629 1815 manu
659 1773 899 1823 sacerdotis,
934 1774 1027 1814 ante
1060 1773 1255 1815 offensam
1276 1774 1483 1827 placatam
1504 1775 1758 1830 indignantis

250 1843 419 1885 Domini
441 1844 482 1884 et
503 1843 699 1885 minantis
729 1843 794 1884 uis
824 1842 1001 1884 infertur
1031 1843 1189 1896 corpori
1219 1843 1306 1885 eius
1328 1845 1369 1885 et
1389 1845 1580 1899 sanguini
1602 1846 1642 1887 et
1663 1846 1756 1899 plus

251 1913 370 1954 modo
393 1912 435 1953 in
450 1911 676 1953 Dominum
697 1911 888 1953 manibus
910 1912 1040 1964 adque
1062 1923 1129 1953 ore
1151 1912 1396 1966 delinquunt
1418 1926 1543 1966 quam
1565 1927 1658 1955 cum
1677 1915 1759 1956 Do-

251 1981 410 2022 minum
431 1981 696 2034 negauerunt.
729 1993 872 2034 pacem
893 1982 1042 2032 putant
1063 1993 1149 2022 esse
1171 1994 1294 2034 quam
1315 1982 1484 2035 quidam
1514 1983 1650 2025 uerbis
1680 1984 1759 2026 fal·
1774 1995 1806 2021 25

250 2050 430 2091 lentibus
448 2050 674 2091 uenditant.
699 2061 778 2091 non
800 2051 862 2092 est
883 2063 959 2104 pax
981 2049 1053 2091 1113
1076 2050 1146 2090 sed
1167 2050 1336 2101 bellum,
1359 2064 1431 2092 nec
1453 2052 1645 2094 ecclesiae
1667 2052 1760 2094 iun-

251 2118 365 2172 gitur
387 2119 456 2171 qui
479 2119 528 2160 ab
552 2118 763 2173 euangelio
787 2119 1012 2173 separatur,
1053 2119 1152 2171 quid
1182 2119 1377 2161 iniuriam
1411 2120 1654 2162 beneficium
1685 2134 1761 2163 uo-

389 2257 409 2288 9
434 2255 548 2288 Leuit.
570 2255 599 2296 7,
618 2255 672 2289 ⁶20.
746 2256 789 2289 14
815 2256 832 2289 l
850 2255 926 2291 Cor.
947 2256 998 2297 10,
1016 2256 1069 2290 21.
1146 2256 1186 2290 17
1213 2256 1230 2289 1
1250 2257 1325 2291 Cor.
1347 2257 1399 2298 11,
1418 2257 1473 2290 27,

322 2371 340 2403 1
366 2369 591 2414 patientiam]
610 2370 869 2413 paenitentiam
888 2371 923 2406 R
994 2372 1016 2404 2
1033 2371 1274 2414 peccatoribus
1289 2371 1461 2406 S¹W¹R¹
1533 2373 1672 2406 exclusa
1686 2373 1761 2414 SR,

252 2440 396 2463 excussa
414 2429 484 2463 W'v
592 2428 614 2461 3
639 2429 878 2473 morientium]
898 2429 1067 2463 mortium
1087 2429 1116 2463 S
1206 2429 1228 2463 4
1253 2430 1289 2463 et
1306 2440 1370 2463 om.
1392 2431 1440 2465 IV
1509 2430 1693 2474 profundis
1711 2448 1762 2464 μ*

258 2487 308 2521 W
377 2486 398 2519 ἵ)
423 2485 537 2518 zaboli
554 2485 589 2519 R
684 2474 766 2519 dffifi
785 2486 820 2520 R
929 2487 949 2519 6
975 2486 1131 2520 nidorem
1151 2487 1193 2521 S*
1265 2487 1285 2520 7
1310 2497 1420 2531 poena
1439 2489 1638 2522 eructantes
1658 2488 1694 2522 R

253 2543 298 2577 10
324 2543 553 2577 manducauit
572 2543 607 2577 R
678 2543 830 2578 animam
850 2544 886 2579 R
958 2545 1000 2578 11
1027 2555 1066 2578 ex
1083 2555 1186 2578 carne
1206 2544 1340 2585 SWR,
1361 2555 1500 2578 carnem
1525 2545 1558 2579 V
1642 2545 1684 2578 12
1709 2546 1762 2578 est

253 2613 319 2636 um.
339 2603 390 2637 W
480 2600 640 2644 perbibit
658 2602 722 2636 W¹
819 2602 861 2635 13
886 2604 1042 2636 testatur
1059 2604 1094 2636 01
1110 2602 1198 2636 dicit
1216 2614 1236 2637 υ
1343 2603 1385 2637 16
1411 2602 1545 2636 diaboli
1562 2602 1762 2636 daemonio-

255 2670 331 2692 rum
350 2659 386 2693 R
467 2660 503 2692 et
519 2658 764 2702 peruicacibus
781 2669 846 2694 om.
867 2659 896 2693 S
967 2660 1008 2692 17
1035 2660 1270 2693 comminatur
1287 2661 1322 2693 et
1339 2660 1531 2693 denuntiat
1546 2671 1565 2694 v
1630 2660 1670 2693 17
1690 2659 1763 2693 edi—

253 2715 394 2750 deritR
473 2716 516 2749 18
541 2718 576 2749 et
595 2715 638 2756 S,
665 2718 727 2749 aut
740 2717 791 2750 W
791 2715 847 2751 Rc
925 2717 968 2750 21
987 2716 1270 2760 exhomologesin
1284 2718 1334 2752 W
1334 2717 1391 2752 Rv
1470 2717 1612 2752 factaR
1697 2718 1763 2750 cri-

254 2772 362 2806 minis
381 2774 462 2806 ante
480 2775 669 2817 purgatam
687 2784 750 2807 om.
772 2773 807 2808 R
877 2773 921 2807 22
939 2784 1063 2807 manus
1082 2774 1117 2809 R
1199 2776 1281 2808 ante
1294 2774 1475 2808 offensam.
1492 2800 1498 2807 .
1515 2801 1523 2808 .
1537 2774 1574 2808 λ.
1594 2776 1640 2808 25
1658 2784 1763 2818 nega-

255 2831 382 2863 uerunt
399 2829 498 2863 inter
514 2830 726 2874 contemptis
748 2834 782 2865 et
795 2832 877 2864 ante
898 2831 918 2865 l.
941 2833 989 2865 20
1010 2832 1217 2875 interponit
1236 2843 1256 2866 v
1380 2832 1558 2875 placatam
1575 2842 1638 2866 om.
1660 2831 1696 2866 R

254 2886 298 2919 ⁶23
317 2874 390 2919 dffi'
401 2887 437 2922 R
506 2887 551 2921 24
568 2887 777 2932 delinquant
792 2887 834 2923 S¹
912 2889 956 2923 25
973 2888 1181 2923 fallentibus
1197 2889 1234 2930 S,
1251 2889 1442 2924 fallacibus
1461 2891 1510 2925 W
1510 2890 1568 2924 Rz·
