1912 3152
703 187 882 222 'se-stim.
909 187 977 228 ΙΙΙ,
1005 188 1066 226 59.
1559 190 1639 231 163

136 293 230 334 sunt
265 303 385 346 opera
420 290 572 341 inlusa,
620 290 661 332 in
696 291 877 345 tempore
913 291 1205 345 conspectionis
1234 292 1400 335 illorum
1434 292 1636 348 peribunt.

134 361 194 402 Et
225 360 273 402 in
306 359 642 414 Apocalypsi:
676 359 729 400 Et
757 361 896 402 sextus
927 360 1098 414 angelus
1119 360 1219 402 tuba
1241 361 1400 403 cecinit.
1434 362 1475 403 et
1496 360 1638 403 audiui

134 442 260 471 unum
282 441 328 470 ex
350 429 543 482 quattuor
563 428 726 483 angulis
747 440 862 470 arcae
884 441 1029 471 aureae
1051 441 1153 482 quae
1175 430 1236 471 est
1256 429 1301 470 in
1323 430 1538 484 conspectu
1562 430 1639 472 Dei

133 498 334 539 dicentem
365 498 477 539 sexto
507 497 652 551 angelo
683 497 753 550 qui
774 497 950 539 habebat
969 498 1136 539 tubam:
1168 497 1280 540 solue
1302 499 1495 551 quattuor
1515 511 1638 554 ange-

86 578 99 602 5
131 567 191 609 los
213 566 361 621 ligatos
379 578 498 620 super
512 565 664 608 flumen
680 578 876 621 magnum
892 567 1156 620 Euphratem.
1190 567 1231 608 et
1252 566 1377 608 soluti
1399 568 1495 609 sunt
1517 567 1638 620 quat-

130 639 224 678 tuor
258 635 393 690 angeli
429 635 500 689 qui
537 637 652 678 erant
686 635 819 689 parati
853 636 895 677 in
931 636 1073 678 horam
1104 637 1145 678 et
1167 635 1277 678 diem
1313 636 1354 677 et
1390 648 1572 678 mensem
1595 637 1636 678 et

129 718 293 756 annum,
317 706 363 747 ut
384 704 612 747 occiderent
632 705 798 747 tertiam
820 705 979 758 partem
999 704 1226 747 hominum.
1250 705 1291 746 et
1311 717 1506 746 numerus
1524 717 1636 746 exer-

129 774 287 816 cituum
305 774 558 827 equestrium
575 774 834 816 dismiriades
850 773 1078 828 myriadon:
1096 773 1236 816 audiui
1253 786 1469 815 numerum
1483 785 1635 816 eorum.

129 844 169 885 et
205 846 262 884 sic
298 843 385 884 uidi
429 855 551 896 equos
588 843 629 885 in
658 843 751 885 uisu
772 844 813 885 et
838 844 1023 885 sedentes
1045 856 1165 898 super
1186 855 1252 886 eos
1273 843 1470 886 habentes
1491 843 1636 885 loricas

83 920 115 944 10
129 912 270 967 igneas
291 913 332 954 et
352 911 637 966 hyacinthinas
659 912 700 954 et
721 912 984 966 sulphureas,
1017 913 1058 954 et
1079 913 1216 967 capita
1237 924 1433 966 equorum
1447 913 1495 965 †‚
1528 913 1569 954 et
1590 925 1637 954 ex

130 993 196 1023 ore
228 993 368 1023 eorum
399 980 499 1023 exiit
529 980 638 1035 ignis
670 982 710 1022 et
742 980 881 1023 fumus
910 982 951 1023 et
971 981 1156 1035 sulphur.
1189 994 1212 1024 a
1232 982 1366 1023 tribus
1386 981 1521 1036 plagis
1543 981 1636 1023 istis

128 1050 259 1092 occisa
280 1051 342 1092 est
363 1050 485 1091 tertia
506 1061 598 1102 pars
620 1049 835 1092 hominum
857 1062 903 1091 ex
925 1050 1018 1105 igne
1040 1052 1081 1093 et
1102 1050 1213 1092 sumo
1246 1052 1287 1093 et
1313 1050 1507 1104 sulphure
1528 1050 1636 1104 quod

126 1119 225 1161 exiit
261 1119 310 1161 de
346 1130 412 1160 ore
448 1131 609 1161 eorum:
641 1131 738 1160 nam
775 1119 838 1160 uis
874 1130 1070 1173 equorum
1105 1119 1148 1161 in
1183 1131 1250 1162 ore
1286 1131 1424 1162 eorum
1448 1121 1509 1161 est
1531 1120 1572 1161 et
1592 1119 1634 1161 in

126 1187 265 1230 caudis
296 1199 449 1230 eorum.
497 1187 648 1230 caudae
679 1188 788 1230 enim
818 1200 958 1230 eorum
989 1188 1145 1230 similes
1184 1188 1408 1242 anguibus,
1439 1188 1634 1231 habentes

80 1269 111 1294 1⁵
126 1257 279 1310 capita,
313 1257 353 1299 et
382 1256 423 1298 in
452 1256 510 1299 eis
539 1258 695 1300 nocent.
729 1258 770 1298 et
791 1257 939 1311 reliqui
967 1257 1183 1299 hominum
1204 1258 1274 1311 qui
1294 1269 1375 1299 non
1396 1258 1491 1299 sunt
1513 1257 1635 1299 occisi

125 1326 167 1368 in
202 1326 295 1369 istis
331 1326 465 1382 plagis
504 1338 578 1368 nec
612 1326 908 1380 paenitentiam
944 1327 1115 1381 egerunt
1150 1338 1271 1380 opera
1307 1326 1509 1368 factorum
1544 1339 1632 1368 ma-

124 1408 251 1437 nuum
274 1408 460 1446 suarum,
497 1397 544 1437 ut
578 1407 659 1437 non
695 1396 864 1438 adorent
900 1395 1113 1437 daemonia
1140 1397 1181 1437 et
1208 1395 1319 1436 idola
1348 1394 1389 1436 id
1412 1396 1473 1436 est
1504 1395 1634 1436 simu-

123 1463 231 1506 lacra
252 1477 373 1507 aurea
401 1466 442 1506 et
471 1466 663 1519 argentea
684 1466 724 1506 et
745 1477 859 1507 aerea
881 1465 922 1507 et
942 1464 1103 1518 lapidea
1124 1465 1164 1506 et
1192 1465 1350 1519 lignea,
1383 1476 1485 1517 quae
1505 1476 1633 1517 neque

122 1532 261 1575 uidere
282 1534 450 1587 possunt
469 1546 599 1587 neque
621 1533 853 1575 ambulare:
885 1534 927 1576 et
946 1545 1025 1575 non
1045 1534 1217 1588 egerunt
1243 1533 1539 1586 paenitentiam
1560 1532 1633 1574 ho-

77 1601 383 1644 2on1icidiorum
416 1614 584 1644 suorum
620 1615 749 1656 neque
792 1602 1071 1644 fornicationis
1108 1615 1205 1645 suae
1250 1615 1380 1655 neque
1429 1602 1632 1644 factorum

122 1682 301 1712 suorum.
353 1670 483 1713 Item
514 1671 654 1713 illic:
699 1671 755 1713 Et
776 1671 925 1714 tertius
946 1671 1116 1726 angelus
1138 1671 1301 1714 secutus
1323 1672 1385 1713 est
1406 1683 1472 1713 eos
1495 1671 1632 1713 dicens

122 1739 164 1781 in
185 1751 281 1782 uoce
301 1753 472 1795 magna:
504 1740 539 1782 si
574 1740 665 1794 quis
700 1740 843 1782 adorat
871 1740 1048 1782 bestiam
1086 1741 1126 1783 et
1160 1740 1428 1782 simulacrum
1449 1740 1555 1791 eius,
1589 1741 1631 1782 et

121 1809 277 1862 accepit
307 1808 617 1863 inscriptionem
648 1809 691 1851 in
722 1810 854 1852 fronte
893 1822 967 1851 sua
1002 1810 1075 1852 aut
1096 1822 1216 1863 super
1236 1822 1405 1852 manum
1426 1821 1563 1861 suam,
1595 1809 1630 1851 is

122 1878 235 1920 bibet
265 1878 314 1921 de
344 1878 440 1920 uino
471 1878 555 1920 irae
588 1878 674 1920 eius
707 1879 747 1921 et
778 1879 972 1933 punietur
1002 1879 1096 1934 igne
1124 1880 1165 1921 et
1185 1879 1380 1932 sulphure
1402 1879 1477 1921 sub
1500 1879 1629 1921 oculis

75 1961 107 1986 ‘25
121 1948 359 2002 angelorum
381 1948 618 1990 sanctorum
637 1948 679 1989 et
700 1947 775 1989 sub
797 1948 926 1991 oculis
948 1948 1067 2003 agni,
1100 1949 1141 1990 et
1169 1947 1308 1990 fumus
1330 1949 1631 1990 tormentorum

121 2030 259 2060 eorum
282 2016 325 2058 in
346 2017 509 2059 saecula
529 2017 783 2059 saeculorum
806 2018 1029 2071 ascendet}

255 2179 277 2213 2
302 2180 408 2224 Apoc.
426 2180 457 2221 9,
478 2179 610 2214 13-21
630 2181 666 2214 et
686 2179 739 2221 14.
758 2180 881 2214 9-11.

189 2318 207 2350 1
234 2317 363 2362 inlusa]
383 2317 521 2352 inclusa
537 2328 574 2360 ²³3
611 2318 659 2362 cf.
679 2318 794 2353 LXX
934 2319 956 2354 2
981 2320 1017 2354 et
1035 2329 1099 2354 om.
1120 2319 1168 2356 W
1298 2320 1321 2355 3
1346 2319 1483 2364 angelis
1510 2319 1562 2355 W

116 2375 139 2409 4
163 2374 271 2409 habet
289 2376 338 2410 W
407 2376 429 2409 5
454 2386 559 2420 supra
578 2375 629 2410 W
697 2375 834 2410 efratcn
852 2376 904 2411 W
972 2377 992 2411 7
1010 2377 1203 2411 exercitum
1221 2376 1270 2413 W
1355 2378 1377 2411 8
1395 2377 1626 2411 dismiriaden

122 2432 173 2467 W
240 2433 260 2466 9
278 2443 407 2477 aequos
421 2443 466 2467 em
479 2443 584 2477 equos
598 2433 649 2468 W
659 2444 704 2468 m.
718 2436 741 2469 2
818 2435 870 2468 in.
887 2460 893 2466 .
909 2444 982 2468 ‚eos
996 2445 1060 2469 om.
1075 2434 1127 2470 W
1193 2434 1323 2469 luricas
1336 2435 1387 2470 W
1456 2435 1500 2469 10
1516 2434 1626 2469 iacin-

115 2489 210 2523 tinas
225 2490 275 2524 W
336 2490 541 2534 sulphoreas
560 2491 612 2527 W
670 2493 706 2527 et
722 2491 857 2537 capita.
873 2518 880 2525 .
896 2491 1000 2526 .exiit
1017 2501 1082 2527 om.
1098 2492 1147 2528 W
1210 2492 1252 2526 11
1276 2492 1309 2537 a]
1328 2504 1367 2526 ex
1386 2493 1437 2528 W
1496 2492 1541 2527 12
1554 2492 1626 2526 sul-

116 2547 222 2591 phore
237 2547 328 2591 quod
341 2548 433 2582 exiet
450 2549 501 2584 W
582 2549 627 2586 13
644 2560 742 2584 nam.
757 2576 765 2584 .
780 2559 915 2584 ‚eorum
929 2561 993 2585 om.
1008 2561 1030 2585 v
1106 2550 1150 2585 14
1167 2550 1338 2595 anguillis
1351 2562 1372 2586 v
1453 2549 1625 2584 habentes

117 2605 209 2639 enini
227 2617 247 2640 z·
335 2606 377 2641 16
400 2606 638 2651 penitenciam
658 2607 704 2642 W
792 2607 835 2641 17
861 2608 914 2652 ut]
933 2609 968 2642 et
986 2608 1037 2643 W
1099 2610 1183 2652 post
1199 2607 1384 2643 daemonia
1401 2608 1534 2651 repetit
1554 2608 1624 2643 W:

116 2664 156 2696 ut
173 2673 240 2696 non
259 2662 404 2698 adorent
419 2663 602 2699 daemonia
688 2665 734 2699 20
758 2676 869 2710 neque
887 2665 910 2699 f.
930 2676 955 2699 s.
975 2676 1008 2699 n.
1027 2665 1050 2699 f.
1070 2676 1212 2700 suorum
1229 2676 1294 2701 om.
1313 2676 1334 2700 v
1427 2666 1471 2699 21
1497 2675 1625 2709 sequu-

115 2720 174 2753 tus
193 2720 242 2754 W
348 2721 393 2755 22
418 2731 535 2756 uocem
555 2722 604 2757 W
718 2722 763 2757 23
787 2722 819 2757 is
835 2733 880 2758 επ
897 2723 952 2757 his
971 2723 1036 2763 JV,
1055 2722 1112 2757 hic
1130 2734 1150 2758 v
1254 2723 1300 2758 24
1324 2722 1437 2758 bibet.
1454 2749 1462 2757 .
1479 2722 1571 2758 .eius
1588 2725 1626 2759 et

115 2787 180 2811 om.
203 2777 251 2811 W
317 2778 362 2813 26
386 2778 546 2814 ascendit
566 2779 616 2814 W

1271 2839 1356 2882 11*
