1912 3152
258 199 340 240 154
785 194 977 229 Caecilii
1003 194 1220 239 Cypriani

254 302 301 341 ut
337 300 427 340 sitis
463 299 539 340 filii
575 299 705 353 patris
741 298 869 340 uestri
900 298 970 351 qui
1007 299 1068 340 est
1102 298 1146 339 in
1181 298 1326 350 caelis,
1373 298 1444 352 qui
1479 299 1607 340 solem
1639 310 1760 340 suum

255 369 351 410 oriri
389 368 489 409 facit
520 380 641 420 super
661 368 787 408 bonos
811 367 851 408 et
871 367 1003 409 malos
1026 368 1067 409 et
1087 366 1196 422 pluit
1217 379 1337 420 super
1358 368 1488 409 iustos
1510 368 1550 408 et
1570 367 1757 409 iniustos.

418 459 762 501 SACRAMENTVM
794 472 921 501 FIDEI
951 471 1047 501 NON
1078 470 1183 500 ESSE
1215 471 1576 501 PROFANANDVM.

184 555 236 593 50
310 540 453 592 Apud
485 539 806 581 Salomonem
837 539 887 580 in
918 539 1242 581 Prouerbiis:
1286 539 1335 580 In
1356 552 1472 581 aures
1501 538 1758 592 inprudentis

252 609 336 650 noli
359 609 578 661 quicquam
600 610 751 659 dicere,
784 622 832 650 ne
854 609 1014 662 quando
1036 608 1233 658 audierit,
1266 608 1443 650 inrideat
1465 608 1646 650 sensatos
1669 620 1756 649 ser—
1792 623 1805 647 5

251 690 390 719 mones
412 679 515 718 tuos.
549 678 632 718 Ite
649 678 772 719 min
804 690 927 719 euan
941 677 1083 732 gelio
1115 677 1391 718 secundum
1422 677 1756 718 Matthaeum:

250 747 311 787 Ne
334 747 528 788 dederitis
551 748 739 788 sanctum
760 746 926 787 canibus
947 758 1076 799 neque
1097 745 1296 787 miseritis
1325 746 1571 800 margaritas
1593 745 1751 787 uestras

250 817 343 857 ante
380 828 540 868 porcOS,
572 828 621 856 ne
658 815 762 856 forte
798 816 1035 857 conculcent
1072 827 1137 855 eas
1173 814 1347 868 pedibus
1376 815 1461 855 suis
1498 815 1539 856 et
1574 814 1758 857 conuersi

250 886 404 928 elidant
427 896 510 925 uos.

435 965 566 1016 QVOD
598 977 726 1006 NEMO
757 977 807 1006 IN
838 977 987 1006 OPERE
1020 976 1103 1006 svo
1134 976 1337 1007 EXTOLLI
1368 977 1562 1006 DEBEAT.
1774 976 1805 999 10

183 1052 229 1091 51
307 1046 452 1100 Apud
484 1046 806 1087 Salomonem
837 1046 887 1087 in
917 1045 1323 1087 Ecclesiastico:
1366 1045 1463 1086 Noli
1496 1046 1537 1087 te
1567 1045 1758 1087 extollere

249 1116 291 1157 in
314 1116 496 1157 faciendo
518 1127 635 1167 opere
656 1116 739 1156 tuo.
789 1115 920 1156 Item
958 1115 1009 1156 in
1040 1114 1310 1169 euangelio
1354 1113 1629 1156 secundum
1667 1115 1759 1156 Lu-

250 1198 375 1226 cam:
423 1183 523 1234 Quis
545 1185 731 1224 uestrum
752 1184 904 1225 habens
927 1196 1091 1224 seruum
1114 1184 1300 1225 arantem
1335 1184 1408 1224 aut
1442 1184 1650 1236 pastorem
1685 1196 1756 1225 ue-

247 1253 378 1295 nienti
415 1254 464 1294 de
500 1265 597 1306 agro
634 1253 761 1293 dicit:
795 1252 986 1294 continuo
1018 1252 1168 1302 transi,
1202 1252 1423 1294 recumbe?
1454 1251 1525 1293 sed
1546 1251 1649 1293 dicit
1669 1251 1755 1293 illi:

247 1335 344 1375 para
379 1321 536 1374 aliquid
572 1322 679 1374 quod
711 1334 849 1363 cenem
885 1322 926 1363 et
961 1322 1175 1376 adcingere
1204 1322 1245 1362 et
1265 1321 1457 1363 ministra
1479 1320 1601 1371 mihi,
1633 1320 1802 1363 donec15

247 1392 492 1433 manducem
514 1391 554 1431 et
576 1390 737 1440 bibam,
770 1391 811 1431 et
831 1391 973 1443 postea
1001 1391 1048 1431 tu
1077 1390 1346 1432 manducabis
1383 1390 1424 1431 et
1459 1389 1587 1431 bibes.
1634 1403 1756 1431 1111111-

248 1460 347 1513 quid
368 1460 491 1501 habet
512 1460 692 1514 gratiam
721 1471 838 1501 seruo
871 1459 956 1509 illi,
989 1459 1085 1512 quia
1106 1458 1205 1500 fecit
1225 1472 1327 1512 quae
1349 1458 1386 1500 ei
1407 1458 1609 1512 imperata
1630 1459 1756 1500 sunt?

247 1530 305 1571 sic
327 1530 465 1582 itaque
495 1530 535 1570 et
564 1541 654 1578 uos,
695 1541 788 1569 cum
810 1528 989 1570 feceritis
1021 1540 1123 1581 quae
1159 1528 1275 1569 uobis
1311 1528 1514 1581 imperata
1543 1528 1660 1578 sunt,
1693 1527 1756 1569 di-

247 1599 344 1639 cite:
378 1598 486 1639 serui
509 1597 675 1639 inutiles
698 1611 861 1647 sumus,
895 1598 1003 1650 quod
1024 1597 1242 1639 debuimus
1263 1596 1395 1639 facere
1417 1597 1603 1639 fecimus

296 1689 534 1731 CREDENDI
567 1701 656 1730 VEL
688 1701 782 1731 NON
815 1700 1051 1732 CREDENDI
1082 1701 1379 1731 LIBERTATEM
1411 1702 1460 1731 IN
1492 1700 1711 1731 ARBITRIO
1769 1706 1802 1730 20

898 1770 1110 1800 POSITAM.

178 1852 229 1891 52
303 1840 359 1881 In
391 1839 811 1880 Deuteronomio:
862 1839 965 1880 Ecce
987 1839 1080 1881 dedi
1111 1840 1206 1881 ante
1237 1839 1385 1881 faciem
1414 1839 1532 1881 tuam
1561 1839 1694 1880 uitam
1715 1839 1755 1880 et

244 1909 440 1958 mortem,
473 1908 625 1949 bonum
647 1908 686 1948 et
709 1907 877 1949 malum.
927 1908 1033 1963 elige
1062 1908 1196 1950 uitam
1217 1909 1264 1950 ut
1285 1908 1415 1950 uiuae.
1463 1909 1592 1950 Item
1624 1908 1755 1961 apud

242 1978 468 2019 Esaiam:
507 1978 561 2018 Et
583 1977 618 2018 si
640 1977 855 2019 uolueritis
878 1977 918 2018 et
939 1978 1154 2019 audieritis
1176 1991 1265 2029 me,
1297 1978 1404 2019 bona
1431 1978 1566 2020 terrae
1603 1977 1752 2019 edetis:

379 2081 402 2114 4
426 2080 526 2114 Prou.
546 2080 601 2121 23,
620 2080 651 2113 9.
716 2080 735 2113 7
754 2080 884 2113 Matth.
904 2080 933 2121 7,
953 2081 984 2115 6.
1057 2080 1101 2114 11
1119 2080 1185 2115 Sir.
1207 2080 1260 2122 10,
1280 2081 1334 2115 26.
1422 2081 1465 2115 13
1490 2081 1573 2115 Luc.
1593 2081 1647 2122 17,
1667 2081 1686 2114 7
1702 2091 1751 2125 sq.

241 2138 286 2172 22
312 2139 415 2172 Deut.
435 2138 488 2178 30,
511 2138 563 2171 19.
646 2136 691 2171 24
715 2137 772 2171 Es.
792 2138 821 2177 1,
841 2138 883 2171 19
902 2148 952 2181 sq.

312 2230 329 2263 1
356 2229 392 2263 in
411 2229 518 2263 caelis
537 2230 592 2263 est
607 2229 798 2264 WLMBv
915 2229 936 2263 2
961 2229 1061 2274 pluet
1078 2230 1127 2264 M
1224 2232 1259 2264 et
1276 2231 1429 2265 iniustos
1448 2232 1499 2267 W
1512 2241 1538 2265 s,
1558 2231 1579 2264 l.
1598 2241 1642 2265 m.
1661 2232 1685 2265 2

241 2288 263 2322 4
288 2287 478 2331 paroemiis
498 2287 680 2328 WLMB,
707 2287 887 2331 parabolis
911 2287 945 2322 V
1033 2288 1054 2322 5
1080 2287 1231 2333 quando]
1251 2299 1329 2322 cum
1351 2289 1402 2323 W
1483 2288 1651 2334 inrideat]
1672 2288 1751 2323 sub-

243 2345 412 2379 sannet-L
484 2346 646 2378 sensatus
657 2345 692 2378 L
762 2345 781 2378 7
800 2355 843 2378 ne
860 2345 998 2379 dederis
1008 2346 1050 2386 B,
1069 2346 1181 2380 nolite
1198 2346 1282 2380 darc
1298 2346 1348 2380 W
1413 2346 1558 2380 canibus
1573 2357 1636 2381 om.
1648 2347 1684 2380 A

241 2403 263 2437 8
289 2402 380 2436 forte
398 2413 460 2436 om.
481 2402 515 2436 B
609 2403 788 2436 conculcet
802 2403 864 2444 M,
893 2403 1072 2437 inculcent
1086 2404 1180 2438 LBo
1250 2404 1321 2448 eas]
1347 2415 1386 2438 ea
1406 2405 1463 2438 Bv
1556 2405 1577 2438 9
1603 2404 1749 2449 elidant]

240 2459 465 2503 disrumpant
479 2460 529 2494 W
596 2460 637 2493 11
663 2461 699 2493 tc
718 2471 783 2494 om.
799 2461 832 2493 A
905 2461 1072 2495 extollere
1091 2472 1134 2495 ea:
1152 2461 1280 2495 extolle
1298 2463 1349 2497 W
1362 2473 1406 2495 m.
1425 2463 1450 2496 2
1522 2462 1566 2496 12
1591 2462 1629 2496 111
1647 2473 1750 2496 euan-

241 2517 334 2561 gelio
353 2528 418 2550 om.
438 2517 473 2550 B
545 2517 587 2550 13
612 2517 674 2560 qui
692 2518 742 2552 W
821 2519 876 2551 est
893 2519 1052 2552 uestrum
1069 2519 1105 2552 A
1176 2520 1336 2553 orantem
1353 2520 1388 2553 A
1459 2520 1649 2564 pastorem]
1668 2530 1750 2554 oues

240 2576 441 2619 pascentem
460 2575 511 2609 W
601 2576 637 2607 et
657 2574 813 2608 uenienti
830 2575 898 2610 Mv
991 2575 1036 2609 14
1059 2576 1175 2610 transi
1193 2577 1228 2610 ct
1248 2577 1332 2611 WB
1426 2578 1469 2612 15
1494 2588 1614 2612 cenam
1633 2579 1684 2613 W

240 2632 284 2665 16
309 2632 498 2665 manducas
522 2633 572 2667 W
640 2631 734 2666 bibis
754 2633 848 2667 WM
934 2634 974 2667 17
1002 2633 1122 2679 habet]
1142 2634 1220 2678 agit
1239 2636 1290 2670 W
1358 2636 1495 2679 gratias
1514 2636 1565 2671 W
1631 2635 1664 2669 ei
1683 2646 1747 2670 om.

240 2689 312 2722 AL
395 2689 570 2733 imperata
588 2691 673 2723 sunt
690 2689 722 2723 ei
739 2690 810 2733 (illi
829 2691 878 2734 B)
891 2691 972 2724 ΜΒ
1058 2692 1101 2726 18
1126 2692 1343 2736 perfeceritis
1360 2704 1381 2727 v
1473 2693 1648 2738 imperata
1666 2695 1749 2727 sunt

239 2745 341 2778 uobis
361 2746 395 2779 B
468 2747 510 2780 19
537 2747 646 2780 seruis
664 2747 711 2780 M
720 2747 725 2764 ¹
796 2747 944 2781 inutiles
962 2749 1066 2790 AW,
1095 2750 1458 2793 superuacuiLMBv
1551 2750 1746 2795 debuimus]

239 2802 429 2836 habuimus
447 2804 495 2837 M
500 2806 531 2837 ¹v
601 2805 643 2837 21
663 2805 778 2848 posita
791 2805 827 2838 B
897 2805 941 2839 22
959 2806 1073 2840 uitam
1090 2806 1161 2840 tibi
1178 2819 1198 2842 v
1268 2808 1312 2842 23
1330 2809 1382 2853 111]
1402 2810 1437 2843 et
1454 2810 1504 2844 M
1581 2810 1627 2844 24
1643 2809 1748 2845 obau-

243 2859 383 2894 dieritis
398 2860 431 2894 B
522 2863 558 2894 et
575 2861 777 2896 audieritis.
794 2889 801 2896 .
817 2874 867 2906 4).
883 2866 950 2897 155
968 2864 989 2897 l.
1009 2867 1028 2898 1
1045 2874 1100 2898 me
1123 2865 1205 2899 Ws.
1225 2866 1246 2899 Z.
1264 2877 1308 2900 m.
1327 2868 1353 2900 2
1426 2866 1533 2901 editis
1550 2867 1586 2902 A
