1838 3152
555 261 794 307 Epistulae
819 261 980 297 LVIII.
1005 273 1034 297 0.
1058 263 1160 297 2-4.
1523 263 1610 306 659

105 367 262 422 primus
292 365 568 408 ambulauerit
595 365 797 408 Dominus
825 364 1078 407 humilitatis
1107 366 1148 407 et
1176 365 1419 408 tolerantiae
1446 366 1489 408 et
1515 378 1612 419 pas-

103 434 230 477 sionis
268 433 477 488 magister,
518 434 566 476 ut
595 433 704 487 quod
739 433 828 475 fieri
857 432 998 475 docuit
1027 432 1139 487 prior
1168 433 1318 475 faceret
1347 434 1389 476 et
1418 433 1490 487 qui
1520 434 1608 487 pati

102 503 292 545 hortatur
322 501 433 555 prior
461 513 534 555 pro
563 502 681 544 nobis
710 501 796 555 ipse
826 502 1046 555 pateretur.
1079 501 1135 542 sit
1155 502 1250 543 ante
1270 502 1422 553 oculos,
1455 501 1606 544 fratres

106 570 380 621 dilectissimi,
411 570 519 624 quod
549 571 620 624 qui
649 583 770 613 omne
802 570 1004 612 iudicium
1033 582 1057 612 a
1088 570 1203 623 patre
1233 571 1343 613 solus
1375 571 1533 624 accepit
1564 573 1606 613 et

75 640 175 693 ⁵qui
206 640 402 681 uenturus
432 642 495 681 est
524 639 793 690 iudicaturus,
826 639 909 680 iam
939 639 1082 680 iudicii
1112 639 1176 680 sui
1206 639 1247 680 et
1274 640 1520 693 cognitionis
1541 639 1608 682 fu-

104 709 220 750 turae
249 708 495 750 sententiam
525 707 747 761 protulerit
776 707 1071 761 praenuntians
1103 708 1145 749 et
1179 708 1411 750 contestans
1450 708 1606 750 confes—

101 789 243 822 surum
274 789 315 818 se
347 789 482 819 coram
512 778 628 830 patre
666 789 738 819 suo
777 776 1016 819 confitentes
1048 776 1090 818 et
1119 777 1366 831 negaturum
1398 778 1606 831 negantes.

103 845 137 887 si
168 846 343 887 mortem
365 857 575 899 possemus
596 846 779 891 euadere,
811 845 959 887 merito
980 845 1085 887 mori
1107 845 1362 887 timeremus.
1395 857 1513 898 porro
1533 859 1608 887 au-

103 915 188 955 tem
220 927 313 956 cum
344 914 561 956 mortalem
592 915 697 956 mori
728 926 892 956 necesse
921 914 989 964 sit,
1022 914 1325 968 amplectamur
1354 914 1606 956 occasionem

60 1000 93 1024 ιο
106 982 155 1024 de
194 982 337 1024 diuina
373 983 641 1036 promissione
681 984 723 1025 et
761 982 1001 1037 dignatione
1039 982 1275 1025 uenientem
1315 983 1356 1025 et
1386 983 1607 1038 fungamur

101 1050 256 1092 exitum
287 1051 434 1093 mortis
465 1064 557 1093 cum
587 1051 770 1104 praemio
791 1051 1108 1093 inmortalitatis
1130 1064 1204 1093 nec
1225 1063 1440 1094 uereamur
1460 1051 1606 1103 occidi,

101 1131 201 1172 quos
231 1120 391 1161 constet
421 1120 582 1173 quando
613 1120 840 1162 occidimur
870 1119 1064 1162 coronari.

155 1187 241 1229 Nec
279 1188 518 1242 quisquam,
557 1189 705 1231 fratres
736 1188 1023 1238 dilectissimi,
1064 1200 1158 1230 cum
1188 1189 1388 1242 populum
1418 1189 1645 1230 nostrum4

100 1254 237 1310 fugari
259 1257 511 1310 conspexerit
532 1259 647 1299 metu
668 1257 961 1310 persecutionis
982 1258 1023 1299 et
1040 1257 1178 1311 spargi
1196 1257 1475 1308 conturbetur,
1498 1257 1606 1310 quod

54 1340 86 1364 ιε)
100 1325 313 1367 collectam
346 1326 648 1368 fraternitatem
679 1337 757 1367 non
787 1325 927 1368 uideat
957 1337 1031 1367 nec
1059 1327 1283 1368 tractantes
1304 1326 1511 1380 episcopos
1533 1339 1606 1367 au-

100 1393 200 1436 diat.
233 1394 359 1436 simul
390 1395 489 1437 tunc
520 1406 660 1436 omnes
691 1407 778 1436 esse
808 1406 887 1436 non
918 1395 1102 1448 possunt,
1135 1394 1284 1448 quibus
1315 1394 1496 1436 occidere
1527 1406 1605 1436 non

100 1462 209 1516 licet,
239 1463 309 1504 sed
338 1463 466 1505 occidi
495 1475 658 1505 necesse
681 1464 755 1505 est.
778 1463 1024 1516 ubicumque
1045 1463 1088 1504 in
1110 1463 1195 1504 illis
1216 1463 1361 1505 diebus
1384 1463 1606 1516 unusquis-

98 1544 176 1585 que
214 1531 392 1574 fratrum
437 1533 562 1574 fuerit
600 1545 622 1574 a
665 1546 790 1587 grege
829 1533 998 1574 interim
1037 1545 1083 1574 ac
1121 1533 1366 1575 necessitate
1406 1533 1606 1586 temporis

98 1612 263 1654 corpore
302 1613 382 1642 non
421 1601 570 1654 spiritu
610 1603 839 1655 separatus,
881 1613 959 1642 non
997 1602 1213 1643 moueatur
1254 1602 1305 1643 ad
1337 1601 1458 1656 fugae
1490 1601 1606 1643 illius

51 1668 309 1711 eohorrorem
342 1681 414 1711 nec
443 1670 634 1711 recedens
656 1672 697 1711 et
718 1670 849 1711 latens
871 1670 1022 1711 deserti
1043 1670 1122 1712 loci
1144 1670 1365 1712 solitudine
1386 1672 1603 1712 terreatur.

100 1737 211 1779 solus
250 1750 330 1779 non
368 1739 430 1780 est
460 1739 525 1779 cui
556 1737 744 1780 Christus
776 1739 814 1780 in
847 1739 947 1794 fuga
985 1751 1120 1780 comes
1151 1739 1227 1780 est.
1271 1739 1381 1780 solus
1422 1752 1501 1781 non
1540 1741 1604 1781 est

101 1806 171 1858 qui
202 1807 402 1860 templum
436 1807 512 1848 Dei
544 1819 710 1849 seruans
742 1807 988 1861 ubicumque
1019 1807 1146 1849 fuerit
1186 1808 1271 1849 sine
1302 1808 1388 1850 Deo
1419 1819 1498 1849 non
1529 1809 1603 1849 est.

98 1876 139 1917 et
168 1876 203 1917 si
235 1875 461 1930 fugientem
494 1876 535 1917 in
557 1876 781 1918 solitudine
803 1889 847 1918 ac
869 1876 1079 1918 montibus
1099 1876 1206 1918 latro
1227 1877 1486 1929 oppresserit,
1520 1876 1606 1918 fera

100 1944 321 1994 inuaserit,
361 1944 489 1986 fames
521 1946 593 1986 aut
623 1945 716 1987 sitis
747 1946 820 1987 aut
851 1945 984 1999 frigus
1016 1945 1239 1996 adflixerit,
1274 1945 1339 1987 uel
1370 1957 1442 1999 per
1473 1945 1606 1987 maria

53 2028 86 2053 25
100 2013 315 2066 praecipiti
346 2014 610 2067 nauigatione
650 2016 933 2067 properantem
967 2015 1190 2068 tempestas
1221 2027 1268 2056 ac
1298 2014 1476 2067 procella
1506 2014 1604 2056 sub-

102 2081 301 2131 merserit,
332 2083 490 2135 spectat
521 2082 699 2124 militem
731 2095 851 2124 suum
874 2082 1060 2124 Christus
1083 2083 1330 2136 ubicumque
1350 2083 1606 2137 pugnantem

97 2153 138 2191 et
179 2151 474 2203 persecutionis
520 2164 643 2192 causa
676 2163 746 2205 pro
779 2151 956 2192 nominis
989 2152 1051 2192 sui
1083 2152 1232 2193 honore
1263 2152 1454 2194 morienti
1485 2165 1605 2206 prae-

172 2304 187 2336 1
209 2304 381 2347 passionis
401 2303 507 2337 huius
528 2304 557 2348 Q
687 2304 708 2338 2
726 2304 829 2349 quod]
850 2304 934 2348 quid
954 2305 989 2340 R
1117 2305 1191 2349 qui]
1211 2304 1302 2349 quod
1321 2317 1341 2340 v
1469 2306 1491 2340 3
1508 2305 1604 2350 prior

100 2372 164 2394 om.
185 2362 221 2395 B
312 2361 441 2405 0011108]
462 2363 598 2395 uestros
615 2361 700 2395 add.
722 2362 778 2395 151:
872 2363 893 2396 8
910 2362 1010 2407 111011]
1031 2364 1178 2396 mortem
1192 2362 1228 2396 Β
1320 2363 1341 2396 9
1359 2363 1508 2397 mortale
1522 2363 1558 2398 R

98 2418 341 2452 occansionem
363 2418 392 2463 Q
494 2419 537 2453 10
556 2419 785 2462 promissione
803 2421 839 2453 et
855 2431 919 2454 om.
939 2420 974 2454 R
1066 2419 1108 2453 de
1125 2419 1181 2453 dei
1200 2419 1406 2464 dignatione
1429 2420 1462 2454 V
1552 2421 1603 2465 et]

99 2475 139 2507 ut
158 2474 193 2508 Β
286 2476 325 2509 11
353 2475 449 2509 exitu
470 2476 526 2510 Bv
621 2476 663 2510 12
684 2478 826 2510 constat
843 2487 863 2510 v
958 2477 1001 2511 14
1017 2478 1151 2510 1110111111
1174 2476 1204 2521 Q
1297 2477 1341 2510 15
1359 2477 1509 2511 audiant
1528 2477 1559 2522 Q

104 2532 146 2565 18
163 2542 263 2575 crego„¹
278 2532 312 2566 R
406 2544 445 2567 ac
462 2533 505 2573 P,
523 2544 543 2567 a
562 2533 600 2578 Q,
620 2544 684 2567 om.
705 2534 800 2569 BRo
896 2535 937 2568 19
955 2535 1152 2579 separatus]
1172 2535 1379 2578 segregatus
1395 2534 1430 2568 Β
1524 2545 1544 2568 a
1558 2535 1601 2569 M

98 2588 155 2630 (ad
182 2590 223 2633 Q)
324 2590 369 2623 20
386 2590 527 2624 11011010
544 2591 592 2625 M
605 2591 796 2634 (horrorem
821 2592 864 2636 Q)
958 2602 1019 2626 nec
1038 2602 1082 2625 ex
1099 2602 1167 2625 non
1192 2591 1221 2635 Q
1238 2596 1315 2631 (nec
1334 2591 1391 2633 M)
1487 2591 1603 2626 deser-

99 2645 148 2679 tis
165 2646 251 2679 locis
270 2646 305 2680 Β
442 2647 487 2680 22
504 2649 623 2681 seruat
640 2647 675 2681 B
813 2649 895 2693 non]
921 2651 1042 2682 nostro
1061 2649 1096 2684 R
1235 2649 1279 2682 23
1298 2648 1457 2691 fugiente
1475 2648 1511 2683 R

98 2703 325 2738 solitudinem
352 2704 425 2739 BR
561 2705 607 2739 24
632 2705 737 2739 famis
763 2706 869 2751 BPQ
1007 2708 1070 2740 aut
1095 2716 1139 2740 ex
1164 2707 1205 2739 ut
1228 2705 1257 2750 Q
1396 2705 1459 2739 siti
1477 2705 1512 2740 R

96 2761 141 2795 25
163 2761 335 2805 praecipit
353 2761 399 2801 Β,
429 2762 607 2806 praecepti
630 2762 674 2807 ρ’
706 2764 913 2808 (praecepiti
931 2764 977 2798 M
984 2765 1006 2807 ¹)
1146 2762 1350 2807 properanti
1371 2762 1401 2807 Q
1426 2762 1435 2795 i
1462 2763 1501 2796 in
1528 2773 1602 2797 ras.

98 2820 357 2862 (properantem
376 2819 435 2860 M)
563 2819 608 2854 26
626 2822 764 2864 spectat
782 2821 864 2862 RV,
885 2822 1045 2865 expectat
1064 2820 1172 2865 BPQ
1298 2819 1341 2853 27
1360 2830 1503 2854 causam
1522 2820 1557 2854 R

96 2885 158 2918 pro
174 2886 239 2909 om.
261 2875 294 2910 R
387 2876 554 2910 honorem
571 2877 607 2912 R

1227 2934 1325 2976 42*
