1838 3152
167 227 250 270 806
697 228 891 262 Caecilii
926 228 1139 273 Cypriani

167 333 253 373 Deo
284 332 417 382 datur,
449 332 483 372 si
506 333 563 373 sic
584 345 608 373 a
629 332 855 373 cultoribus
886 332 972 373 eius
1002 333 1041 372 et
1073 332 1352 373 sacerdotibus
1380 333 1504 374 timor
1526 334 1600 374 Dei
1631 335 1671 374 et

168 400 386 454 disciplina
421 401 628 441 seruatur:
662 400 887 441 abiciamus
922 413 1048 451 arma,
1081 413 1226 442 manus
1262 401 1467 442 demusin
1491 402 1667 455 captiui-

165 469 309 518 tatem,
343 469 554 509 tradamus
584 467 744 510 diabolo
775 468 1076 510 ordinationem
1106 470 1324 524 euangelii,
1358 470 1668 523 dispositionem

165 535 331 586 Christi,
365 537 625 578 maiestatem
647 537 737 587 Dei,
770 537 935 579 diuinae
965 538 1140 578 militiae
1170 539 1422 579 sacramenta
1443 539 1668 589 soluantur,

167 606 396 646 castrorum
418 605 659 646 caelestium
682 605 799 660 signa
816 606 1028 656 dedantur,
1052 607 1291 647 succumbat
1308 608 1348 647 et
1365 607 1484 648 cedat
1502 609 1670 649 ecclesia
1686 624 1699 647 5

165 673 393 724 haereticis,
428 675 498 714 lux
529 674 721 724 tenebris,
756 674 855 716 fides
886 674 1092 727 perfidiae.
1128 686 1217 727 spes
1247 675 1532 728 desperationi,
1567 677 1671 718 ratio

168 742 309 792 errori,
339 742 633 784 immortalitas
655 743 792 792 morti,
824 743 973 784 caritas
996 742 1099 792 odio,
1129 743 1283 785 ueritas
1305 743 1532 794 mendaciO,
1555 743 1672 785 Chri-

168 810 256 851 stus
298 811 552 852 antichristo.
595 812 742 852 merito
781 812 821 852 et
858 812 915 852 sic
950 812 992 853 in
1029 812 1115 853 dies
1152 812 1336 866 singulos
1373 813 1596 854 schismata
1632 815 1672 855 et

168 879 352 921 haereses
383 881 570 934 surgunt,
603 880 783 921 crebrius
813 881 944 933 adque
973 881 1139 922 uberius
1162 882 1408 931 excrescunt,
1439 882 1486 922 ut
1507 894 1670 934 serpen—

167 948 266 990 tinis
288 948 469 990 crinibus
491 949 748 1002 pullulantes
769 950 965 990 aduersus
987 950 1199 991 ecclesiam
1217 950 1295 991 Dei
1317 950 1542 991 maioribus
1564 950 1666 991 uiri-
1688 967 1720 991 ιο

167 1016 243 1058 bus
272 1028 521 1057 uenenorum
553 1029 720 1058 suorum
751 1017 865 1058 uirus
888 1019 1143 1071 expromunt,
1176 1018 1275 1058 dum
1297 1018 1383 1058 illis
1406 1018 1670 1060 aduocatione

166 1086 419 1138 quorundam
450 1087 490 1127 et
519 1086 742 1128 auctoritas
773 1087 1007 1139 praestatur
1034 1088 1075 1128 ct
1104 1087 1291 1136 firmitas,
1331 1088 1430 1128 dum
1463 1087 1670 1141 baptisma

166 1166 306 1195 eorum
328 1153 573 1204 defenditur,
597 1155 696 1195 dum
710 1150 830 1205 fides,
854 1155 954 1196 dum
975 1156 1130 1197 ueritas
1153 1156 1352 1208 proditur,
1376 1156 1475 1197 dum
1498 1156 1540 1197 id
1563 1158 1670 1209 quod

168 1223 306 1264 contra
329 1223 542 1264 ecclesiam
563 1222 663 1264 foris
685 1223 843 1277 geritur
864 1224 979 1265 intus
1002 1224 1045 1265 in
1066 1224 1156 1278 ipsa
1178 1225 1349 1266 ecclesia
1369 1224 1614 1266 uindicatur.

126 1293 152 1332 9
226 1290 342 1342 Quod
364 1292 398 1333 si
421 1293 482 1333 est
505 1293 613 1345 apud
645 1305 729 1342 nos,
764 1292 890 1334 frater
921 1293 1199 1344 dilectissime,
1232 1293 1308 1334 Dei
1330 1294 1466 1343 timor,
1497 1294 1530 1335 si
1553 1295 1720 1336 tenor15

166 1360 376 1413 praeualet
404 1360 512 1410 fidei,
544 1360 578 1401 si
608 1362 862 1403 custodimus
885 1361 1039 1403 Christi
1073 1364 1303 1416 praecepta,
1336 1363 1369 1404 si
1391 1363 1670 1416 incorruptam

168 1428 299 1482 adque
332 1429 576 1471 inuiolatam
609 1442 780 1484 sponsae
814 1431 900 1471 eius
933 1432 1199 1473 sanctitatem
1232 1433 1410 1482 tuemur,
1449 1432 1482 1473 si
1503 1432 1672 1473 haerent

169 1499 355 1539 sensibus
378 1500 418 1540 et
441 1499 630 1541 cordibus
661 1500 813 1541 nostris
835 1500 959 1541 uerba
981 1500 1148 1542 Domini
1172 1501 1345 1543 dicentis
1377 1503 1527 1553 putas
1559 1514 1669 1542 cum

166 1567 371 1608 uenerit
421 1567 572 1609 filius
623 1568 868 1619 hominis,
921 1569 1157 1611 inueniet
1207 1570 1366 1611 fidem
1416 1571 1465 1611 in
1511 1572 1669 1612 terra:

166 1648 245 1688 qua
280 1635 420 1677 fideles
442 1636 518 1677 Dei
553 1637 709 1678 milites
747 1637 816 1690 qui
839 1638 923 1678 Deo
955 1637 1034 1679 fide
1064 1639 1104 1680 et
1133 1638 1330 1692 religione
1364 1640 1520 1681 sincera
1552 1640 1667 1680 mili-
1685 1657 1718 1682 -20

164 1706 302 1747 tamus
332 1706 549 1747 commissa
576 1707 693 1747 nobis
723 1707 924 1748 diuinitus
953 1709 1087 1749 castra
1116 1707 1228 1749 fideli
1258 1708 1414 1749 uirtute
1444 1721 1667 1750 seruemus.

165 1788 238 1816 nec
271 1776 520 1816 consuetudo
552 1788 653 1828 quae
689 1776 796 1828 apud
832 1776 1029 1829 quosdam
1060 1777 1292 1829 obrepserat
1322 1777 1519 1830 impedire
1551 1777 1672 1818 debet

167 1855 245 1897 quo
281 1844 418 1885 minus
454 1845 609 1886 ueritas
642 1845 878 1898 praeualeat
910 1847 950 1887 et
983 1846 1134 1887 uincat.
1175 1859 1271 1887 nam
1303 1847 1551 1888 consuetudo
1585 1847 1671 1888 sinc

167 1913 342 1954 ueritate
371 1913 557 1955 uetustas
587 1914 733 1955 erroris
764 1915 837 1956 est.
870 1916 1037 1967 propter
1066 1915 1173 1968 quod
1203 1915 1348 1957 relicto
1372 1928 1504 1957 errore
1526 1928 1672 1968 sequa-

305 2037 349 2071 18
373 2037 455 2071 Luc.
483 2039 535 2079 18,
563 2040 593 2073 8.

238 2153 256 2186 1
275 2154 310 2186 ct
328 2152 569 2186 sacerdotibus
588 2153 663 2186 eius
682 2153 739 2188 Bv
902 2154 957 2188 (lei
975 2154 1082 2188 timor
1107 2154 1155 2189 Cv
1322 2155 1343 2188 2
1361 2154 1575 2198 captiuitate
1594 2155 1628 2188 Β

166 2209 188 2242 3
209 2209 341 2243 diaboli
365 2209 394 2244 Ο
549 2210 571 2244 5
589 2211 797 2256 castrorum]
817 2222 995 2245 sacrorum
1014 2212 1043 2246 G
1197 2211 1370 2246 dedantur
1389 2212 1576 2253 BLPTV,
1595 2223 1675 2256 pro-

169 2266 299 2300 dantur
324 2267 372 2302 Cv
590 2269 796 2302 succumbat
814 2269 861 2314 et]
882 2269 942 2303 sed
960 2280 1038 2303 cum
1056 2269 1142 2303 haee
1166 2270 1194 2304 G
1401 2270 1566 2303 ecclesiae
1585 2270 1612 2304 C
1619 2272 1628 2287 ¹

168 2324 189 2358 6
205 2323 374 2368 perfidiae
400 2329 487 2359 ante
503 2325 588 2359 fides
610 2328 676 2359 (¹8.
697 2327 732 2369 l„
758 2317 1113 2372 perfidi's‘eix‘perfide
1131 2328 1166 2362 L
1317 2328 1338 2362 8
1355 2327 1482 2361 merito
1501 2338 1582 2371 eoep.
1602 2327 1632 2361 Ο

166 2381 214 2426 ct]
234 2398 267 2415 ,μω
286 2382 318 2416 Τ
479 2382 648 2417 scismata
666 2384 701 2417 P
869 2385 890 2418 9
908 2385 1042 2418 heresis
1061 2385 1235 2419 BC¹LT¹
1404 2384 1515 2428 adque
1532 2384 1677 2418 uberius

166 2450 231 2473 om.
251 2439 296 2480 B,
316 2441 387 2484 atq.
407 2440 559 2474 libertus
583 2441 612 2488 G
749 2442 801 2486 ut]
822 2443 858 2476 ct
880 2441 930 2476 C'v
1072 2442 1115 2476 10
1132 2442 1290 2476 crinibus
1315 2441 1496 2483 CLPTV,
1516 2441 1675 2475 crimini-

165 2496 232 2530 bus
251 2498 286 2531 B
456 2498 676 2542 pollulantes
695 2499 780 2533 LT¹
956 2500 998 2533 11
1017 2500 1221 2544 exprimunt
1244 2500 1272 2534 C
1288 2499 1300 2532 i
1319 2511 1364 2533 eac
1382 2510 1399 2533 e
1570 2498 1677 2532 aduo-

165 2555 261 2589 catio
280 2555 315 2589 Β
433 2556 475 2589 12
492 2555 575 2589 dum
593 2555 627 2589 b.
649 2566 677 2590 e.
696 2556 900 2591 defenditur
918 2567 982 2591 om.
1010 2557 1125 2591 Oxou.
1248 2557 1291 2590 13
1308 2556 1357 2600 1(1]
1377 2556 1414 2590 111
1432 2557 1467 2590 Β
1584 2556 1676 2600 quod

167 2612 203 2646 id
222 2612 252 2647 C
359 2613 402 2647 14
419 2613 555 2656 geritur
574 2613 607 2647 Τ
620 2624 637 2646 r
655 2624 698 2647 em
715 2625 736 2647 n
849 2614 893 2648 15
910 2617 964 2648 est
982 2624 1061 2658 eoep.
1085 2614 1113 2649 C
1216 2613 1309 2657 apud
1326 2624 1390 2648 om.
1416 2614 1445 2648 Ο
1547 2614 1676 2648 fratres

166 2669 396 2705 dilectissimi
415 2672 459 2711 Β,
479 2662 507 2704 ff
521 2659 600 2704 kirici
615 2671 644 2705 O
735 2663 779 2706 di
789 2683 832 2706 em
850 2682 886 2705 es
903 2672 932 2706 C
1025 2672 1067 2706 16
1085 2671 1325 2706 custodiamus
1339 2671 1375 2705 B
1468 2671 1498 2704 si
1516 2681 1579 2705 om.
1595 2672 1630 2705 Β

166 2727 209 2761 17
228 2738 392 2772 sponsam
412 2728 457 2763 Οι
626 2728 669 2763 18
686 2718 762 2763 <iffi
771 2729 903 2764 dicenti
925 2731 958 2764 T
1121 2730 1164 2764 19
1181 2731 1313 2763 terram
1332 2728 1368 2762 Β
1530 2729 1576 2764 20
1592 2730 1674 2774 qua]

165 2785 249 2828 quia
265 2785 357 2820 BCv
535 2785 590 2819 dei
608 2797 672 2820 om.
696 2788 728 2821 Τ
908 2786 968 2831 qui
986 2797 1076 2821 corr.
1099 2787 1138 2821 ‘in
1157 2787 1241 2831 quia
1265 2787 1294 2823 C
1477 2788 1522 2822 23
1538 2788 1677 2832 uincat]

165 2842 326 2877 uindicat
345 2843 382 2878 P
