1838 3152
204 229 287 270 740
735 226 927 261 Caecilii
953 226 1164 271 Cypriani

200 330 328 373 laciae
350 331 390 372 et
411 330 770 372 circumuentionis
800 330 954 372 crimen
976 331 1201 373 accesserit.
1232 344 1360 384 neque
1382 332 1491 374 enim
1507 333 1594 374 tam
1612 333 1699 374 cul-

200 400 358 453 pandus
380 399 442 440 est
462 398 534 440 ille
556 398 621 440 cui
643 399 907 453 neglegenter
928 399 1142 452 obreptum
1165 400 1227 441 est
1253 413 1376 453 quam
1401 400 1467 442 hic
1491 413 1700 442 exsecran-

200 468 275 510 dus
293 468 362 521 qui
379 467 661 509 fraudulenter
677 468 868 521 obrepsit.
899 468 1089 522 obrepere
1112 470 1250 510 autem
1273 469 1307 510 si
1327 469 1560 511 hominibus
1581 469 1701 510 Basi-

199 536 304 578 lides
345 537 502 590 potuit,
539 537 623 578 Deo
657 548 736 578 non
770 538 916 589 potest,
953 549 1046 578 cum
1083 538 1282 590 scriptum
1318 538 1392 579 sit:
1431 538 1568 579 Deus
1608 550 1702 579 non

208 605 489 647 deridetur.
539 605 609 647 sed
650 618 723 647 nec
772 606 956 647 Martiali
1000 607 1135 659 potest
1181 606 1381 659 profuisse
1422 606 1584 647 fallacia
1624 618 1730 659 quof,

201 677 335 715 minus
357 674 443 727 ipse
465 686 623 728 quoque
645 674 805 715 delictis
827 674 1024 729 grauibus
1045 675 1256 716 inuolutus
1274 675 1553 728 episcopatum
1569 675 1703 715 tenere

201 755 281 785 non
314 743 472 794 debeat,
506 743 665 796 quando
692 744 733 784 et
757 743 965 797 apostolus
997 744 1162 785 moneat
1183 745 1224 785 et
1245 744 1374 785 dicat:
1408 744 1703 796 episcopum

203 813 410 866 oportet
441 825 554 855 esse
585 813 695 853 sine
725 812 942 853 crimine
973 812 1123 865 quasi
1152 812 1246 853 Dei
1277 812 1703 865 dispensatorem.

162 885 188 925 6
262 880 517 935 Quapropter
535 894 640 932 cum,
664 881 772 923 sicut
793 881 988 931 scribitis,
1011 881 1157 923 fratres
1174 881 1448 931 dilectissimi,
1471 881 1511 922 et
1527 882 1574 922 ut
1591 880 1705 921 Felix

208 952 248 992 et
270 950 443 992 Sabinus
472 950 652 1005 collegae
682 950 813 992 nostri
841 950 1082 992 adseuerant
1110 950 1237 1003 utque
1258 949 1365 991 alius
1387 949 1503 990 Felix
1534 949 1582 990 de
1606 948 1704 1007 Cae·
1720 965 1753 989 10

208 1020 451 1074 saraugusta
482 1019 575 1061 fidei
608 1019 740 1061 cultor
769 1031 815 1061 ac
845 1019 1030 1061 defensor
1061 1018 1248 1061 ueritatis
1279 1018 1430 1060 litteris
1461 1018 1545 1059 suis
1577 1017 1707 1072 signi-

204 1089 312 1139 ficat,
345 1088 548 1131 Basilides
570 1089 610 1129 et
630 1088 837 1130 Martialis
868 1087 1043 1129 nefando
1066 1087 1323 1129 idololatriae
1344 1086 1485 1128 libello
1508 1086 1707 1128 contami-

204 1158 292 1199 nati
321 1157 419 1208 sint,
449 1157 653 1199 Basilides
675 1157 807 1199 adhuc
836 1157 1003 1211 insuper
1031 1158 1192 1211 praeter
1221 1156 1351 1198 libelli
1381 1156 1585 1197 maculam
1614 1169 1708 1197 cum

203 1225 446 1268 infirmitate
482 1225 767 1277 decumberet,
814 1225 856 1267 in
892 1226 1024 1268 Deum
1061 1226 1412 1279 blasphemauerit
1447 1226 1487 1267 et
1521 1237 1562 1266 se
1598 1224 1708 1265 blas-

204 1295 417 1349 phemasse
459 1294 666 1336 confessus
702 1294 756 1336 sit
797 1296 837 1336 et
879 1294 1158 1348 episcopatum
1198 1308 1269 1347 pro
1306 1295 1577 1337 conscientiae
1613 1305 1710 1335 suae
1726 1310 1755 1334 15

205 1365 373 1406 uulnere
413 1365 555 1417 sponte
592 1364 794 1417 deponens
830 1364 880 1405 ad
918 1363 1120 1418 agendam
1155 1364 1451 1417 paenitentiam
1491 1376 1709 1406 conuersus

206 1434 261 1475 sit
291 1434 424 1475 Deum
463 1433 682 1487 deprecans
714 1434 754 1474 et
785 1433 886 1474 satis
925 1433 1138 1487 gratulans
1169 1433 1203 1473 si
1235 1433 1313 1474 sibi
1352 1433 1419 1474 uel
1458 1433 1560 1474 laico
1600 1444 1710 1475 com-

207 1502 416 1544 municare
446 1502 716 1557 contingeret,
751 1501 957 1543 Martialis
987 1513 1145 1554 quoque
1175 1502 1336 1555 praeter
1365 1502 1586 1556 gentilium
1621 1501 1711 1542 tur-

206 1572 275 1626 pia
306 1572 346 1613 et
374 1571 582 1612 lutulenta
613 1570 802 1612 conuiuia
836 1571 879 1612 in
915 1571 1088 1625 collegio
1126 1570 1197 1611 diu
1233 1570 1493 1623 frequentata
1529 1571 1569 1612 et
1604 1570 1711 1612 filios

206 1641 248 1682 in
282 1640 423 1682 eodem
460 1639 632 1693 collegio
669 1640 898 1681 exterarum
940 1639 1128 1694 gentium
1167 1652 1279 1681 more
1308 1640 1416 1693 apud
1444 1640 1613 1694 profana
1648 1651 1710 1680 se-
1724 1656 1757 1681 20

207 1709 351 1762 pulcra
384 1708 587 1761 depositos
618 1709 658 1749 et
688 1708 930 1763 alienigenis
962 1708 1232 1761 consepultos,
1263 1709 1367 1750 actis
1396 1709 1522 1750 etiam
1550 1708 1711 1761 publice

208 1778 362 1820 habitis
394 1778 502 1830 apud
533 1779 840 1831 procuratorem
871 1777 1136 1819 ducenarium
1167 1778 1469 1831 obtemperasse
1501 1790 1541 1819 se
1580 1777 1711 1819 idolo-

206 1846 353 1888 latriae
386 1847 426 1887 et
456 1845 666 1887 Christum
696 1858 866 1900 negasse
896 1847 1148 1888 contestatus
1179 1847 1234 1888 sit
1265 1859 1439 1900 cumque
1469 1847 1550 1888 alia
1578 1846 1712 1888 multa

344 1984 366 2017 4
391 1983 468 2018 Gal.
495 1983 526 2024 6,
554 1983 585 2016 7.
680 1983 699 2017 7
727 1983 797 2017 Tit.
826 1984 856 2024 1,
885 1984 914 2017 7.

279 2099 297 2131 1
316 2098 634 2132 circumuentiones
652 2098 721 2143 LQ
837 2098 986 2132 accessit
1009 2098 1037 2133 C
1043 2100 1051 2116 ¹
1178 2099 1199 2132 3
1218 2098 1457 2133 fraudolenter
1475 2097 1504 2133 C
1620 2097 1711 2132 obri-

210 2167 288 2199 pere
307 2155 368 2201 CQ
553 2157 575 2189 4
591 2157 722 2199 potest]
741 2157 860 2200 potuit
878 2156 907 2191 G
1099 2157 1120 2190 6
1137 2156 1279 2191 delictis
1298 2167 1388 2191 corr.
1410 2156 1450 2189 'in
1468 2155 1617 2189 detectis
1641 2155 1669 2190 C

210 2213 381 2257 grauique
400 2212 585 2247 inuolutus
604 2213 750 2247 crimine
769 2213 798 2247 G
913 2213 931 2246 7
952 2213 1090 2257 quando
1112 2241 1118 2247 .
1135 2240 1141 2247 .
1158 2241 1164 2247 .
1187 2213 1284 2248 dicat
1302 2224 1367 2247 om.
1387 2213 1417 2247 C
1529 2213 1550 2246 8
1566 2212 1713 2256 despen-

212 2272 363 2305 satorem
387 2270 416 2315 Q
578 2271 598 2304 9
617 2281 694 2304 cum
713 2280 777 2304 om.
802 2270 831 2315 Q
994 2271 1101 2315 sicut]
1120 2272 1149 2304 si
1168 2272 1252 2315 quot
1273 2271 1311 2316 Q,
1331 2271 1424 2305 sicut
1440 2259 1521 2304 uris!
1533 2270 1561 2305 C
1576 2270 1638 2304 sed
1656 2271 1715 2304 cut

212 2339 253 2363 ex
270 2330 287 2362 t
451 2328 594 2372 scriptis
612 2328 693 2369 LP,
714 2328 909 2372 scripsistis
933 2328 983 2373 Qv
1154 2328 1392 2372 dilectissimi]
1412 2327 1519 2362 dauid
1538 2338 1616 2372 exp.
1637 2327 1666 2362 C
1682 2331 1715 2361 et

209 2397 235 2420 s.
256 2386 279 2420 Z.
298 2386 428 2420 claruit
568 2387 609 2419 ut
626 2388 662 2420 et
687 2386 716 2431 Q
868 2387 911 2420 10
928 2388 963 2421 et
981 2388 1021 2421 ut
1038 2386 1182 2421 sabinus
1206 2387 1236 2422 C
1385 2397 1547 2421 caesarea
1565 2386 1717 2429 augusta

212 2443 276 2478 CR
283 2443 318 2478 V
441 2443 483 2477 11
503 2454 542 2477 ac
559 2454 623 2477 om.
648 2443 677 2478 C
804 2444 847 2478 12
865 2443 1053 2478 idolatriae
1071 2443 1244 2490 CLPQR
1364 2444 1608 2479 contaminata
1627 2443 1671 2477 C²

213 2501 254 2534 13
273 2501 346 2534 sint
365 2512 409 2535 esc
427 2502 510 2535 sunt
527 2501 576 2534 M
591 2500 680 2544 (sint
701 2500 754 2546 Q),
774 2501 847 2535 sine
867 2502 902 2537 R
1020 2502 1062 2536 14
1079 2502 1116 2536 in
1134 2501 1345 2535 infirmitate
1364 2513 1384 2536 v
1497 2501 1534 2535 in
1553 2511 1617 2535 om.
1637 2501 1672 2534 P

213 2558 255 2592 15
272 2558 349 2602 pro]
367 2568 429 2602 pro
446 2550 513 2592 hoc
531 2558 597 2593 GR
721 2558 763 2592 16
782 2560 924 2594 uolnere
944 2559 1033 2603 L¹Q
1149 2559 1193 2594 ad
1210 2570 1276 2594 om.
1294 2559 1329 2594 L
1447 2559 1489 2593 17
1508 2559 1539 2593 si
1558 2569 1622 2592 om.
1644 2558 1674 2593 C

213 2616 256 2649 18
273 2615 478 2660 contingere
496 2616 524 2650 O
663 2616 847 2651 marciales
866 2616 901 2651 L
1041 2617 1196 2662 gentilia
1213 2617 1241 2652 C
1380 2617 1422 2651 19
1440 2616 1622 2651 luculenta
1637 2617 1674 2651 P

213 2672 250 2706 in
269 2683 333 2707 om.
358 2673 388 2708 C
535 2674 686 2719 collegia
703 2673 764 2708 diu
781 2673 988 2718 frequentat
1005 2674 1035 2710 C
1173 2674 1269 2709 filius
1289 2675 1319 2710 G
1469 2675 1514 2708 20
1532 2674 1717 2719 sepulchra

221 2729 322 2764 CRP
489 2730 532 2764 21
551 2731 722 2775 depositis
741 2731 784 2766 0¹
953 2732 1179 2776 consepultus
1198 2732 1228 2767 G
1389 2732 1511 2776 etiam]
1532 2732 1626 2765 enim
1649 2733 1678 2765 O

215 2786 388 2842 publicise
405 2788 442 2823 R
557 2788 600 2822 22
620 2788 726 2833 apud]
746 2790 852 2833 caput
870 2789 899 2825 Ο
1006 2800 1042 2824 se
1059 2800 1124 2824 om.
1145 2790 1174 2825 C
1289 2788 1477 2824 idolatriae
1499 2789 1600 2824 CLP
1608 2788 1672 2833 QR

214 2844 260 2878 23
278 2854 449 2889 cumquae
471 2845 510 2890 Q,
530 2856 607 2880 cum
627 2845 691 2881 CR
