1838 3152
233 207 316 247 432
438 205 630 239 Caecilii
656 205 869 249 Cypriani
897 206 944 240 de
971 207 1062 240 zelo
1089 211 1129 240 ct
1158 207 1303 242 liuore
1330 209 1530 244 c.17—18.

235 308 405 349 ueneris.
454 321 595 350 sensus
630 309 760 362 adque
796 310 913 351 actus
950 311 1012 351 tui
1051 310 1256 353 diuinitus
1293 312 1545 367 dirigentur,
1579 313 1739 366 quando

236 390 282 419 ea
314 390 414 430 quae
446 377 587 418 diuina
623 379 663 419 et
697 378 806 420 iusta
843 380 938 420 sunt
975 379 1242 433 cogitaueris,
1275 380 1382 421 sicut
1417 381 1617 434 scriptum
1652 383 1740 423 est:

235 459 315 487 cor
361 447 462 487 uiri
509 447 707 501 cogitet
751 447 910 497 iusta,
954 449 1062 489 uta
1101 448 1198 489 Deo
1245 448 1544 504 dirigantur
1591 462 1741 504 gres-

235 528 319 556 sus
352 515 431 557 eiu
443 528 472 556 s.
1835 538 1838 576 3

169 590 218 630 18
292 584 429 626 Habes
453 586 591 627 autem
614 586 747 627 multa
769 599 870 639 quae
893 586 1061 640 cogites.
1096 587 1333 639 paradisum
1356 588 1511 642 cogita,
1544 599 1622 641 quo
1641 587 1741 630 Cain
1766 607 1781 633 5
1831 577 1838 658 ᾖ

234 665 313 695 non
335 654 443 695 redit
465 655 534 707 qui
557 655 641 696 zelo
664 654 834 696 fratrem
867 655 1054 708 peremit.
1088 656 1224 711 cogita
1257 656 1430 698 caeleste
1462 669 1654 711 regnum,
1687 657 1738 698 ad
1836 661 1838 667 ²

234 723 340 776 quod
371 735 450 764 non
481 723 560 764 nisi
594 724 808 765 concordes
831 725 961 777 adque
984 725 1195 766 unanimes
1217 725 1419 766 Dominus
1441 725 1639 767 admittit.
1675 737 1741 767 co-

232 792 322 847 gita
343 793 450 846 quod
472 792 549 833 filii
571 793 647 834 Dei
670 793 714 833 hi
738 793 812 834 soli
834 794 992 846 possint
1016 794 1150 836 uocari
1174 794 1244 847 qui
1266 794 1349 835 sint
1371 794 1550 848 pacifici,
1574 794 1644 848 qui
1665 807 1740 836 na-

233 861 401 903 tiuitate
438 862 478 903 et
510 861 600 916 lege
638 861 779 903 diuina
816 862 866 903 ad
902 862 1220 904 similitudinem
1241 863 1317 905 Dei
1354 863 1483 916 patris
1515 864 1555 905 et
1585 862 1739 905 Christi

232 930 499 983 respondeant
530 931 713 972 adunati.
748 932 883 985 cogita
916 932 990 973 sub
1024 932 1153 973 oculis
1175 944 1247 974 nos
1270 933 1345 974 Dei
1369 934 1498 983 stare,
1531 932 1787 985 spectantem
1831 922 1838 981 Ι

230 1013 277 1041 ac
299 1000 508 1042 iudicante
545 1000 631 1053 ipso
669 1001 992 1043 conuersationis
1030 1014 1076 1043 ac
1112 1001 1224 1043 uitae
1255 1002 1416 1043 nostrae
1448 1001 1651 1043 curricula
1673 1000 1739 1043 de-
1830 1005 1838 1049 j

231 1069 658 1122 currere,‘peruenire
679 1082 751 1111 nos
773 1071 871 1112 tunc
895 1070 1064 1112 demum
1087 1082 1224 1124 posse,
1258 1071 1304 1112 ut
1342 1083 1437 1112 eum
1469 1070 1608 1111 uidere
1643 1082 1738 1112 con·
1830 1061 1838 1116 ἑ

232 1138 385 1193 tingat,
419 1139 452 1180 si
489 1138 628 1193 ipsum
663 1151 770 1180 nunc
807 1139 1016 1181 uidentem
1038 1140 1290 1181 delectemus
1313 1139 1472 1181 actibus
1494 1139 1670 1190 nostris,
1703 1139 1738 1180 si

229 1219 301 1249 nos
324 1208 469 1263 dignos
491 1209 649 1263 gratiae
671 1209 758 1250 eius
781 1210 821 1250 et
842 1209 1124 1264 indulgentiae
1146 1209 1435 1262 praebeamus,
1483 1208 1517 1249 si
1539 1207 1735 1261 placituri

228 1289 387 1330 semper
408 1277 451 1318 in
473 1290 596 1332 regno
619 1278 661 1319 in
684 1279 757 1319 hoc
781 1279 933 1319 mundo
956 1280 1050 1320 ante
1072 1279 1318 1332 placeamus.
1738 1283 1772 1310 ¹⁵
1831 1307 1834 1310 -

362 1404 383 1437 3
409 1404 512 1438 Prou.
531 1405 583 1445 16,
605 1405 635 1438 1.

297 1522 312 1555 1
340 1521 544 1565 dirigantur
562 1521 598 1555 B
669 1520 691 1554 2
717 1522 801 1555 sunt
820 1522 855 1555 et
873 1521 968 1555 iusta
987 1521 1024 1554 D
1119 1521 1140 1554 3
1166 1520 1303 1564 cogitat
1322 1520 1357 1554 B
1451 1510 1519 1553 (sno
1536 1530 1557 1554 v
1650 1517 1672 1552 5
1697 1518 1735 1552 in
1829 1529 1838 1567 ΔιΙ

227 1589 294 1623 quo
312 1579 349 1612 D
421 1578 441 1613 6
459 1579 565 1623 redit]
586 1578 788 1624 ingreditur
798 1578 981 1612 Balmius
1053 1578 1200 1612 fratrem
1219 1578 1290 1612 zelo
1308 1577 1346 1611 D
1418 1578 1436 1611 7
1455 1587 1524 1611 non
1541 1587 1605 1611 om.
1623 1576 1674 1612 W

228 1637 411 1671 concordes
431 1637 544 1681 adque
562 1648 626 1672 om.
643 1637 679 1671 B
749 1637 771 1670 8
795 1636 849 1670 fili
868 1636 989 1672 W¹D¹
1083 1636 1136 1669 hii
1155 1636 1235 1670 ΜΒ
1325 1634 1458 1679 uocari]
1478 1645 1551 1668 esse
1567 1634 1606 1668 D
1676 1633 1737 1678 qui
1826 1645 1838 1685 g

229 1696 313 1729 sunt
329 1695 389 1736 M,
418 1705 482 1729 om.
498 1695 536 1729 D
621 1694 772 1739 pacifeci
789 1694 828 1728 D
914 1693 1112 1728 natiuitate
1133 1693 1280 1728 caelesti
1296 1693 1356 1727 Dv
1429 1692 1472 1726 10
1496 1692 1613 1727 oculos
1631 1691 1667 1725 B

225 1752 281 1787 dei
299 1763 360 1788 nos
380 1755 474 1787 stare
485 1753 531 1787 M
535 1763 561 1794 υ,
581 1752 637 1786 dei
656 1754 751 1786 stare
768 1763 831 1786 nos
848 1751 883 1785 B
900 1752 1010 1796 (stare
1030 1750 1320 1796 exlmnyenclum
1337 1750 1503 1793 uidetur)
1568 1749 1612 1784 13
1623 1750 1734 1793 prius
1825 1751 1838 1786 'i

226 1812 256 1847 si
275 1823 339 1847 om.
355 1812 393 1847 D
477 1811 520 1845 14
545 1811 665 1855 gratia
681 1810 778 1845 DBv
861 1811 897 1843 et
914 1809 1161 1854 indulgentiae
1179 1808 1226 1842 M
1240 1818 1266 1843 3.
1285 1808 1307 1842 I.
1329 1819 1370 1842 m.
1385 1809 1426 1849 2,
1454 1809 1489 1842 et
1506 1807 1732 1852 indulgentia
1825 1818 1838 1844 1.

227 1870 324 1905 DBv
417 1869 674 1914 praebehamus
687 1869 742 1903 D¹
828 1868 859 1902 si
878 1878 970 1903 corr.
990 1868 1031 1901 in
1049 1867 1099 1901 sic
1117 1868 1163 1902 M
1179 1878 1223 1901 m.
1242 1869 1265 1901 2
1351 1866 1394 1900 15
1420 1866 1449 1899 si
1467 1865 1504 1899 in
1521 1865 1587 1900 hoc
1603 1865 1666 1899 Μ2

225 1939 270 1962 DE
296 1939 383 1963 zeno
410 1939 454 1963 ET
482 1938 620 1962 nvom:
646 1936 819 1961 EXPLICIT
840 1925 902 1966 W,
930 1935 1104 1959 Exrmcrr
1123 1935 1170 1959 DE
1188 1934 1276 1959 znno
1297 1935 1340 1958 ET
1359 1933 1495 1958 Lxssonn
1517 1923 1563 1964 C,
1589 1932 1735 1958 canem
1822 1934 1838 1960 ει

219 1996 408 2022 CYPRIANI
434 1997 482 2020 DE
507 1995 596 2020 ZELo
622 1995 667 2019 ET
694 1994 833 2019 Livoiffl
859 1972 977 2018 Exfff:
995 1983 1074 2017 MR
