1838 3152
190 199 274 242 538
721 197 918 234 Caecilii
951 197 1168 243 Cypriani

543 369 1058 443 EPISTVLA
1123 369 1341 441 XXV.

511 506 780 543 CYPRIANVS
829 505 1073 541 CALDONIO
1121 505 1298 540 FRATRI
1339 506 1372 540 S.

242 621 492 675 Accepimus
513 622 676 663 litteras
698 622 805 671 tuas,
827 620 955 662 frater
976 620 1202 671 carissime,
1226 621 1329 662 satis
1352 621 1510 663 sobrias
1528 623 1568 664 et
1585 621 1694 664 inte-

187 690 355 745 gritatis
385 703 432 732 ac
459 690 554 732 fidei
585 690 741 743 plenas.
775 703 850 731 nec
880 689 1084 730 miramur
1113 689 1148 730 si
1172 689 1419 731 exercitatus
1441 691 1482 732 et
1502 690 1545 731 in
1567 691 1697 745 scrip-

184 759 291 801 turis
330 759 547 801 dominicis
583 759 740 812 peritus
779 759 897 801 caute
932 758 1072 800 omnia
1107 759 1148 800 et
1184 759 1371 800 consulte
1408 771 1540 813 geras.
1583 760 1722 802 rectef.

185 829 325 870 autem
355 828 520 870 sensisti
552 828 659 869 circa
687 827 990 882 inpertiendam
1011 827 1213 869 fratribus
1234 828 1387 870 nostris
1408 840 1551 881 pacem
1573 841 1696 882 quam

184 897 265 939 sibi
293 898 373 950 ipsi
404 910 501 939 uera
522 897 780 949 paenitentia
801 897 841 938 et
863 896 1095 938 dominicae
1115 896 1382 938 confessionis
1404 896 1536 951 gloria
1557 897 1696 938 reddi-

182 965 331 1007 derunt
360 965 619 1007 sermonibus
648 965 734 1006 suis
765 964 997 1015 iustificati⁷
1028 965 1179 1018 quibus
1201 977 1243 1007 se
1266 966 1361 1007 ante
1383 965 1693 1007 damnauerant.

184 1046 278 1076 cum
299 1046 395 1089 ergo
414 1034 625 1076 abluerint
642 1045 760 1076 omne
778 1034 979 1076 delictum
997 1034 1037 1076 et
1053 1034 1260 1076 maculam
1277 1035 1455 1088 primam
1473 1035 1696 1077 adsistente

182 1104 263 1145 sibi
284 1103 460 1145 Domino
490 1103 715 1157 posteriore
744 1103 901 1145 uirtute
931 1103 1171 1151 deleuerint‚
1200 1104 1333 1145 iacere
1362 1104 1475 1145 ultra
1503 1104 1578 1146 sub
1602 1103 1692 1146 dia-
1707 1121 1740 1146 10

182 1173 275 1214 bolo
305 1173 422 1226 quasi
451 1173 651 1226 prostrati
683 1184 763 1214 non
792 1173 956 1224 debent,
991 1173 1062 1226 qui
1085 1173 1264 1215 extorres
1286 1173 1387 1214 facti
1410 1174 1451 1215 et
1469 1173 1586 1215 bonis
1609 1174 1694 1216 suis

181 1241 372 1283 omnibus
409 1241 577 1294 spoliati
613 1242 830 1283 erexerunt
858 1254 899 1283 se
929 1242 970 1284 et
1002 1254 1096 1283 cum
1119 1240 1283 1284 Christo
1316 1242 1425 1284 stare
1458 1244 1692 1295 coeperunt.

182 1311 306 1363 atque
342 1310 505 1352 utinam
542 1311 602 1352 sio
624 1310 665 1352 et
686 1310 811 1352 ceteri
848 1312 942 1364 post
977 1311 1143 1365 lapsum
1177 1311 1434 1364 paenitentes
1463 1312 1506 1353 in
1535 1312 1693 1353 statum

180 1379 409 1433 pristinum
447 1378 745 1421 reformentur:
784 1392 884 1433 quos
919 1392 1028 1421 nunc
1060 1380 1255 1435 urgentes
1289 1381 1329 1422 et
1363 1392 1507 1434 pacem
1538 1381 1693 1422 temere

180 1449 303 1501 atque
333 1448 552 1501 inportune
584 1449 871 1502 extorquentes
904 1449 1106 1502 quomodo
1136 1449 1461 1502 disposuerimus
1483 1450 1530 1490 ut
1551 1449 1689 1500 scires⁹
1707 1467 1738 1492 15

178 1517 337 1559 librum
366 1517 445 1558 tibi
476 1530 571 1559 cum
602 1517 793 1571 epistulis
824 1530 995 1560 numero
1018 1518 1197 1571 quinque
1218 1518 1316 1559 misi
1338 1530 1439 1571 quas
1460 1519 1511 1559 ad
1534 1518 1690 1560 clerum

180 1589 221 1630 et
251 1587 303 1629 ad
332 1586 495 1640 plebem
529 1587 570 1628 et
599 1586 651 1628 ad
680 1587 884 1641 martyres
917 1599 1076 1640 quoque
1106 1587 1148 1629 et
1177 1587 1425 1629 confessores
1456 1586 1554 1629 feci:
1589 1599 1690 1640 quae

180 1656 382 1709 epistulae
414 1655 542 1697 etiam
572 1655 767 1708 plurimis
797 1655 968 1710 collegis
997 1655 1149 1698 nostris
1177 1657 1328 1698 missae
1357 1656 1614 1709 placuerunt,
1648 1657 1689 1698 et

178 1724 477 1777 rescripserunt
507 1737 550 1766 se
580 1736 740 1778 quoque
770 1724 985 1766 nobiscum
1014 1725 1057 1766 in
1087 1725 1230 1767 eodem
1263 1724 1431 1767 consilio
1462 1725 1687 1767 secundum

178 1793 429 1835 catholicam
450 1793 575 1835 fidem
598 1794 720 1835 stare.
743 1793 852 1846 quod
873 1793 1012 1847 ipsum
1034 1794 1080 1835 tu
1103 1794 1229 1836 etiam
1252 1794 1303 1836 ad
1325 1794 1506 1848 collegas
1527 1795 1687 1836 nostros
1702 1809 1734 1835 20

177 1874 278 1916 quos
298 1862 482 1916 potueris
503 1862 780 1912 transmitteS‚
803 1863 850 1904 ut
867 1863 975 1916 apud
997 1874 1138 1905 omnes
1159 1876 1265 1905 unus
1287 1864 1404 1905 actus
1426 1864 1467 1905 et
1487 1875 1569 1905 una
1592 1876 1688 1905 con-

178 1931 311 1973 sensio
352 1932 577 1973 secundum
614 1931 783 1973 Domini
824 1932 1042 1985 praecepta
1081 1932 1286 1974 teneatur.
1329 1932 1424 1986 opto
1465 1933 1519 1983 te,
1562 1931 1689 1974 frater

176 2000 401 2055 carissime,
425 2012 584 2054 semper
605 2000 706 2042 bene
727 2000 876 2043 ualere.

245 2160 360 2205 Epist.
392 2161 499 2195 XXV.
525 2180 569 2185 —
595 2160 730 2206 Incipit
760 2161 912 2205 epistola
942 2161 1111 2205 Cypriani
1146 2161 1317 2206 (epistula
1346 2172 1411 2196 om.
1440 2163 1492 2204 Io,
1526 2152 1685 2207 cypriani

176 2228 242 2252 om.
261 2219 296 2261 O)
313 2217 357 2252 ad
375 2218 586 2253 Caldonium
603 2218 670 2252 EI
675 2220 734 2260 To,
756 2229 821 2253 om.
842 2233 880 2259 ω,
908 2218 1067 2253 Secunda
1085 2218 1129 2253 ad
1147 2219 1295 2253 cundem
1312 2219 1441 2264 incipit
1458 2234 1483 2265 μ
1501 2221 1619 2264 (epist.
1640 2224 1685 2255 41

169 2276 406 2320 praemissa).
426 2296 468 2301 —
486 2276 507 2310 3
526 2276 644 2320 accepi
662 2290 687 2321 μ
790 2277 808 2310 7
828 2276 898 2321 ipsi
916 2287 961 2311 ea:
978 2276 1057 2321 ipsa
1079 2278 1111 2310 Τ
1199 2277 1460 2321 paenitentiam
1483 2279 1516 2312 T
1605 2289 1684 2313 con-

174 2333 325 2367 fusionis
347 2336 380 2367 T
507 2334 529 2368 8
547 2334 755 2369 iustificatis
772 2335 891 2369 E¹Toe
1017 2336 1099 2369 ante
1114 2346 1178 2370 om.
1199 2348 1224 2380 μ
1342 2327 1556 2371 damnauerf,
1567 2349 1592 2381 μ

174 2391 195 2425 9
213 2390 398 2425 abluerent
415 2393 456 2436 μι
589 2391 757 2436 primam]
782 2392 973 2437 pristinam
991 2403 1039 2437 μυ
1173 2393 1217 2426 10
1234 2393 1440 2438 posteriore]
1466 2394 1622 2437 postiore
1642 2394 1682 2436 T,

174 2448 309 2492 potiore
332 2448 384 2484 Vv
516 2447 670 2483 delerint
694 2450 727 2484 V
857 2450 897 2484 11
917 2450 1004 2484 facti
1029 2451 1065 2484 et
1089 2450 1196 2484 factis
1214 2453 1256 2495 μι
1391 2452 1434 2486 12
1452 2462 1531 2486 cum
1550 2451 1684 2486 christo

173 2516 238 2540 om.
260 2519 284 2550 μ
391 2516 427 2540 se
446 2507 539 2540 stare
558 2516 578 2540 ο
689 2506 731 2540 13
750 2506 800 2541 sic
818 2507 866 2551 et]
886 2507 916 2541 si
938 2507 980 2552 T,
999 2509 1035 2542 et
1054 2521 1081 2541 ω
1192 2509 1235 2542 14
1253 2519 1339 2553 quas
1358 2509 1411 2543 E¹
1515 2510 1682 2554 urgentes

172 2572 238 2597 om.
261 2564 294 2596 T
399 2554 459 2597 ”15
476 2564 564 2598 scire
588 2566 621 2598 T
735 2565 777 2599 16
794 2564 866 2599 tibi
883 2564 1015 2599 librum
1034 2579 1058 2610 μ
1178 2566 1220 2600 17
1238 2568 1417 2611 martyras
1434 2580 1459 2611 μ
1578 2567 1628 2612 et]
1646 2568 1682 2601 et

172 2619 215 2654 ad
236 2633 262 2653 ω
358 2621 403 2655 18
420 2620 544 2666 etiam]
562 2621 636 2655 iam
657 2622 737 2666 Τμυ
846 2622 891 2656 20
906 2623 970 2656 tua
987 2623 1097 2658 etiam
1119 2625 1157 2665 T,
1177 2623 1286 2658 etiam
1304 2626 1345 2658 tu
1363 2635 1411 2668 μυ
1504 2625 1547 2659 21
1565 2626 1681 2659 trans-

172 2677 315 2712 mittere
334 2681 386 2722 μ’,
406 2679 614 2713 transmitte
631 2691 653 2714 v
761 2680 958 2724 consensio]
977 2680 1148 2715 confessio
1167 2695 1191 2725 μ
1310 2682 1355 2716 22
1371 2681 1507 2716 domini
1525 2692 1590 2716 om.
1610 2695 1635 2727 μ

170 2737 206 2769 te
223 2734 347 2779 frater]
375 2745 437 2769 uos
454 2735 584 2770 fratres
608 2737 694 2780 ΤᾸμ.
713 2756 755 2761 —-
775 2736 938 2781 Epistola
956 2736 1126 2781 Cypriani
1144 2737 1187 2772 ad
1206 2738 1416 2773 Caldonium
1435 2739 1581 2783 explicit
1597 2739 1680 2780 ET,

170 2792 328 2837 Explicit
345 2792 389 2827 ad
407 2792 618 2828 Caldonium
637 2804 667 2836 0,
688 2804 752 2829 om.
773 2807 841 2838 μω.
861 2815 902 2819 -
