1838 3152
187 132 271 174 472
715 129 910 165 Caecilii
943 129 1158 174 Cypriani

185 235 292 276 male
314 233 607 289 cogitantium,
639 234 686 274 ut
708 233 786 275 sibi
808 234 1015 286 placeant,
1048 235 1094 275 ut
1122 233 1400 286 praepositum
1423 234 1596 287 superbo
1619 235 1687 274 tu-

185 315 296 344 more
318 303 593 344 contemnant.
636 301 694 343 sic
714 302 762 343 de
784 302 953 343 ecclesia
983 301 1208 355 receditur,
1242 301 1300 343 sic
1322 302 1450 343 altare
1472 302 1687 355 profanum

184 371 283 413 foris
305 371 556 424 conlocatur,
590 370 648 412 sic
669 371 807 412 contra
829 382 970 423 pacem
993 369 1144 411 Christi
1175 371 1216 411 et
1237 370 1537 412 ordinationem
1559 371 1688 423 adque

186 439 387 480 unitatem
416 439 492 480 Dei
515 439 751 480 rebellatur.
795 439 901 491 quod
933 439 966 480 si
999 439 1110 480 ultra
1131 439 1171 480 te
1195 438 1454 480 contumeliis
1477 439 1561 480 suis
1594 452 1687 481 exa-

184 507 411 549 cerbauerit
423 508 463 549 et
473 507 766 560 prouocauerit,
786 506 968 561 fungeris
991 508 1129 548 contra
1147 520 1239 548 eum
1256 508 1502 560 potestatem
1524 507 1685 549 honoris
1700 527 1714 549 5

183 576 258 630 tui,
291 577 337 618 ut
359 589 452 618 eum
481 577 548 618 uel
572 577 747 629 deponas
770 575 837 617 uel
867 575 1085 617 abstineas,
1127 588 1222 617 nam
1244 576 1279 617 si
1300 575 1506 628 apostolus
1529 575 1685 618 Paulus

183 644 234 686 ad
256 644 519 687 Timotheum
541 645 720 687 scribens
743 644 866 686 dixit:
900 644 952 685 iu
963 645 1122 686 uentu
1137 646 1238 686 tem
1258 645 1399 686 tuam
1431 656 1572 686 nemo
1605 646 1630 686 d
1645 658 1687 686 e-

184 713 317 767 spici
332 715 403 767 at,
428 714 578 767 quanto
601 713 734 768 magis
752 713 830 754 tibi
852 725 875 755 a
892 713 1062 767 collegis
1079 712 1163 755 tuis
1182 712 1398 755 dicendum
1416 715 1497 756 est:
1520 726 1688 756 senee-

183 783 348 825 tutem
380 783 521 824 tuam
553 793 694 824 nemo
727 781 1008 835 despiciat.
1051 782 1091 823 et
1122 782 1314 835 quoniam
1337 782 1539 836 scripsisti
1561 795 1688 835 quen—

184 851 279 893 dam
301 864 393 892 eum
416 852 556 893 eodem
578 850 744 892 diacono
766 851 836 891 tuo
859 863 899 892 se
920 851 1135 893 miscuisse
1156 852 1196 892 et
1213 851 1426 905 superbiae
1448 851 1534 893 eius
1556 852 1685 904 adque
1701 868 1734 894 10

185 921 376 962 audaciae
407 920 649 974 participem
675 933 779 974 esse,
813 920 921 961 hunc
955 932 1112 974 quoque
1134 922 1174 962 et
1206 921 1239 962 si
1271 921 1341 974 qui
1364 921 1435 962 alii
1457 921 1561 962 tales
1584 921 1688 962 exti-

183 989 308 1031 terint
338 990 378 1030 et
401 989 539 1030 contra
567 983 819 1030 saeerdotem
842 989 916 1031 Dei
948 989 1118 1031 fecerint
1140 989 1206 1031 uel
1238 1001 1418 1031 coercere
1439 990 1590 1043 poteris
1623 990 1688 1031 uel

182 1057 398 1099 abstinere.
439 1057 519 1099 nisi
542 1057 649 1111 quod
670 1057 882 1100 hortamur
904 1059 944 1099 et
975 1071 1188 1100 monemus
1210 1059 1256 1099 ut
1278 1070 1465 1111 peccasse
1488 1071 1529 1100 se
1550 1058 1686 1111 potins

182 1127 428 1181 intellegant
457 1128 498 1168 et
528 1126 782 1169 satisfaciant
811 1128 850 1168 et
871 1139 942 1168 nos
964 1128 1219 1180 propositum
1241 1128 1427 1168 nostrum
1448 1128 1584 1169 tenere
1614 1140 1686 1179 pa-

183 1196 353 1238 tiantur.
388 1196 522 1250 magis
546 1196 655 1237 enim
677 1197 865 1249 optamus
888 1196 928 1237 et
950 1196 1138 1250 cupimus
1162 1196 1432 1238 contumelias
1454 1196 1493 1237 et
1516 1195 1685 1237 iniurias
1703 1210 1732 1234 15

183 1266 442 1320 singulorum
463 1265 655 1307 clementi
687 1265 888 1317 patientia
919 1264 1080 1306 uincere
1102 1278 1226 1318 quam
1257 1265 1498 1306 sacerdotali
1520 1265 1687 1307 licentia

184 1334 404 1376 uindicare.
446 1335 541 1388 opto
564 1335 616 1388 te,
650 1334 776 1375 frater
798 1334 1021 1384 carissime,
1053 1347 1212 1387 semper
1240 1334 1340 1376 bene
1362 1334 1510 1375 ualere.

546 1527 1053 1600 EPISTVLA
1113 1527 1307 1600 IIII.

238 1640 522 1682 CYPPAANVS,
566 1641 830 1684 CAECILIVS,
872 1641 1059 1683 VICTOR,
1103 1641 1328 1682 SEDATVS,
1371 1640 1642 1675 TERTVLLVS

187 1698 285 1734 CVM
333 1698 650 1733 PRESBYTERIS
691 1698 773 1741 QVI
820 1698 1121 1733 PRAESENTES
1170 1698 1395 1733 ADERANT
1445 1697 1687 1735 POMPONJO
1704 1710 1737 1735 20

819 1756 996 1790 FRATRI
1023 1756 1056 1790 S.

151 1855 166 1895 l
242 1850 438 1905 Legimus
469 1850 630 1892 litteras
668 1854 779 1904 tuas,
812 1849 939 1891 frater
970 1850 1198 1903 carissime,
1232 1863 1330 1903 quas
1361 1863 1432 1904 per
1463 1850 1686 1892 Paeonium

187 1918 360 1961 fratrem
381 1920 568 1961 nostrum
590 1919 743 1961 misisti
765 1919 978 1973 postulans
1001 1920 1040 1960 et
1060 1919 1294 1962 desiderans
1317 1921 1362 1961 ut
1391 1919 1469 1961 tibi
1491 1920 1689 1961 rescribe-

325 2044 343 2077 τ
371 2043 388 2077 1
413 2043 503 2078 Tim.
528 2044 560 2085 4,
588 2042 642 2077 12.

256 2137 274 2170 1
303 2136 385 2180 sibi]
405 2136 454 2171 sie
471 2136 506 2170 P
580 2147 728 2181 superno
752 2138 784 2170 T
854 2137 876 2170 2
902 2138 1130 2171 contemnunt
1148 2138 1180 2171 T
1250 2137 1451 2182 regreditur
1470 2138 1504 2171 B
1567 2138 1587 2172 3
1607 2139 1691 2172 foris

187 2203 231 2228 θέε
255 2193 328 2228 fors
353 2194 388 2228 L
413 2205 456 2228 m.
481 2196 504 2228 2
604 2195 627 2228 4
652 2194 700 2231 si*
725 2194 760 2229 L
860 2195 881 2228 5
909 2195 1164 2239 prouocauerit]
1194 2195 1465 2238 proclainauerit
1494 2195 1537 2235 L,
1568 2195 1692 2239 proba-

188 2252 281 2286 uerit
301 2253 334 2286 T
384 2251 544 2296 fungeris
568 2252 630 2286 ille
648 2252 692 2294 L,
720 2252 880 2296 fungaris
905 2252 952 2297 Q²
981 2252 1153 2297 (fungeris
1171 2252 1283 2297 MQ1)
1339 2253 1472 2297 contra]
1499 2253 1590 2287 cirea
1614 2253 1690 2298 QV,

190 2309 321 2344 circum
344 2311 378 2343 T
442 2311 656 2354 potestatem
678 2309 760 2351 BV,
786 2311 964 2354 potestate
981 2309 1146 2355 LPQTv
1209 2310 1230 2344 6
1255 2310 1344 2354 eum]
1372 2320 1449 2344 eum
1467 2312 1642 2355 potestate
1665 2312 1698 2344 T

189 2366 209 2400 7
243 2367 418 2411 despiciat
450 2368 483 2400 T
504 2367 613 2411 (item.
648 2367 670 2402 l.
703 2368 740 2411 9)
850 2368 872 2402 8
908 2367 1045 2412 quando
1083 2369 1115 2401 T
1220 2369 1282 2401 tua
1316 2367 1384 2401 tibi
1421 2368 1454 2403 T
1553 2368 1596 2402 10
1631 2370 1692 2402 tuo

188 2434 253 2459 om.
281 2424 327 2464 B,
352 2425 394 2459 in
419 2435 490 2459 ras.
518 2424 553 2459 P
576 2436 620 2459 m.
646 2426 672 2459 2
750 2424 984 2459 miscernisset
1005 2427 1037 2458 T
1105 2425 1145 2458 11
1173 2424 1311 2460 ali*i*P
1388 2425 1583 2459 extiterunt
1602 2426 1631 2458 L

189 2482 232 2515 12
250 2473 286 2516 di
304 2482 377 2516 Ps.
393 2481 415 2516 l.
433 2492 478 2516 m.
492 2482 518 2516 2
581 2481 672 2515 certe
686 2480 863 2515 cohercere
885 2483 917 2514 T
988 2480 1143 2526 potueris
1162 2481 1196 2515 L
1261 2481 1303 2514 14
1320 2481 1562 2525 praepositum
1578 2481 1648 2525 LQ

189 2540 233 2573 15
258 2541 294 2573 et
327 2538 497 2573 iniuriam
533 2538 609 2583 ΩΤ,
636 2548 703 2573 om.
735 2537 771 2573 B
868 2538 909 2572 17
935 2540 1067 2583 opto..
1083 2564 1091 2573 .
1111 2538 1230 2572 ualere
1263 2549 1326 2573 orm..
1355 2539 1400 2582 Ι),
1434 2540 1515 2582 opto
1545 2540 1580 2572 te
1606 2538 1691 2573 bene

191 2597 307 2631 ualere
327 2597 371 2631 Β.
406 2616 449 2622 -
483 2596 537 2631 Ad
569 2596 730 2641 (Caecilii
763 2596 931 2641 Cypriani
964 2595 1007 2630 ad
1033 2596 1081 2640 B)
1107 2596 1347 2640 Rogatianum
1373 2595 1414 2630 de
1446 2596 1588 2630 diacono
1615 2584 1687 2639 eff

191 2654 277 2688 ΒΜ
280 2655 318 2695 Τ,
344 2642 417 2698 eff
425 2653 469 2688 ad
486 2653 726 2698 Rogatianum
743 2653 785 2688 de
802 2653 947 2688 diacono
962 2653 1006 2694 P,
1029 2653 1072 2687 ad
1086 2653 1325 2697 Rogatianum
1342 2642 1464 2698 effiQ,
1495 2663 1559 2688 om.
1581 2653 1622 2687 L.
1648 2673 1689 2678 —-

258 2711 371 2755 Epist.
393 2711 483 2746 1111,
501 2731 540 2736 -—
560 2711 694 2756 Incipit
718 2711 763 2745 ad
787 2711 1019 2755 Pomponium
1045 2711 1265 2755 (Pompeium
1290 2710 1395 2756 Q1M)
1424 2711 1465 2745 de
1491 2711 1691 2754 uirginibus

193 2768 450 2813 BLMQRW.
478 2789 520 2794 —
547 2769 590 2803 19
615 2769 767 2803 tertulus
797 2768 844 2814 Q,
870 2768 1021 2803 tertalus
1053 2769 1097 2801 W
1186 2768 1231 2803 20
1254 2779 1331 2803 eum
1357 2768 1587 2813 presbyteris]
1615 2779 1693 2802 oon-

191 2826 377 2869 presbiteri
396 2826 430 2862 R
519 2826 563 2860 23
590 2826 819 2861 scriberemus
838 2826 873 2861 B
