1838 3152
496 263 708 308 Epistula
739 262 1217 298 XXVIII.—XXVIIII.
1520 267 1604 309 547

32 399 35 401 »
102 368 291 423 gloriam,
328 368 490 409 tantum
528 367 713 422 gratulor
747 366 904 420 pariter
933 367 974 408 et
1002 367 1120 409 uobis
1141 367 1191 409 ob
1213 368 1440 410 dominicae
1478 369 1606 411 etiam

102 435 342 489 disciplinae
389 448 590 478 coronam.
640 435 921 490 dignationem
970 447 1087 477 suam
1130 435 1332 478 Dominus
1379 437 1603 491 multiplici

102 517 248 560 genere
284 505 495 559 largitatis
531 503 700 554 infudit,
737 504 936 546 bonorum
972 503 1159 546 militum
1195 504 1336 547 laudes
1373 507 1413 547 et
1451 506 1604 560 glorias

101 572 307 626 spiritales
328 573 488 626 copiosa
509 572 710 614 uarietate
731 572 958 614 distribuit.
982 572 1154 614 honores
1175 573 1305 614 uestri
1327 573 1546 627 participes
1565 575 1605 615 et

72 658 86 683 a
101 653 172 683 1103
194 653 348 695 311111113,
383 641 558 696 gloriam
579 642 759 683 uestram
780 641 964 683 nostram
986 640 1163 696 gloriam
1185 641 1469 695 conputamuS,
1502 655 1603 695 quo-

99 722 193 751 rum
224 710 410 764 tempora
440 710 682 752 inlustrauit
714 711 832 752 tanta
862 709 1041 751 felicitas
1064 710 1111 751 ut
1131 710 1264 751 aetate
1297 711 1435 751 nostra
1465 710 1605 753 uidere

101 778 356 832 contingeret
377 778 570 831 probatos
592 790 729 820 seruos
751 778 827 820 Dei
850 779 891 820 et
907 777 1060 820 Christi
1084 778 1242 820 milites
1264 780 1487 821 coronatos.
1511 781 1606 832 opto

100 860 185 896 uos,
207 846 423 888 fortissimi
445 859 492 889 30
513 847 748 889 beatissimi
769 847 931 898 fratreS,
954 860 1115 901 semper
1135 847 1236 889 bene
1257 847 1397 889 ualere
1418 849 1460 889 et
1475 848 1605 890 nostri

99 928 347 958 memmlsse.

56 1159 88 1184 10
358 1107 875 1180 EPISTVLA
932 1107 1340 1180 XXVIIII.

167 1244 434 1279 CYPRIANVS
459 1243 782 1279 PRESBYTERIS
807 1244 864 1278 ET
890 1243 1182 1280 DIACONIBvs
1207 1244 1473 1279 FRATRIBVS
1499 1246 1534 1280 S.

155 1357 217 1400 Ne
238 1359 338 1412 quid
369 1359 660 1401 conscientiam
682 1359 863 1400 uestram
891 1359 1051 1409 lateret,
1087 1358 1234 1400 fratres
1256 1359 1471 1410 carissimi,
1504 1361 1604 1414 quid

98 1427 203 1468 mihi
232 1428 432 1481 scriptum
463 1428 518 1469 sit
547 1428 726 1481 quidque
748 1440 822 1482 ego
844 1427 1136 1480 rescripserim,
1170 1428 1387 1482 utriusque
1409 1429 1604 1482 epistolae

98 1496 331 1550 exemplum
354 1497 471 1539 uobis
488 1496 605 1538 misi:
629 1498 670 1538 et
687 1497 805 1538 credo
823 1496 940 1538 uobis
957 1495 999 1537 id
1017 1496 1125 1549 quod
1145 1496 1335 1550 rescripsi
1356 1509 1435 1539 non
1457 1498 1603 1552 displi—

53 1581 84 1605 15
98 1577 196 1606 cere.
235 1566 306 1607 sed
328 1566 368 1607 et
389 1565 496 1606 illud
526 1566 577 1607 ad
608 1577 681 1607 uos
713 1565 891 1619 perferre
923 1565 1077 1607 litteris
1109 1565 1212 1607 meis
1247 1565 1370 1607 debui
1401 1569 1604 1621 urguente

96 1646 217 1676 causa
249 1635 356 1676 clero
379 1635 420 1676 in
442 1634 541 1676 urbe
574 1634 814 1676 consistenti
846 1634 1010 1676 litteras
1039 1646 1104 1675 me
1132 1633 1309 1676 misisse.
1347 1635 1389 1676 et
1410 1635 1602 1689 quoniam

94 1703 275 1756 oportuit
305 1716 370 1745 me
398 1716 470 1757 per
498 1703 665 1745 clericos
696 1703 887 1754 scribere,
920 1703 1003 1744 scio
1035 1703 1176 1744 autem
1209 1703 1368 1746 nostros
1400 1704 1603 1758 plurimos

163 1840 181 1873 1
202 1839 338 1883 gloriae
355 1850 400 1873 ex
417 1839 571 1884 gloriam
597 1839 627 1874 C
754 1839 777 1873 2
794 1849 900 1883 quam
924 1838 1169 1884 dignationem
1188 1849 1287 1874 suam
1305 1839 1353 1880 N,
1380 1839 1601 1884 dignationis

93 1907 176 1930 31130
199 1896 229 1941 Q
314 1885 433 1931 d'nTL-
517 1896 540 1930 3
557 1895 661 1930 laude
680 1896 716 1930 P
800 1896 953 1941 gloriam
971 1896 1172 1941 spiritalem
1190 1897 1235 1931 N
1312 1897 1335 1931 4
1352 1898 1511 1941 copiosas
1531 1897 1561 1933 C

91 1954 114 1988 5
130 1954 246 1999 gloria
264 1955 383 1988 uestra
406 1954 436 1989 C
527 1955 648 1988 nostra
666 1953 702 1987 P
808 1954 830 1988 6
847 1955 1002 1988 aetatem
1019 1955 1177 1988 nostram
1194 1953 1251 1988 Pv
1360 1954 1380 1988 7
1398 1954 1602 1999 contingere

95 2011 167 2055 LQ
276 2012 312 2045 et
329 2010 496 2055 probatos
519 2011 549 2056 Q
664 2021 869 2046 coronamus
888 2011 924 2047 R
1039 2012 1123 2055 opto
1142 2037 1149 2045 .
1165 2037 1172 2044 .
1188 2037 1197 2047 .
1216 2011 1420 2046 meminisse
1439 2022 1505 2046 om.
1529 2012 1560 2047 G

94 2069 117 2102 ὃ
135 2068 264 2102 fratres
281 2079 346 2103 om.
371 2068 401 2113 Q
506 2068 543 2102 in
561 2056 630 2102 ciffi
646 2079 782 2113 semper
799 2069 834 2103 L
933 2070 969 2103 et
985 2069 1100 2103 nostri
1118 2068 1323 2103 meminisse
1340 2080 1405 2104 om.
1426 2069 1470 2111 P,
1489 2070 1525 2103 et
1542 2057 1601 2103 iffi

93 2137 169 2161 esse
187 2127 223 2162 R
352 2127 374 2161 9
397 2127 613 2172 meminisse]
645 2127 732 2163 add.
758 2127 805 2162 M
810 2128 859 2172 Q.-
889 2127 1094 2162 emendauit
1118 2127 1275 2161 iustinus
1301 2138 1426 2162 romae.
1448 2147 1491 2153 --—
1507 2127 1600 2162 Mosi

94 2184 223 2229 (moysi
241 2185 290 2229 P)
313 2186 349 2218 et
365 2185 520 2219 Maximo
538 2184 756 2229 presbyteris
780 2174 919 2229 (lirr'N,
951 2185 1237 2230 presbyterorum
1256 2186 1304 2230 L)
1323 2186 1358 2219 et
1376 2185 1504 2219 ceteris
1520 2195 1601 2220 con·

94 2241 288 2276 sessoribus
317 2242 465 2287 explicit
494 2241 652 2287 LNPQ,
686 2242 845 2287 Explicit
873 2242 1025 2287 epistola
1050 2242 1219 2287 Cypriani
1247 2243 1347 2287 (Exp.
1377 2253 1406 2277 e.
1431 2242 1602 2287 Cypriani

93 2311 157 2336 om.
184 2300 235 2344 R)
264 2299 307 2334 ad
336 2299 482 2344 Moysen
512 2301 548 2334 et
581 2299 641 2344 (ad
671 2300 713 2344 C)
743 2299 938 2334 Maximum
967 2301 1003 2335 et
1032 2302 1166 2335 ceteros
1195 2300 1411 2335 confessores
1441 2299 1602 2344 (explicit

93 2358 179 2393 add.
198 2358 248 2401 R)
272 2357 348 2393 CR.
366 2377 408 2381 -

162 2415 275 2460 Epist.
295 2414 487 2449 XXVIIII.
513 2434 556 2440 —
574 2414 708 2459 Incipit
725 2414 897 2459 (epistula
914 2414 1075 2460 Cipriani
1100 2415 1185 2450 add.
1205 2416 1255 2450 M
1257 2416 1304 2458 T)
1335 2414 1380 2449 ad
1397 2414 1529 2449 clerum
1547 2414 1601 2448 in-

93 2473 239 2506 sinuans
272 2472 365 2516 quod
395 2472 435 2506 ut
464 2472 573 2506 Rome
605 2471 749 2506 litteras
782 2472 925 2507 mittere
959 2474 1041 2517 (om.
1074 2472 1172 2517 EM)
1205 2472 1332 2507 fecisse
1361 2482 1398 2506 se
1427 2472 1601 2516 Optatum

93 2530 231 2574 (optato
247 2530 294 2564 Μ
297 2532 308 2573 >
326 2529 633 2574 hyppodiaconum
651 2528 906 2574 (hypodiacono
924 2530 1018 2574 MT)
1037 2531 1074 2564 et
1090 2530 1259 2565 Saturum
1285 2529 1452 2564 lectorem
1470 2529 1556 2563 EM
1561 2529 1599 2569 T,

92 2587 227 2631 Incipit
245 2587 289 2622 ad
307 2588 439 2622 clerum
468 2587 654 2622 insinuans
686 2587 778 2633 quod
802 2589 974 2633 utrasque
998 2588 1141 2622 litteras
1166 2598 1262 2622 rome
1284 2587 1409 2622 fecisse
1427 2586 1601 2632 Optatum

93 2644 260 2678 Saturum
279 2646 315 2678 et
332 2644 579 2689 ipodiaconum
597 2645 720 2680 fecisse
737 2645 905 2680 lectorem
922 2655 953 2687 o,
978 2645 1030 2679 De
1046 2644 1244 2679 redditione
1261 2633 1451 2689 epi‘urbici
1468 2642 1602 2678 descri-

92 2700 211 2735 bentis
229 2701 361 2736 Romae
385 2701 429 2736 ad
446 2701 579 2736 clerum
597 2715 635 2747 μ,
659 2712 725 2737 om.
745 2716 785 2737 ω.
804 2723 847 2727 -
866 2703 910 2737 12
926 2713 989 2737 uos
1007 2703 1065 2737 uel
1083 2701 1336 2737 conscientiam
1353 2702 1510 2735 uestram
1528 2713 1553 2745 μ

91 2757 204 2792 131010
226 2758 259 2792 T
389 2759 432 2793 13
450 2758 606 2804 quidque
631 2770 697 2805 ego
720 2759 962 2804 rescripserim
988 2770 1053 2795 om.
1073 2760 1161 2795 Εοω
1295 2759 1338 2793 14
1362 2757 1463 2792 uobis
1487 2767 1603 2791 exem-

90 2815 188 2859 plum
201 2827 222 2850 v
309 2816 352 2850 15
365 2816 500 2851 litteris
519 2816 607 2851 meis
626 2816 777 2861 perferre
792 2831 819 2851 ω
909 2817 953 2852 16
966 2828 1021 2852 1110
1039 2816 1191 2862 misisse]
1206 2815 1410 2851 meminisse
1425 2815 1473 2849 M
1474 2815 1527 2859 Τμ
1542 2815 1548 2832 ¹

92 2871 133 2905 17
151 2872 277 2907 clerico
296 2873 343 2907 M
432 2873 564 2918 autem]
583 2873 678 2908 enim
697 2887 725 2908 ω

1233 2931 1327 2974 35*
