1838 3152
528 243 586 276 De
611 241 704 276 zelo
730 243 772 276 et
799 241 943 275 liuore
973 252 1001 275 c.
1028 241 1173 275 13—15.
1521 241 1606 282 429

101 348 342 392 scondita
372 348 449 388 est
480 358 589 387 cum
622 345 833 387 Christo
865 345 915 386 in
946 345 1059 386 De0.
1113 357 1221 385 cum
1253 344 1492 386 Christus
1524 356 1605 397 ap-

102 416 339 473 paruerit
370 415 480 457 uita
525 415 723 465 uestra,
768 415 888 455 tunc
921 414 968 455 et
999 426 1085 455 uos
1117 413 1448 467 apparebitis
1482 411 1605 469 [cum

101 486 168 544 eo]
202 487 251 528 in
282 485 465 540 gloria.
499 484 569 538 qui
591 497 687 539 ergo
710 484 752 525 in
774 483 979 536 baptismo
1001 482 1226 524 secundum
1247 482 1425 524 hominis
1446 481 1608 534 antiqui

101 556 268 612 peccata
301 555 484 596 carnalia
514 555 555 596 et
586 553 741 596 mortui
763 555 803 595 et
826 553 979 606 sepulti
1011 564 1176 603 sumus,
1208 552 1279 605 qui
1301 551 1608 606 regeneratione

74 624 269 668 scaelesti
292 622 455 665 Christo
478 622 828 671 consurreximus,
860 634 962 674 quae
992 622 1088 662 sunt
1119 619 1274 662 Christi
1307 622 1348 662 et
1380 619 1607 674 cogitemus

101 694 256 748 pariter
288 694 329 734 et
361 704 572 747 geramUS‚
605 691 712 733 sicut
743 690 854 732 idem
876 690 1083 744 apostolus
1106 689 1225 731 docet
1246 702 1387 730 rursus
1407 690 1449 730 et
1470 689 1610 729 monet

101 764 257 805 dicens:
291 761 491 816 primus
521 761 665 802 homo
697 760 754 802 de
786 762 955 802 terrae
986 759 1130 809 limo,
1178 757 1433 800 secundus
1464 757 1608 798 homo

100 832 158 874 de
190 832 340 873 caelo.
389 829 563 883 qualis
605 829 700 871 ille
743 842 763 871 e
802 830 946 879 limo,
994 828 1126 870 tales
1160 830 1208 870 et
1247 826 1332 881 qui
1373 826 1428 868 de
1467 826 1608 868 limo:

100 902 148 943 et
178 899 346 953 qualis
377 899 644 949 caelestis,
677 898 809 940 tales
841 899 889 940 et
921 898 1187 939 caelestes.
1221 896 1467 950 quomodo
1498 908 1608 949 por-

56 969 334 1011 rotauimus
366 969 654 1024 imaginem
686 968 796 1010 eius
829 967 914 1021 qui
947 967 1003 1009 de
1034 967 1158 1008 limo
1201 967 1297 1016 est,
1344 966 1609 1020 portemus

101 1039 149 1080 et
188 1037 467 1092 imaginem
508 1037 619 1079 eius
666 1036 751 1089 qui
799 1036 856 1078 de
903 1036 1041 1078 caelo
1088 1036 1175 1077 est.
1223 1035 1448 1089 imaginem
1470 1035 1610 1076 autem

101 1106 319 1149 caelestem
342 1107 505 1160 portare
535 1117 615 1147 non
646 1116 886 1158 possumus,
919 1104 999 1146 nisi
1022 1104 1064 1145 in
1086 1116 1131 1145 eo
1153 1103 1262 1157 quod
1283 1116 1369 1145 esse
1390 1116 1498 1144 nunc
1519 1115 1610 1145 coe-

101 1176 238 1230 pimus
260 1175 416 1217 Christi
438 1174 759 1216 similitudinem
780 1174 1061 1227 praebeamus,

0 1288 1 1292 ,
161 1244 249 1286 Ηο0
280 1245 341 1285 est
373 1243 483 1286 enim
515 1244 698 1285 mutasse
729 1242 836 1296 quod
870 1242 1005 1284 fueras
1027 1242 1068 1284 et
1091 1241 1271 1295 coepisse
1293 1253 1380 1282 esse
1401 1241 1510 1294 quod
1531 1253 1611 1282 non
1630 1239 1678 1280 15

0 1321 3 1372 ᾗ
56 1324 86 1349 ¹⁵
102 1326 189 1356 eras
204 1346 213 1364 ,
236 1315 283 1355 ut
304 1314 347 1355 in
368 1315 409 1354 te
431 1312 574 1354 diuina
594 1312 793 1354 natiuitas
815 1313 964 1363 luceat,
987 1312 1034 1353 ut
1055 1311 1108 1353 acl
1128 1313 1289 1365 patrem
1310 1310 1446 1352 Deum
1469 1309 1612 1352 deifica

101 1382 319 1435 disciplina
343 1383 608 1436 respondeat,
640 1385 687 1425 ut
718 1382 868 1424 honore
901 1382 942 1424 et
973 1382 1096 1423 laude
1129 1381 1298 1423 uiuendi
1320 1381 1431 1422 Deus
1462 1381 1505 1421 in
1535 1380 1609 1422 ho-

101 1452 210 1494 mine
233 1452 429 1494 clarescat
446 1451 534 1505 ipso
552 1452 790 1494 exhortante
811 1453 852 1493 et
873 1452 1064 1493 monente
1087 1450 1127 1492 et
1149 1450 1207 1492 eis
1229 1449 1299 1503 qui
1321 1462 1364 1491 se
1385 1448 1613 1491 clarificant

101 1520 234 1562 uicem
257 1522 447 1562 mutuam
469 1520 699 1573 pollicente.
748 1532 849 1571 eos,
891 1520 1046 1573 inquit,
1079 1519 1165 1573 qui
1198 1517 1505 1561 clarificant
1535 1530 1611 1560 me

100 1589 436 1639 clarificabo,
484 1590 537 1631 et
582 1589 667 1643 qui
712 1589 921 1643 spernit
965 1602 1039 1631 me
1086 1589 1371 1642 spernetur.
1415 1587 1612 1641 adquam

53 1657 440 1701 aoclarificationem
473 1658 653 1700 formans
695 1671 767 1700 nos
807 1672 853 1700 ac
894 1670 1137 1713 praeparans
1177 1657 1379 1700 Dominus
1420 1658 1461 1699 et
1501 1655 1612 1698 filius

97 1727 175 1770 Dei
207 1727 528 1769 similitudinem
549 1727 628 1769 Dei
659 1727 789 1780 patris
820 1727 1032 1769 insinuans
1063 1727 1106 1769 in
1138 1726 1351 1782 euangelio
1382 1738 1454 1768 suo
1487 1725 1610 1768 dicit:

96 1796 328 1838 audistis
359 1796 482 1849 quia
512 1796 708 1838 dictum
742 1798 840 1838 est:
887 1796 1083 1851 diliges
1114 1796 1401 1849 proximum
1433 1795 1532 1837 tibi
1564 1795 1611 1836 et

98 1865 275 1907 odibis
306 1865 583 1907 inimicum
613 1865 727 1907 tibi.
776 1878 867 1921 ego
910 1866 1078 1908 autem
1120 1866 1234 1908 dico
1274 1865 1445 1907 uobis:
1491 1864 1611 1906 dili-

97 1933 206 1989 gite
237 1934 485 1976 inimicos
518 1936 726 1977 uestros
758 1936 806 1977 et
837 1936 978 1977 orate
1010 1946 1095 1988 pro
1126 1934 1206 1976 his
1239 1934 1323 1988 qui
1369 1946 1456 1976 uos
1502 1946 1611 1988 per-

232 2082 251 2116 7
278 2083 296 2118 Ι
314 2083 390 2118 Cor.
412 2084 465 2125 15,
483 2085 527 2119 47
545 2096 597 2130 sq.
673 2087 715 2121 18
742 2087 759 2121 1
777 2086 871 2121 Sam.
889 2087 920 2128 2,
939 2087 993 2121 30.
1071 2087 1115 2121 22
1141 2086 1273 2121 Matth.
1291 2085 1324 2127 5,
1340 2085 1386 2120 43
1403 2095 1454 2130 sq.

166 2210 184 2244 1
210 2210 246 2244 111
264 2209 328 2244 deo
346 2221 414 2245 om.
432 2211 471 2246 D
581 2223 660 2247 cum
679 2214 798 2247 autem
816 2213 922 2249 MBv
1026 2214 1048 2248 2
1073 2213 1294 2258 apparebitis
1311 2224 1391 2248 cum
1409 2224 1449 2248 eo
1467 2214 1559 2258 (ipso
1576 2210 1612 2253 v)

104 2266 189 2302 WD
198 2267 265 2307 Vv,
290 2278 369 2302 cum
388 2279 426 2302 eo
445 2279 522 2313 app.
546 2270 649 2313 MB,·
676 2271 723 2314 ef.
743 2274 820 2306 test.
841 2271 863 2305 l.
881 2282 910 2307 c.
1065 2271 1087 2305 3
1111 2271 1229 2316 gloria
1246 2271 1465 2316 sempiterna
1482 2271 1544 2306 M²

99 2324 135 2360 in
152 2336 217 2361 om.
237 2326 285 2360 M
290 2327 299 2344 ¹
404 2327 426 2361 4
454 2328 490 2361 ct
511 2328 657 2373 mortui]
676 2328 830 2364 emortui
848 2329 899 2364 W
1014 2329 1275 2373 regenerationi
1292 2328 1332 2363 D
1451 2328 1473 2363 5
1498 2330 1535 2362 et
1553 2329 1611 2368 W,

99 2381 184 2419 haee
200 2384 256 2427 D,
282 2395 347 2420 om.
367 2384 448 2419 ΜΒ
617 2387 639 2421 6
664 2385 756 2420 1(10111
773 2397 840 2421 om.
860 2387 908 2421 M
1059 2397 1163 2421 rusus
1181 2397 1236 2420 mo
1244 2388 1305 2421 net
1321 2387 1358 2420 et
1374 2385 1478 2420 docet
1495 2386 1542 2421 M

100 2441 119 2475 7
144 2441 263 2477 dicens
281 2454 326 2478 επ
344 2443 470 2479 docens
491 2446 539 2481 W
620 2447 716 2479 terra
734 2456 751 2479 e
769 2444 855 2479 limo
869 2444 923 2486 D,
950 2446 1046 2479 terra
1063 2446 1226 2479 terrenus
1243 2443 1292 2478 M
1371 2444 1393 2478 8
1418 2454 1436 2478 0
1452 2442 1549 2478 caelo
1563 2443 1612 2483 D,

99 2497 142 2534 de
158 2500 254 2534 caelo
273 2501 440 2536 caelestis
458 2502 506 2536 M
573 2502 635 2536 1110
653 2513 720 2538 om.
739 2502 789 2537 M
856 2513 874 2536 e
892 2502 978 2537 limo
997 2502 1131 2543 WDB,
1146 2501 1189 2537 de
1204 2501 1227 2537 l.
1247 2512 1279 2543 v,
1296 2503 1458 2536 terrenus
1472 2501 1521 2535 M
1525 2514 1537 2544 ;
1563 2501 1611 2543 cf.

100 2559 176 2591 test.
197 2557 269 2592 III
284 2561 326 2592 11
343 2569 382 2602 1).
401 2560 474 2593 123
568 2559 655 2594 talis
673 2559 711 2594 D
807 2560 870 2604 qui
887 2559 928 2594 dc
947 2560 1046 2605 111110]
1065 2559 1198 2594 terreni
1219 2559 1269 2594 M
1357 2558 1379 2592 9
1403 2557 1490 2592 talis
1506 2557 1545 2592 D

102 2613 146 2648 10
168 2613 223 2659 de]
250 2625 267 2649 e
285 2615 323 2650 D
395 2616 449 2650 ita
466 2618 647 2660 portemus
664 2617 703 2651 D
775 2618 815 2651 11
842 2617 897 2662 de]
916 2628 934 2651 0
951 2617 989 2651 D
1067 2617 1110 2651 12
1135 2617 1240 2662 nunc]
1260 2617 1332 2651 iam
1349 2615 1417 2651 Mv
1500 2615 1543 2649 15
1568 2614 1612 2649 ad

102 2680 165 2705 mn.
187 2672 225 2706 D
296 2673 338 2707 17
365 2673 533 2708 hortante
550 2674 588 2708 D
659 2674 859 2710 clarificent
872 2675 955 2710 ΜΒ
1026 2674 1069 2709 18
1094 2674 1222 2719 uicem]
1242 2673 1357 2709 lucem
1375 2673 1424 2707 M
1506 2672 1611 2717 polli-

101 2731 235 2763 centem
254 2730 375 2765 DMB
451 2732 494 2766 19
519 2731 701 2775 spernitur
718 2732 776 2775 D,·
796 2733 843 2775 cf.
862 2732 907 2767 de
924 2732 1016 2767 dom.
1034 2735 1127 2766 orat.
1147 2742 1175 2766 c.
1195 2734 1237 2765 11
1310 2729 1356 2764 20
1379 2729 1608 2773 praeparans]

102 2787 327 2822 corroborans
348 2789 397 2824 W
488 2789 575 2823 tiliis
592 2789 630 2823 D
722 2790 766 2824 21
792 2789 849 2824 (101
867 2789 970 2834 (ante
987 2789 1115 2834 patris)
1133 2799 1198 2823 om.
1219 2788 1254 2822 B
1352 2787 1397 2821 22
1422 2785 1610 2821 Aaudistis

111 2843 158 2877 W
222 2845 346 2890 diligis
364 2846 402 2880 D
498 2846 543 2881 23
567 2846 683 2881 odibis
704 2847 805 2888 WB,
831 2847 927 2882 odies
946 2858 990 2881 ex
1006 2846 1097 2881 odiis
1115 2846 1173 2886 M,
1199 2845 1278 2880 odio
1296 2844 1445 2879 habebis
1462 2843 1544 2887 Dv;
1563 2845 1608 2887 cf.

101 2900 146 2935 de
163 2902 254 2937 bono
267 2907 346 2947 pat.
367 2915 394 2938 c.
413 2906 433 2938 5
511 2903 555 2938 24
580 2903 652 2948 his]
671 2904 722 2938 eis
740 2904 788 2939 M
855 2906 1109 2949 persequentur
1130 2904 1177 2938 M
1183 2905 1191 2922 ¹
