1838 3152
644 242 882 285 Epistulae
907 242 1125 276 L11.c.‘2-
1146 243 1179 276 4.
1574 244 1658 285 619

157 347 388 389 tenuerunt.
426 345 590 398 spoliati
623 345 674 386 ab
706 345 778 386 illo
816 345 978 399 pupilli,
1017 345 1231 387 fraudatae
1266 345 1427 395 uiduae,
1466 345 1659 398 pecuniae

159 427 317 468 quoque
353 413 546 455 ecclesiae
581 413 804 467 denegatae
836 413 909 455 has
930 413 980 455 de
1001 414 1073 455 illo
1106 414 1276 467 exigunt
1309 426 1458 467 poenas
1493 426 1594 467 quas
1616 414 1657 455 in
1722 416 1732 432 '

160 483 246 525 eius
278 482 413 524 furore
446 481 731 534 conspicimus
762 483 879 534 pater
908 482 1031 523 etiam
1055 481 1143 523 eius
1165 482 1206 523 in
1228 482 1319 523 uico
1341 483 1451 524 fame
1472 484 1661 524 mortuus

161 553 202 593 et
222 551 272 593 ab
296 563 340 592 eo
363 551 404 592 in
427 552 558 592 morte
587 551 850 605 postmodum
880 563 952 592 nec
980 552 1178 603 sepultus,
1215 551 1355 592 uterus
1385 552 1520 593 uxoris
1550 551 1662 593 calce

131 632 373 674 :spercussus
414 620 455 661 et
490 619 699 661 abortione
740 621 979 673 properante
1020 619 1062 661 in
1103 619 1371 673 parricidium
1412 621 1554 672 partus
1594 632 1663 660 ex-

159 701 332 743 pressus.
371 690 411 728 et
433 688 626 729 damnare
656 701 763 730 nnnc
791 689 916 730 audet
946 688 1266 730 sacrificantium
1297 701 1456 742 manus,
1493 701 1583 730 cum
1608 688 1664 729 sit

158 758 244 810 ipse
273 757 480 798 nocentior
508 756 692 808 pedibus,
723 757 871 809 quibus
902 757 1012 798 filius
1045 757 1115 810 qui
1145 757 1389 799 nascebatur
1410 757 1566 798 occisus
1588 758 1661 799 est.

216 826 334 867 Hanc
355 826 643 867 conscientiam
667 825 889 867 criminum
911 826 994 867 iam
1018 826 1175 879 pridem
1197 825 1383 866 timebat.
1409 827 1573 878 propter
1589 825 1664 866 hoc
1679 829 1702 869 3

159 907 200 936 se
230 907 309 936 non
343 896 392 936 de
424 894 676 948 presbyterio
708 895 877 936 excitari
912 895 1089 945 tantum,
1125 894 1194 936 sed
1226 895 1267 935 et
1297 893 1664 935 communicatione

114 982 146 1007 ιο
160 963 366 1018 prohiberi
395 976 468 1017 pro
498 964 608 1004 certo
629 963 809 1013 tenebat,
841 965 882 1004 et
904 962 1177 1018 urguentibus
1198 961 1399 1005 fratribus
1422 962 1667 1004 imminebat

160 1032 406 1087 cognitionis
423 1032 510 1073 dies
532 1044 610 1085 quo
633 1032 741 1085 apud
763 1043 834 1073 nos
858 1044 978 1074 causa
1000 1033 1087 1073 eius
1109 1034 1314 1087 ageretur,
1337 1031 1417 1073 nisi
1438 1031 1665 1085 persecutio

162 1102 256 1142 ante
286 1101 480 1153 uenisset,
517 1114 641 1154 quam
674 1101 754 1142 iste
785 1102 881 1142 uoto
913 1102 1090 1154 quodam
1122 1101 1356 1142 euadendae
1385 1101 1426 1142 et
1446 1100 1666 1142 lucrandae

160 1171 434 1212 damnationis
467 1170 668 1223 excipiens
700 1171 798 1213 haec
830 1170 968 1212 omnia
1000 1170 1210 1211 commisit
1240 1171 1280 1211 et
1309 1170 1489 1218 miscuit,
1521 1170 1567 1210 ut
1596 1169 1666 1222 qui

162 1239 237 1281 eici
267 1239 316 1281 de
338 1239 507 1281 ecclesia
529 1241 569 1281 et
591 1240 751 1281 excludi
781 1240 969 1289 habebat,
1001 1238 1201 1280 iudicium
1231 1239 1490 1281 sacerdotum
1520 1239 1667 1280 uolun-

120 1308 272 1350 1staria
308 1307 554 1350 discessione
589 1309 859 1361 praecederet,
896 1309 1011 1362 quasi
1051 1308 1228 1350 euasisse
1261 1308 1316 1349 sit
1348 1320 1518 1362 poenam
1551 1320 1667 1360 prae-

162 1377 323 1418 uenisse
345 1378 606 1419 sententiam.

220 1445 336 1487 Circa
365 1447 517 1487 ceteros
550 1448 688 1488 autem
724 1446 871 1488 fratres
905 1446 1174 1495 elaboramus,
1213 1458 1313 1499 quos
1343 1445 1393 1487 ab
1425 1457 1470 1487 eo
1492 1445 1706 1493 circum-4

165 1516 308 1556 uentos
348 1515 547 1563 dolemus,
591 1516 637 1556 111
672 1515 915 1556 ueteratoris
952 1514 1225 1568 perniciosum
1261 1515 1373 1556 latus
1411 1513 1586 1568 fugiant,
1623 1515 1670 1555 ut

163 1583 308 1624 letales
330 1584 496 1636 laqueos
519 1584 785 1625 sollicitantis
806 1584 993 1633 euadant,
1017 1585 1065 1625 ut
1082 1584 1130 1625 de
1153 1597 1232 1636 qua
1253 1583 1323 1625 ille
1344 1583 1442 1636 pelli
1466 1583 1669 1625 diuinitus

120 1671 154 1696 20
168 1651 322 1694 meruit
351 1652 563 1694 ecclesiam
595 1654 802 1706 repetant:
833 1664 932 1705 quos
962 1653 1128 1706 quidem
1153 1651 1327 1693 Domino
1358 1651 1580 1693 adiuuante
1601 1665 1673 1704 per

167 1721 253 1762 01113
283 1721 608 1762 misericordiam
638 1721 799 1776 regredi
822 1733 940 1775 posse
961 1720 1215 1762 confidimus.
1253 1733 1382 1773 neque
1404 1721 1513 1762 0111111
1535 1722 1672 1773 potest

163 1791 295 1844 perire
324 1790 401 1831 nisi
433 1802 555 1843 quem
578 1791 738 1832 constat
759 1802 844 1831 esse
866 1790 1110 1843 periturum,
1141 1802 1233 1830 cum
1258 1789 1459 1831 Dominus
1482 1789 1523 1830 in
1545 1802 1671 1831 euan—

164 1858 272 1913 gelio
305 1871 376 1900 suo
408 1859 540 1901 dicat:
584 1859 744 1900 omnis
785 1859 1048 1913 plantatio
1090 1872 1234 1912 qua-m
1276 1870 1370 1900 11011
1402 1858 1673 1911 plantauit

163 1930 310 1980 pater
351 1941 490 1969 meus
533 1928 780 1970 caelestis
821 1928 1192 1970 eradicabitur.
1242 1929 1311 1981 qui
1342 1928 1553 1980 plantatus
1592 1940 1670 1968 non

301 2089 344 2122 23
369 2088 499 2122 Matth.
531 2090 580 2130 15,
610 2089 661 2122 13.

235 2233 251 2265 1
272 2233 419 2276 pecunia
436 2232 472 2267 R
580 2234 602 2267 2
620 2232 910 2277 quoquaeclesiae
927 2233 967 2268 F
1068 2232 1261 2276 denegator
1278 2232 1316 2266 F
1407 2232 1487 2276 bas]
1505 2232 1541 2266 hi
1562 2232 1596 2266 P
1610 2232 1675 2267 sed

166 2288 187 2322 h
205 2299 231 2322 s.
250 2289 270 2323 l.
366 2290 388 2323 3
405 2290 482 2323 uico
500 2290 605 2334 fame]
625 2290 779 2324 uicoram
798 2290 837 2324 F
933 2290 956 2324 4
974 2291 1022 2335 ct]
1041 2292 1095 2324 est
1112 2292 1148 2324 et
1165 2301 1210 2324 ex
1226 2292 1282 2324 est
1299 2290 1334 2324 R
1428 2292 1575 2324 mortem
1597 2290 1627 2335 Q

165 2347 301 2391 uterus]
326 2357 430 2380 uerus
447 2346 486 2381 F
623 2358 726 2381 uxore
744 2347 783 2381 F
918 2348 940 2381 5
958 2358 1144 2391 percussus
1170 2358 1214 2381 ea:
1237 2347 1401 2391 perfusus
1425 2347 1454 2392 Q
1471 2358 1516 2381 m.
1533 2350 1557 2381 2
1580 2348 1673 2391 (per-

166 2403 265 2437 susus
286 2404 328 2439 M
334 2410 344 2447 )
436 2407 623 2449 properate
639 2405 674 2440 R
767 2406 789 2440 6
807 2405 937 2439 audeat
951 2405 996 2446 L,
1016 2405 1123 2439 audet
1141 2407 1176 2438 ct
1190 2405 1228 2439 F
1319 2404 1338 2438 7
1357 2404 1577 2440 innocentior
1599 2405 1628 2449 Q

167 2460 296 2504 quibus
314 2473 378 2495 om.
397 2461 437 2495 F
560 2463 621 2506 qui
639 2474 705 2497 om.
726 2463 798 2496 LP
925 2463 946 2496 9
964 2463 1015 2507 et]
1034 2465 1069 2496 01
1086 2462 1127 2496 (10
1146 2463 1182 2496 P
1298 2462 1609 2496 communicationi
1628 2462 1674 2501 F,

167 2518 518 2553 communicationem
548 2519 587 2564 Q,
622 2520 899 2554 communionem
927 2520 962 2554 L
1102 2521 1147 2554 10
1174 2520 1334 2564 tenebat]
1367 2519 1522 2554 timebat
1548 2520 1583 2554 P

169 2575 210 2609 11
229 2575 419 2610 conitionis
439 2577 473 2611 R
613 2578 655 2612 13
680 2579 720 2611 ut
746 2588 809 2612 om.
832 2578 875 2615 P.
901 2579 936 2611 et
954 2578 993 2612 F
1129 2578 1171 2611 14
1189 2578 1356 2621 habebat]
1381 2577 1531 2612 debebat
1551 2578 1585 2611 P

168 2632 298 2667 iudicio
316 2633 351 2668 R
490 2634 693 2678 uoluptaria
710 2634 749 2668 F
887 2636 930 2669 15
946 2635 1173 2679 praecederat
1190 2635 1239 2670 F.
1257 2634 1433 2669 recederet
1451 2634 1486 2669 R.
1626 2634 1675 2668 sit

169 2689 217 2722 eit
236 2689 284 2723 L·
410 2691 452 2723 16
469 2690 648 2725 sententia
667 2691 701 2726 L
820 2691 859 2725 17
879 2692 922 2725 ab
941 2692 992 2736 eo]
1013 2691 1125 2725 habeo
1142 2691 1210 2736 LQ
1327 2692 1588 2725 circumuentus
1607 2691 1677 2731 13¹,

168 2746 408 2780 circumuento
427 2747 472 2781 M
488 2747 761 2787 (circumuentos
785 2749 827 2793 Q)
954 2750 997 2782 18
1015 2751 1229 2783 ueteratores
1250 2748 1317 2793 LQ
1435 2748 1488 2791 111]
1506 2750 1542 2782 et
1560 2749 1632 2783 LP

170 2804 213 2837 19
232 2804 342 2847 laq.os
355 2804 395 2839 F
484 2804 725 2849 sollicitantis]
743 2805 881 2839 scilicet
898 2806 1012 2839 tantis
1026 2805 1065 2840 F
1155 2805 1334 2839 euaudant
1349 2805 1387 2839 F
1477 2805 1529 2849 111]
1548 2807 1583 2838 et
1597 2806 1638 2839 F

169 2861 215 2895 20
232 2863 267 2894 et
285 2861 467 2895 ecclesiam
488 2862 522 2896 L
615 2863 654 2896 21
678 2863 751 2896 eius
771 2874 836 2897 om.
857 2863 888 2896 L
984 2863 1029 2897 22
1046 2864 1161 2896 costat
1180 2862 1215 2897 R
