1838 3152
577 242 787 286 Epistula
812 241 985 276 11—111.
1444 243 1528 286 469

33 349 242 399 alimenta,
274 346 426 401 poterit
446 359 488 388 se
508 346 560 388 ad
582 358 652 387 nos
674 344 893 387 transferre
922 346 963 387 et
984 345 1049 387 hic
1071 345 1177 398 quod
1198 345 1277 387 sibi
1299 346 1349 387 ad
1371 342 1530 388 uictum

37 419 164 472 adque
191 417 240 459 ad
271 416 469 458 uestitum
501 414 775 456 necessarium
806 413 933 456 fuerit
962 414 1159 468 accipere,
1192 426 1264 456 nec
1295 414 1397 457 alios
1418 415 1530 456 extra

35 486 245 532 ecclesiam
273 484 465 526 mortalia
486 484 645 536 docere,
678 483 748 525 sed
780 483 867 536 ipse
889 483 1086 525 salutaria
1108 483 1151 524 in
1172 483 1339 526 ecclesia
1361 483 1529 526 discere.

34 557 128 612 opto
148 556 201 609 te,
234 554 293 596 fili
315 552 538 604 carissime,
571 564 731 606 semper
752 551 852 594 bene
873 551 1021 594 ualere.

7 813 26 839 ε
425 780 938 854 EPISTVLA
1001 781 1147 854 III.

288 940 605 977 CYPRIANVS
647 940 980 977 ROGATIANO
1030 939 1237 974 FRATRI
1277 940 1311 975 S.

93 1049 282 1100 Grauiter‘
305 1057 345 1098 et
375 1056 557 1098 dolenter
578 1055 756 1098 conmoti
781 1068 924 1098 sumus
945 1066 1018 1110 ego
1050 1055 1091 1096 et
1112 1054 1292 1110 collegae
1314 1055 1384 1108 qui
1415 1067 1533 1108 prae·
1552 1060 1569 1100 l

39 1127 167 1170 sentes
199 1125 386 1178 aderant,
419 1123 546 1166 frater
573 1124 782 1167 carissime
798 1157 808 1176 ,
841 1123 959 1166 lectis
987 1123 1142 1166 litteris
1174 1123 1278 1175 tuis,
1310 1123 1458 1177 quibus
1486 1123 1535 1166 de

39 1195 204 1238 diacono
224 1195 295 1235 tuo
317 1194 560 1247 conquestus
589 1206 630 1235 es
663 1193 770 1247 quod
791 1193 991 1235 inmemor
1011 1193 1275 1235 sacerdotalis
1296 1193 1374 1235 loci
1403 1193 1467 1235 tui
1496 1193 1537 1235 et

13 1263 162 1308 oofficii
197 1275 243 1304 ac
276 1262 495 1305 ministerii
524 1262 588 1305 sui
618 1262 771 1304 oblitus
807 1262 1069 1304 contumeliis
1104 1262 1145 1303 et
1175 1261 1339 1304 iniuriis
1374 1261 1458 1303 suis
1495 1262 1536 1304 te

14 1357 15 1366 κ
42 1332 352 1376 exacerbauerit.
385 1333 425 1373 et
446 1333 493 1373 tu
516 1331 682 1385 quidem
703 1331 919 1373 honorifice
948 1332 1055 1374 circa
1076 1342 1148 1372 nos
1171 1332 1211 1373 et
1227 1342 1299 1384 pro
1321 1330 1443 1373 solita
1464 1331 1537 1374 tua

14 1411 18 1440 ι
40 1399 274 1443 humilitate
294 1400 449 1451 fecisti,
482 1402 529 1442 ut
550 1400 695 1442 malles
716 1400 765 1442 de
787 1411 832 1442 eo
853 1399 969 1442 nobis
999 1399 1211 1453 conqueri,
1244 1412 1338 1442 cum
1359 1411 1430 1454 pro
1450 1399 1537 1453 epi-

14 1487 19 1500 ·
41 1470 224 1523 scopatus
245 1468 386 1523 uigore
407 1470 449 1511 et
476 1468 693 1511 cathedrae
714 1468 958 1511 auctoritate
992 1468 1161 1510 haberes
1190 1469 1437 1522 potestatem
1458 1480 1537 1522 qua

41 1549 171 1593 posses
200 1538 249 1580 de
276 1538 348 1580 illo
378 1537 521 1580 statim
542 1537 765 1588 uindicari,
796 1538 933 1580 certus
969 1537 1076 1591 quod
1104 1536 1284 1592 collegae
1310 1537 1373 1579 tui
1397 1549 1536 1579 omnes

43 1607 204 1663 gratum
233 1607 475 1649 haberemus
505 1607 788 1660 quodcumque
817 1606 923 1649 circa
944 1606 1161 1649 diaconum
1182 1607 1302 1648 tuum
1324 1607 1536 1649 contume-

39 1675 184 1719 liosum
212 1676 455 1718 sacerdotali
484 1676 688 1730 potestate
709 1675 896 1730 fecisses,
927 1675 1081 1718 habens
1103 1675 1210 1719 circa
1230 1674 1432 1718 eiusmodi
1463 1676 1537 1718 ho·

40 1745 166 1788 mines
194 1746 409 1799 praecepta
443 1745 605 1796 diuina,
646 1757 739 1787 cum
767 1744 969 1787 Dominus
999 1745 1110 1787 Deus
1143 1745 1186 1786 in
1221 1744 1537 1787 Deuteronomio

23 1813 171 1857 dicat:
203 1815 257 1857 et
277 1814 421 1857 homo
444 1815 759 1869 quicumque
790 1814 983 1857 fecerit
1012 1814 1062 1856 in
1093 1813 1338 1868 superbia
1369 1815 1538 1856 utnon

0 1883 287 1927 wexaudiat
337 1884 655 1926 sacerdotem
705 1884 793 1926 aut
847 1883 1082 1926 iudicem
1124 1885 1176 1925 et
1227 1883 1539 1937 quicumque

0 1943 202 1995 ιιίιιθτίϊ
229 1952 278 1994 in
305 1953 487 1995 diebus
518 1953 653 2007 illis,
685 1953 942 1995 morietur
970 1952 1120 1995 homo
1149 1952 1262 2007 ille,
1294 1953 1344 1995 et
1372 1952 1539 1995 omnis

42 2021 259 2076 populus
301 2034 410 2064 cum
448 2021 678 2064 audierit
716 2021 950 2076 timebit,
990 2023 1041 2064 et
1072 2033 1166 2064 nou
1195 2022 1352 2077 agent
1383 2021 1540 2076 impie

177 2161 220 2195 18
244 2161 348 2195 Deut.
377 2160 432 2200 17,
458 2159 511 2195 12.
540 2160 591 2195 13.

111 2275 130 2308 1
155 2274 198 2309 ad
215 2277 354 2310 nostras
371 2274 460 2310 ferre
484 2276 514 2311 G
572 2276 594 2310 2
619 2275 698 2321 adq.
724 2276 895 2311 uestitum
913 2276 948 2312 P
964 2287 991 2311 s.
1006 2276 1027 2311 l.
1045 2287 1090 2311 m.
1110 2278 1136 2311 2
1196 2275 1253 2322 ad]
1274 2286 1313 2312 ac
1331 2277 1375 2312 N
1432 2276 1541 2311 uesti-

48 2333 199 2367 mentum
217 2332 253 2368 L
328 2332 350 2367 3
375 2332 452 2377 ipsa
470 2332 506 2368 P
577 2334 600 2368 4
624 2334 706 2378 opto
799 2334 917 2368 ualere
940 2344 1007 2369 om.
1031 2334 1062 2370 Ο
1119 2336 1155 2368 te
1171 2344 1236 2369 om.
1255 2333 1303 2368 M
1315 2334 1412 2378 (eaeh.
1437 2334 1479 2379 Q)

47 2387 109 2435 fili]
133 2389 243 2424 frater
260 2401 290 2425 v.
316 2410 356 2416 —
383 2391 438 2426 Ad
463 2391 659 2427 eucratium
683 2393 902 2438 (engi-atium
924 2392 970 2438 Q)
995 2392 1037 2428 de
1055 2392 1228 2427 histrione
1246 2391 1393 2436 explicit
1419 2390 1542 2435 (expli-

45 2447 103 2481 cat
118 2447 165 2492 L)
178 2448 336 2493 LNQR,
363 2449 507 2494 explicit
521 2451 580 2494 (ex
592 2450 721 2495 incipit
733 2461 826 2486 corr.
848 2451 890 2495 C)
908 2450 953 2486 ad
968 2450 1166 2486 eucratium
1183 2450 1225 2484 de
1243 2449 1391 2484 istrione
1410 2449 1483 2485 GP.
1502 2468 1539 2473 —

111 2504 222 2549 Epist.
248 2506 316 2540 ΙΙΙ.
342 2526 385 2531 -
416 2506 549 2552 Incipit
585 2507 629 2542 ad
660 2508 901 2554 Rogatianum
935 2507 978 2543 de
1014 2508 1161 2543 diacono
1199 2508 1276 2552 (qui
1312 2509 1434 2542 contra
1470 2506 1542 2551 epi-

47 2569 184 2607 scopum
208 2564 391 2600 contendit
415 2565 498 2600 add.
519 2566 569 2610 P)
587 2565 775 2611 BLPQT.
802 2586 845 2592 —
870 2567 892 2602 6
917 2566 1021 2602 fratri
1044 2576 1110 2601 om.
1137 2565 1172 2600 L
1249 2564 1269 2599 7
1295 2564 1450 2608 collegae
1476 2565 1542 2598 mei

50 2633 174 2682 ΒρΤυ
241 2639 401 2684 electis]
434 2618 550 2675 elictis
580 2641 613 2675 T
701 2641 723 2675 9
749 2641 853 2687 quod]
888 2643 950 2686 qui
976 2641 1011 2676 B
1103 2641 1144 2675 11
1171 2639 1433 2675 exaceruauerit
1464 2639 1540 2684 φτ,

42 2694 266 2731 exacerbaret
299 2697 330 2731 V
420 2697 538 2742 solita]
565 2698 665 2733 silita
687 2699 721 2733 Τ
793 2699 840 2735 13
857 2698 1026 2734 cathedra
1059 2698 1089 2743 Q
1181 2708 1286 2742 quam
1313 2697 1358 2740 B,
1384 2697 1468 2742 quia
1486 2697 1541 2737 M,

53 2758 136 2799 qu,a
164 2751 204 2797 Q,
236 2764 322 2798 quas
351 2755 384 2790 T
452 2755 495 2789 15
519 2758 636 2791 ratum
661 2756 842 2791 Erasmus
913 2755 1020 2800 circa]
1047 2758 1168 2790 contra
1193 2755 1234 2789 in
1258 2764 1329 2789 ras.
1361 2753 1392 2798 Q
1415 2752 1477 2787 sed
1503 2753 1541 2787 in

106 2810 209 2854 ryine
225 2811 442 2856 ci1·ca(eirca
459 2813 519 2857 M)
597 2815 697 2848 tuum
715 2824 780 2848 om.
803 2814 834 2859 Q
913 2812 955 2848 16
975 2812 1176 2848 huiusmodi
1193 2824 1214 2847 π·
1278 2809 1431 2845 hominis
1455 2810 1486 2844 T

50 2864 93 2900 18
114 2866 150 2902 in
166 2878 230 2903 om.
253 2869 283 2913 Q
358 2870 400 2904 19
425 2873 460 2905 et
479 2881 544 2906 om.
564 2869 620 2906 ΒΓ
699 2871 841 2915 quicum
860 2871 908 2907 M
924 2871 1150 2916 (quicumque
1174 2869 1217 2914 Q)
