1912 3152
382 257 443 291 De
469 256 724 291 catholicae
749 257 972 293 ecclesiae
999 258 1180 293 unitate
1205 268 1233 293 c.
1262 258 1421 295 13—15.
1572 256 1655 298 223

149 360 399 410 inuicem,
431 360 856 413 quemadmodum
889 360 1049 403 dilexi
1080 373 1189 412 uos,
1236 361 1438 414 pertinere
1474 371 1552 402 non
1588 370 1655 413 po-

147 429 246 472 terit
277 428 347 482 qui
384 427 644 470 dilectionem
681 427 833 471 Christi
878 429 1031 483 perfida
1066 429 1314 471 dissensione
1350 428 1538 470 uiolauit.
1585 428 1655 482 qui

146 497 362 541 caritatem
398 510 478 539 non
513 497 635 539 habet
671 497 805 539 Deum
839 510 919 540 non
954 498 1090 540 habet.
1124 497 1317 540 Iohannis
1347 497 1459 539 beati
1481 497 1655 551 apostoli

145 578 223 609 uox
243 566 323 608 est:
372 566 531 616 Deus,
563 565 716 619 inquit,
749 566 971 627 QQO
1003 568 1078 609 est
1109 568 1157 610 et
1188 567 1273 621 qui
1304 568 1471 608 manet
1502 566 1552 608 in
1584 566 1654 608 di-

99 644 113 670 ⁵
143 635 368 679 lectione
412 635 463 676 in
508 635 609 677 Deo
654 635 827 677 manet
872 636 921 677 et
954 635 1091 677 Deus
1122 635 1172 677 in
1202 635 1300 677 illo
1331 636 1512 677 manet.
1560 647 1654 676 cum

144 705 230 747 Deo
252 717 417 746 manere
439 716 517 746 non
553 705 724 757 possunt
760 704 830 757 qui
867 716 956 746 esse
993 704 1036 746 in
1056 704 1227 746 ecclesia
1248 703 1325 745 Dei
1346 703 1560 745 unanimes
1581 715 1653 745 no-

142 774 319 816 luerunt.
343 774 512 816 ardeant
533 773 629 815 licet
651 773 831 814 flammis
853 773 893 814 et
914 772 1080 827 ignibus
1102 773 1246 814 traditi
1262 772 1330 814 uel
1346 772 1494 814 obiecti
1510 772 1653 813 bestiis

142 843 300 885 animas
321 854 415 883 suas
436 842 607 895 ponant,
640 854 719 883 non
751 841 830 884 erit
858 841 932 883 illa
967 841 1062 883 fidei
1094 851 1237 883 corona
1276 841 1347 883 sed
1375 854 1503 895 poena
1530 840 1653 894 perfi-

141 911 233 953 diae
253 923 326 953 nec
347 911 564 966 religiosae
585 911 756 952 uirtutis
778 911 911 952 exitus
934 911 1135 966 gloriosus
1164 909 1236 953 sed
1264 909 1558 964 desperationis
1588 910 1652 951 in-

95 987 127 1012 10
140 979 300 1022 teritus.
325 979 454 1021 occidi
475 979 572 1021 talis
593 979 747 1033 potest,
771 980 954 1022 coronari
975 991 1055 1021 non
1075 980 1222 1034 potest.
1246 979 1304 1022 sic
1325 991 1367 1020 se
1383 978 1652 1021 christianum

141 1060 226 1091 esse
247 1048 482 1102 profitetur,
515 1047 716 1102 quomodo
753 1048 795 1089 et
831 1047 1043 1090 Christum
1080 1048 1269 1090 diabolus
1305 1060 1422 1101 saepe
1451 1048 1652 1089 mentitur

138 1118 227 1172 ipso
249 1116 425 1159 Domino
446 1117 733 1172 praemonente
770 1117 810 1159 et
847 1117 1026 1159 dicente:
1058 1117 1218 1159 multi
1249 1117 1459 1159 uenient
1489 1116 1540 1158 in
1568 1128 1650 1158 no-

138 1187 273 1229 mine
294 1199 399 1229 meo
430 1187 689 1229 dicentes:
723 1198 816 1241 ego
839 1198 947 1228 sum
968 1185 1217 1228 Christus
1234 1218 1244 1237 ‚
1266 1187 1315 1227 et
1336 1186 1530 1228 multos
1552 1185 1649 1228 fal-

136 1257 260 1299 lent.
293 1257 401 1298 sicut
421 1256 494 1298 ille
518 1255 706 1299 Christus
741 1267 821 1298 non
843 1257 926 1307 est,
958 1255 1148 1309 quamuis
1170 1255 1288 1297 fallat
1309 1255 1351 1296 in
1372 1255 1557 1306 nomine,
1589 1254 1649 1296 ita

91 1338 122 1362 1⁵
135 1337 208 1368 nec
229 1325 476 1367 christianus
507 1325 639 1367 uideri
669 1326 806 1380 potest
837 1325 907 1378 qui
929 1336 1009 1366 non
1028 1325 1241 1378 permanet
1262 1324 1304 1366 in
1326 1323 1539 1379 euangelio
1561 1323 1648 1365 eius

135 1394 176 1436 et
196 1394 291 1436 fidei
315 1394 499 1436 ueritate.

190 1463 298 1505 Nam
320 1464 360 1504 et
381 1463 622 1517 prophetare
645 1463 686 1505 et
708 1462 924 1505 daemonia
944 1463 1164 1505 excludere
1194 1463 1235 1504 et
1267 1462 1445 1504 uirtutes
1476 1474 1647 1517 magnas
1666 1461 1713 1502 15

133 1531 176 1573 in
196 1532 317 1574 terris
339 1531 471 1574 facere
493 1531 685 1574 sublimis
707 1532 851 1585 utique
873 1533 915 1574 et
936 1532 1195 1574 admirabilis
1217 1544 1281 1574 res
1303 1532 1383 1582 est,
1407 1543 1485 1573 non
1506 1532 1645 1573 tamen

133 1613 303 1656 regnum
336 1601 509 1643 caeleste
540 1601 802 1654 consequitur
832 1601 1004 1654 quisque
1034 1601 1078 1642 in
1107 1600 1171 1642 his
1202 1600 1392 1642 omnibus
1423 1600 1644 1650 inuenitur,

0 1657 20 1706 3-
86 1686 120 1713 20
132 1669 211 1711 nisi
241 1669 341 1711 recti
378 1671 419 1712 et
454 1670 555 1712 iusti
576 1670 739 1712 itineris
760 1669 1043 1712 obseruatione
1066 1669 1290 1725 gradiatur.
1324 1669 1540 1711 denuntiat
1560 1670 1645 1712 Do-

133 1738 268 1779 minus
290 1739 331 1779 et
351 1738 474 1780 dicit:
506 1738 660 1781 multi
692 1739 817 1780 mihi
849 1739 1026 1781 dicent
1056 1739 1107 1780 in
1137 1739 1239 1780 illo
1262 1739 1362 1780 die:
1394 1739 1643 1788 Domine,

132 1807 368 1858 Domine,
415 1820 573 1850 nonne
610 1808 661 1850 in
697 1809 784 1850 tuo
824 1808 1025 1851 nomine
1056 1808 1483 1863 prophetanimus
1515 1809 1562 1850 et
1593 1808 1646 1850 in

131 1877 218 1917 tuo
249 1876 452 1918 nomine
493 1876 759 1918 daemonia
797 1877 1117 1919 exclusimus
1157 1878 1205 1919 et
1244 1878 1293 1919 in
1324 1878 1525 1919 nomine
1556 1879 1645 1919 tuo

131 1945 364 1988 uirtutes
394 1958 602 2000 magnas
633 1945 881 1988 fecimus?
913 1947 962 1988 et
992 1947 1112 1988 tunc
1143 1946 1308 1988 dicam
1337 1946 1474 1988 illis:
1506 1960 1643 1989 num-

17 2023 19 2046 1
84 2027 275 2067 :mquam
308 2026 395 2055 uos
427 2015 665 2068 cognom,
688 2015 921 2057 recedite
952 2028 975 2057 a
1006 2028 1079 2057 me
1110 2016 1195 2069 qui
1227 2016 1517 2070 operamini
1549 2016 1643 2058 ini—

130 2082 395 2136 quitatem.
428 2083 590 2125 iustitia
625 2095 726 2137 opus
763 2084 844 2135 est,
877 2084 923 2125 ut
959 2085 1181 2137 promereri
1217 2085 1307 2138 quis
1341 2085 1471 2139 possit
1506 2085 1641 2127 Deum

131 2151 329 2194 iudicem:
361 2152 590 2207 praeceptis
614 2152 699 2194 eius
722 2153 762 2194 et
783 2153 951 2195 monitis
974 2154 1339 2207 obtemperandum
1362 2156 1443 2204 est,
1466 2155 1512 2195 ut
1534 2154 1640 2197 acci-

263 2290 286 2323 4
310 2289 327 2323 1
346 2289 395 2323 10.
415 2289 448 2324 4.
468 2290 519 2323 1⁴5.
596 2290 638 2323 12
664 2290 772 2324 Marc.
792 2290 845 2331 13,
865 2291 896 2325 6.
969 2291 1013 2325 21
1039 2291 1169 2326 Matth.
1190 2292 1219 2333 7,
1238 2292 1283 2326 22
1302 2303 1350 2337 sq.

198 2404 214 2437 1
243 2402 287 2437 ad
304 2403 406 2437 deum
425 2403 602 2447 portinere
618 2404 653 2438 R
724 2404 857 2448 poterit
875 2405 1007 2449 (potuit
1026 2406 1089 2450 W)
1107 2405 1151 2440 ad
1170 2407 1366 2450 praemium
1384 2408 1511 2442 christi
1535 2409 1638 2444 WM.

128 2461 258 2505 poterit
278 2460 323 2494 ad
340 2461 513 2494 christum
532 2473 552 2495 ἰ·
633 2461 654 2495 3
680 2461 849 2495 iohannes
869 2462 904 2497 R
974 2462 1071 2497 beati
1090 2475 1154 2498 om.
1179 2464 1211 2498 G
1292 2465 1314 2499 4
1340 2465 1376 2499 in
1394 2465 1456 2499 deo
1475 2466 1511 2500 in
1530 2465 1638 2500 dilec-

127 2517 223 2551 tione
241 2517 414 2553 WGMR
483 2519 506 2552 ἴ)
523 2520 559 2552 et
576 2517 676 2552 deus.
694 2522 829 2553 .manet
847 2531 911 2554 om.
934 2521 967 2555 V
1034 2521 1053 2555 7
1072 2522 1129 2556 uel
1148 2522 1279 2557 obiecti
1296 2522 1359 2556 M2
1378 2524 1463 2558 add.
1483 2525 1520 2558 in
1541 2535 1638 2558 mar·

127 2575 212 2619 yine
284 2576 324 2609 11
352 2575 494 2609 zabolus
513 2576 549 2611 R
633 2576 676 2610 13
701 2576 844 2621 fallent]
862 2578 1027 2613 seducent
1046 2580 1092 2615 M
1178 2581 1221 2615 14
1246 2581 1374 2616 christi
1392 2582 1427 2616 R
1498 2583 1636 2617 nominc

127 2630 226 2665 illius
240 2643 260 2666 ν
323 2632 367 2666 15
382 2643 442 2667 nec
456 2632 513 2666 hic
530 2633 564 2667 V
625 2634 804 2678 euangelii
816 2635 933 2670 MW²
944 2647 961 2670 z·
1026 2637 1067 2671 17
1077 2638 1238 2681 pri-mum
1255 2640 1290 2672 ct
1305 2651 1368 2673 om.
1381 2636 1426 2673 M
1486 2640 1528 2673 15*
1542 2641 1636 2685 quis-

127 2699 193 2732 quc
211 2689 303 2722 enim
320 2689 381 2730 M,
399 2690 560 2734 quisquis
578 2702 598 2725 υ
669 2690 725 2724 his
749 2691 780 2726 G
797 2703 822 2726 s,
843 2693 864 2726 l.
883 2704 925 2727 m.
943 2695 968 2727 2
1037 2695 1084 2729 20
1102 2696 1243 2731 itineris
1260 2697 1443 2731 inuenitur
1459 2702 1495 2731 et
1514 2698 1558 2732 M
1575 2698 1636 2733 sed

127 2745 306 2779 inuenitur
320 2758 399 2790 esp.
415 2758 457 2781 m.
473 2749 495 2781 2
559 2747 748 2782 denuntiat
762 2760 898 2794 quoquo
908 2751 968 2786 M*
1038 2753 1081 2786 521
1103 2752 1166 2787 illa
1178 2755 1237 2789 M¹
1309 2754 1446 2789 domine
1459 2767 1523 2789 om.
1537 2756 1568 2790 G

126 2802 170 2836 22
189 2803 327 2837 nominc
346 2805 406 2837 tuo
426 2804 507 2839 GM
576 2805 621 2839 23
639 2809 700 2840 tuo
718 2807 857 2841 nominc
872 2809 922 2843 W
967 2809 1012 2843 24
1029 2820 1177 2854 magnas
1195 2811 1347 2846 uirtutes
1367 2814 1416 2847 W
1484 2814 1528 2847 ⁶25
1554 2815 1636 2849 noui

127 2859 171 2893 M
281 2862 480 2917 omncsxqui
504 2862 537 2895 V
643 2863 834 2907 iniquitcm
857 2866 923 2907 W,
960 2867 1177 2902 iniustitiam
1196 2869 1318 2904 RMV
1423 2871 1467 2905 52⁴3
1494 2871 1635 2907 iustitia

126 2916 223 2959 prius
242 2917 291 2953 M
359 2918 441 2953 dnm
460 2921 571 2963 possit
591 2922 626 2958 R
696 2924 739 2957 ‘27
766 2923 849 2968 quia
867 2924 1063 2968 praeceptis·
1080 2925 1129 2959 M
1197 2930 1250 2960 cst
1270 2927 1321 2962 W
1335 2937 1361 2961 s.
1381 2928 1402 2962 I.
1422 2939 1464 2962 m.
1484 2930 1510 2962 ,9
