1838 3152
118 1203 166 1243 21

183 199 267 240 412
737 198 931 233 Caecilii
957 198 1174 242 Cypriani

1305 302 1312 309 ι
1350 302 1356 309 ι
1395 302 1402 309 0
1439 303 1446 309 .

186 370 360 423 frangit,
412 370 587 411 tumoris
624 370 867 411 uiolentiam
906 371 1149 423 conprimit,
1198 371 1432 412 incendium
1469 371 1696 413 simultatis

186 438 403 493 extinguit,
428 440 585 480 coercet
606 439 832 491 potentiam
857 439 1050 490 diuitum,
1073 439 1255 493 inopiam
1277 453 1501 493 pauperum
1523 440 1694 491 refouet,

186 508 327 549 tuetur
359 507 401 548 in
432 508 663 563 uirginibus
695 508 860 549 beatam
882 508 1190 562 integritatem,
1225 509 1266 550 in
1288 509 1427 550 uiduis
1449 510 1696 551 laboriosam

188 576 444 626 castitatem,
491 577 534 617 111
576 577 802 618 coniunctis
841 579 881 618 et
921 578 1128 619 maritatis
1166 577 1429 619 indiuiduam
1465 579 1695 620 caritatem.
1729 596 1745 620 ⁵

187 645 288 687 facit
309 645 487 686 humiles
509 646 551 686 in
572 646 796 698 prosperis,
830 645 872 686 in
895 646 1078 687 aduersis
1101 645 1247 696 fortes,
1282 647 1421 688 contra
1452 647 1622 688 iniurias
1656 648 1695 688 et

188 715 457 757 contumelias
479 715 615 756 mites.
650 715 766 756 docet
798 715 1134 768 delinquentibus
1167 716 1247 758 cito
1279 717 1507 771 ignoscere,
1543 716 1577 758 si
1608 716 1695 768 ipse

187 784 421 837 delinquaS,
455 784 526 825 diu
559 784 598 825 et
629 784 810 825 multum
841 796 998 839 rogare.
1032 785 1323 837 temptationes
1348 786 1572 840 expugnat,
1603 798 1695 837 per-

187 853 415 894 secutiones
447 853 616 903 tolerat,
663 853 874 905 passiones
906 854 947 894 et
979 854 1179 907 martyria
1211 855 1481 895 consummat.
1515 854 1603 906 ipsa
1635 854 1697 895 est

186 935 288 975 quae
309 922 404 963 fidei
426 923 588 963 nostrae
611 922 878 963 fundamenta
900 922 1074 964 firmiter
1104 923 1252 964 munit.
1285 923 1374 976 ipsa
1407 924 1468 964 est
1500 934 1601 975 quae
1632 922 1695 962 in·
1712 939 1745 963 10

186 992 394 1033 crementa
417 991 503 1044 spei
526 991 763 1032 sublimiter
785 991 985 1044 prouehit.
1020 992 1108 1044 ipsa
1130 992 1269 1032 actum
1293 991 1458 1045 dirigit,
1492 991 1539 1031 ut
1561 992 1697 1032 tenere

185 1060 390 1113 possimus
413 1060 526 1101 uiam
549 1059 713 1111 Christi,
740 1061 840 1101 dum
862 1074 934 1114 per
957 1061 1043 1102 eius
1066 1061 1329 1102 tolerantiam
1352 1061 1575 1115 gradimur.
1610 1060 1698 1112 ipsa

186 1129 313 1170 efficit
336 1130 381 1170 ut
402 1142 706 1181 perseueremus
729 1129 805 1170 filii
822 1130 911 1180 Dei,
935 1130 1034 1171 dum
1056 1130 1300 1183 patientiam
1316 1130 1446 1184 patris
1468 1129 1695 1170 imitamur.

244 1199 299 1239 Et
337 1199 529 1251 quoniam
565 1198 767 1252 plurimos
809 1199 912 1247 scio,
946 1198 1093 1240 fratres
1116 1199 1401 1250 dilectissimi,
1435 1199 1501 1240 uel
1522 1197 1698 1251 pondere

186 1267 432 1308 iniuriarum
451 1268 691 1322 angentium
713 1268 779 1309 uel
801 1269 938 1310 dolore
961 1269 1009 1310 de
1033 1269 1089 1309 eis
1112 1268 1181 1321 qui
1204 1269 1422 1310 aduersum
1446 1280 1487 1309 se
1510 1279 1698 1321 grassan-
1713 1285 1742 1310 1⁵

186 1336 255 1377 tur
277 1337 316 1377 et
339 1337 527 1377 saeuiunt
549 1337 750 1378 uindicari
773 1337 969 1379 uelociter
991 1350 1156 1390 cupere,
1194 1350 1267 1379 nec
1298 1337 1403 1377 illud
1440 1337 1482 1378 in
1520 1337 1699 1377 extrema

185 1406 301 1457 parte
323 1406 579 1447 reticendum
598 1407 682 1455 est,
719 1406 765 1446 ut
787 1407 828 1447 in
850 1406 944 1448 istis
971 1406 1211 1448 fluctuantis
1234 1407 1379 1448 mundi
1401 1405 1636 1447 turbinibus
1660 1406 1700 1446 et

187 1474 436 1516 Iudaeorum
458 1475 544 1515 siue
577 1475 799 1529 gentilium
832 1476 871 1516 et
904 1476 1200 1517 haereticorum
1224 1488 1382 1528 quoque
1404 1474 1699 1528 persecutioni-

188 1544 265 1585 bus
288 1544 503 1584 constituti
526 1544 732 1596 patienter
755 1546 1014 1597 expectemus
1037 1545 1207 1586 ultionis
1230 1545 1340 1586 diem
1371 1556 1443 1585 nec
1466 1544 1516 1584 ad
1538 1542 1700 1584 1111111116ὲ

187 1605 275 1654 tam
298 1612 447 1654 doloris
478 1614 609 1654 nostri
642 1613 811 1666 querula
843 1613 1107 1655 festinatione
1128 1625 1412 1666 properemus,
1447 1625 1541 1653 cum
1572 1612 1700 1665 scrip-
1715 1635 1750 1661 20

189 1683 281 1723 tum
312 1682 391 1723 sit:
437 1683 650 1735 expecta
691 1695 788 1733 me,
838 1682 972 1724 dicit
1003 1683 1272 1732 Dominus,
1321 1682 1370 1722 in
1414 1681 1495 1723 die
1537 1692 1702 1722 resur-

188 1751 441 1793 rectionis
473 1764 608 1793 meae
654 1751 703 1793 in
748 1752 1136 1802 testimonium,
1183 1752 1420 1804 quoniam
1453 1750 1703 1791 iudicium

189 1832 352 1861 meum
385 1820 443 1861 ad
476 1821 908 1875 congregationes
948 1821 1202 1875 gentium,
1251 1822 1305 1862 ut
1348 1820 1602 1872 excipiam
1634 1832 1704 1860 re-

191 1902 279 1944 ges
321 1891 369 1931 61
410 1888 673 1930 effundam
716 1902 868 1943 super
909 1901 988 1930 eos
1020 1889 1153 1930 iram
1185 1902 1353 1931 meam.
1403 1889 1613 1942 expectare
1634 1899 1705 1929 nos

191 1959 306 2000 iubet
326 1958 529 1999 Dominus
551 1959 591 1999 et
613 1957 777 1999 futurae
799 1958 969 1999 ultionis
1002 1959 1111 1999 diem
1144 1958 1240 1999 forti
1269 1957 1471 2010 patientia
1494 1957 1705 2006 sustinere,
1719 1970 1752 1996 25

193 2028 263 2081 qui
295 2029 335 2068 et
365 2027 408 2068 111
430 2026 681 2080 Apocalypsi
712 2027 894 2080 loquitur
926 2028 1083 2068 dicens:
1130 2040 1186 2068 ne
1219 2027 1333 2081 sign
1346 2026 1519 2068 aueris
1552 2025 1706 2067 uerba

191 2096 496 2150 prophetiae
528 2095 653 2136 libri
684 2096 858 2146 huius,
883 2096 1001 2149 quia
1033 2096 1131 2138 iam
1163 2097 1366 2148 tempus
1398 2096 1447 2137 in
1478 2095 1705 2148 proximo

194 2166 291 2207 est:
340 2166 386 2206 et
417 2165 467 2206 hi
499 2165 583 2218 qui
615 2167 959 2218 perseuerant
990 2178 1195 2216 nocere,
1248 2167 1485 2216 noceant,
1537 2165 1585 2205 et
1619 2163 1706 2216 qui

193 2235 245 2276 in
277 2234 520 2276 sordibus
553 2236 629 2276 est
661 2234 936 2276 sordescat
967 2235 1151 2285 adhuc,
1201 2235 1371 2276 iustus
1415 2235 1587 2276 autem
1628 2234 1706 2276 ad-

329 2383 373 2418 21
403 2383 506 2426 Soph.
527 2384 558 2425 3,
577 2384 609 2417 8.
682 2384 726 2418 243
751 2383 857 2428 Apoc.
877 2384 931 2425 ⁴22,
952 2384 997 2417 10
1015 2395 1064 2428 sq.

262 2510 283 2544 :2
308 2510 454 2544 tomoris
473 2510 502 2544 S
584 2510 607 2544 4
633 2509 795 2554 uirgibus
816 2510 846 2544 S
931 2510 969 2543 in
988 2510 1108 2543 uiduis
1127 2510 1150 2544 l.
1170 2510 1378 2544 castitatem
1397 2520 1461 2543 om.
1482 2510 1532 2545 W.
1612 2508 1706 2542 labo-

192 2567 338 2612 riosam]
359 2567 496 2601 desinit
516 2567 544 2601 S
629 2567 672 2601 13
698 2567 750 2601 fili
774 2568 838 2603 W¹
927 2567 1092 2601 imitatur
1116 2567 1148 2601 G
1222 2567 1265 2601 14
1290 2568 1336 2611 et}
1357 2567 1415 2601 sed
1434 2578 1453 2601 v
1525 2566 1704 2610 quoniam]

193 2636 300 2669 quam
324 2625 355 2659 G
426 2624 469 2658 15
494 2624 544 2658 cis
563 2625 627 2666 W,
654 2624 711 2658 his
736 2625 768 2659 G
851 2626 1056 2659 crassantur
1080 2624 1111 2659 G
1200 2625 1242 2660 16
1267 2636 1344 2659 nec.
1362 2623 1619 2658 ..reticendum
1637 2623 1703 2667 est]

193 2695 256 2718 nec
273 2684 310 2717 in
327 2684 430 2717 illum
449 2683 595 2717 extremi
613 2683 739 2718 iudicii
759 2683 852 2717 diem
870 2684 1043 2717 malorum
1061 2684 1334 2718 retributionem
1353 2682 1509 2716 differre:
1525 2682 1703 2716 nobiscum

193 2742 316 2775 hortor
334 2741 481 2774 interim
500 2740 760 2785 amplectimini
778 2741 974 2784 patientiae
991 2741 1123 2775 bonum
1145 2753 1162 2776 υ
1174 2745 1259 2785 post
1278 2741 1490 2776 Mon-ellium
1561 2739 1604 2774 20
1622 2749 1703 2782 que-

194 2799 272 2832 rula
290 2800 325 2832 61
344 2798 522 2832 inuidiosa
539 2810 555 2833 υ
628 2798 801 2842 scriptum
819 2809 883 2833 om.
900 2799 965 2834 W¹
1029 2799 1072 2832 21
1092 2790 1156 2832 dns
1180 2800 1229 2834 W
1240 2810 1266 2832 s.
1286 2799 1306 2832 l.
1325 2809 1366 2832 m.
1382 2801 1404 2832 2
1477 2797 1570 2831 diem
1589 2797 1638 2832 W

194 2856 238 2889 25
265 2855 432 2889 sustineri
453 2857 502 2891 W
571 2856 616 2890 :28
642 2860 676 2890 ct
694 2856 747 2899 hi]
766 2858 806 2889 ut
825 2857 860 2890 ct
878 2856 903 2889 ii
926 2867 959 2897 &3
980 2857 1026 2899 cf.
1048 2860 1124 2891 test.
1146 2857 1218 2890 III
1229 2858 1279 2890 2:2³

1834 1097 1838 1106 -
1834 1007 1838 1032 ᾳ.
1829 924 1838 975 Δ...
1836 908 1838 913 .
1833 879 1838 897 ..
1832 789 1838 867 ...„.-.
1831 585 1838 781 -ffi-——m—...m
