1838 3152
243 217 325 259 582
761 211 958 247 Caecilii
991 210 1212 256 Cypriani

242 319 393 360 litteris
423 318 573 360 nostris
594 318 741 371 quibus
762 328 835 370 ego
857 316 898 357 et
919 316 1098 369 collegae
1119 315 1200 356 mei
1223 315 1292 368 qui
1313 316 1544 367 praesentes
1567 315 1734 357 aderant

243 387 457 429 referimus
481 387 532 428 ad
552 398 623 428 uos
645 386 874 428 Celerinum
906 386 1076 427 fratrem
1108 385 1295 425 nostrum
1326 384 1552 425 uirtutibus
1581 383 1736 437 pariter

243 457 283 496 et
303 455 484 496 moribus
513 455 736 509 gloriosum
766 456 869 497 clero
890 456 1027 496 nostro
1056 465 1135 495 non
1154 453 1335 494 humana
1357 453 1644 507 suffragatione
1665 453 1735 494 sed

242 524 383 565 diuina
422 524 656 578 dignatione
697 525 969 565 coniunctum.
1012 522 1082 575 qui
1118 535 1211 563 curn
1247 522 1473 563 consentire
1513 521 1733 573 dubitaret,

242 592 433 634 ecclesiae
460 593 588 646 ipsius
617 593 828 634 admonitu
851 594 891 633 et
911 592 1074 633 hortatu
1102 592 1146 632 in
1165 591 1321 633 uisione
1349 604 1420 644 per
1448 592 1609 632 noctem
1639 602 1733 631 con·
1749 609 1763 633 5

241 662 384 714 pulsus
407 662 467 703 est
487 675 537 703 ne
559 663 737 716 negaret.
759 662 875 704 nobis
897 660 1165 702 suadentibus
1188 661 1252 701 cui
1273 660 1366 714 plus
1387 660 1507 701 licuit
1531 660 1571 701 et
1588 660 1733 714 coegit,

242 730 338 783 quia
373 743 447 772 nec
479 731 539 772 fas
572 731 705 773 fuerat
735 743 808 771 nec
839 730 1006 771 decebat
1036 730 1122 771 sine
1157 729 1306 771 honore
1342 729 1614 770 ecclesiastico
1650 740 1736 770 esse

242 813 363 853 quem
385 800 442 841 sic
462 800 662 841 Dominus
683 799 900 840 honorauit
921 799 1106 840 caelestis
1127 799 1280 852 gloriae
1302 798 1517 853 dignitate.

298 869 378 910 Hic
413 870 465 910 ad
499 869 691 921 temporis
726 869 856 910 nostri
890 868 1091 921 proelium
1128 868 1298 921 primus,
1340 867 1407 908 hic
1442 867 1548 908 inter
1584 866 1737 909 Christi

242 936 396 979 milites
418 938 719 990 antesignanus,
749 937 817 978 hic
837 937 944 978 inter
963 937 1257 989 persecutionis
1277 936 1398 977 initia
1419 935 1622 977 feruentia
1643 948 1735 976 cum
1753 951 1787 976 10

241 1006 328 1058 ipso
368 1005 645 1047 infestationis
685 1006 866 1059 principe
908 1007 949 1047 et
989 1007 1151 1047 auctore
1192 1017 1443 1059 congressus,
1486 1006 1585 1046 dum
1625 1004 1737 1045 inex-

241 1075 456 1128 pugnabili
483 1075 678 1116 firmitate
708 1075 942 1116 certaminis
972 1075 1034 1116 sui
1064 1074 1343 1116 aduersarium
1373 1074 1515 1123 uincit,
1549 1072 1738 1114 uincendi

243 1143 387 1185 ceteris
409 1144 522 1185 uiam
544 1144 654 1194 fecit,
685 1156 764 1185 non
784 1144 900 1185 breui
923 1144 1143 1196 conpendio
1165 1144 1385 1184 uulnerum
1406 1142 1552 1192 uictor,
1575 1143 1645 1184 sed
1666 1142 1737 1183 ad-

242 1209 504 1252 haerentibus
540 1211 609 1251 diu
643 1211 683 1251 et
712 1210 1045 1263 permanentibus
1081 1211 1219 1263 paenis
1250 1210 1396 1264 longae
1428 1210 1738 1252 conluctationis

241 1279 438 1321 miraculo
466 1279 754 1331 triumphator.
790 1292 861 1332 per
891 1279 1029 1320 decem
1058 1291 1205 1320 nouem
1235 1279 1321 1320 dies
1351 1279 1537 1321 custodia
1567 1280 1738 1321 carceris
1754 1295 1785 1320 ιε»

242 1349 404 1402 saeptus
440 1349 482 1389 in
512 1359 636 1389 neruo
669 1360 714 1389 ac
745 1347 851 1389 ferro
887 1348 979 1388 fuit.
1022 1348 1091 1388 sed
1127 1348 1258 1400 posito
1288 1348 1331 1388 in
1364 1348 1540 1389 uinculis
1577 1360 1739 1401 corpore

243 1418 400 1458 solutus
421 1430 466 1458 ac
486 1417 591 1458 liber
619 1416 789 1470 spiritus
817 1416 984 1458 mansit.
1018 1428 1107 1457 earo
1136 1416 1259 1458 famis
1281 1429 1326 1459 ac
1348 1417 1438 1458 sitis
1468 1417 1739 1459 diuturnitate

243 1487 464 1537 contabuit,
489 1487 559 1528 sed
576 1487 758 1528 animam
775 1486 854 1528 fide
871 1488 911 1528 et
927 1486 1081 1527 uirtute
1102 1486 1313 1528 uiuentem
1334 1487 1597 1528 nutrimentis
1619 1486 1741 1540 spiri-

241 1555 397 1596 talibus
425 1556 536 1598 Deus
567 1556 694 1608 pauit.
732 1556 861 1598 iacuit
889 1556 996 1597 inter
1023 1568 1174 1608 paenas
1203 1557 1342 1609 paenis
1376 1557 1460 1598 suis
1489 1556 1644 1606 fortior,
1677 1556 1741 1597 in-

243 1624 380 1666 clusus
401 1625 705 1670 includentibus
728 1627 867 1679 maior,
890 1627 1024 1670 iacens
1047 1627 1253 1669 stantibus
1275 1627 1433 1677 celsior,
1463 1626 1738 1668 uincientibus
1752 1639 1786 1664 20

242 1692 396 1734 firmior
430 1694 606 1747 uinctus,
649 1697 864 1738 sublimior
899 1696 1176 1739 iudicantibus
1212 1695 1431 1747 iudicatus,
1473 1697 1514 1737 et
1550 1694 1740 1748 quamuis

242 1761 362 1816 ligati
390 1776 513 1805 neruo
541 1766 662 1817 pedes
692 1767 839 1817 essent,
870 1766 1057 1820 galeatus
1090 1777 1252 1818 serpens
1282 1767 1323 1806 et
1344 1764 1522 1806 obtritus
1543 1764 1584 1805 et
1606 1764 1740 1806 uictus

244 1831 316 1872 est.
350 1831 488 1874 lucent
515 1833 558 1875 in
579 1846 743 1888 corpore
773 1834 947 1889 glorioso
970 1835 1079 1876 clara
1099 1835 1317 1876 uulnerum
1338 1835 1468 1888 signa,
1500 1834 1680 1874 eminent
1702 1834 1742 1874 et

243 1903 437 1954 apparent
465 1902 507 1943 in
536 1903 673 1944 neruis
704 1903 880 1945 hominis
909 1916 954 1945 ac
982 1903 1178 1945 membris
1209 1904 1331 1958 longa
1361 1903 1455 1945 tabe
1489 1901 1741 1955 consumptis

243 1980 428 2022 expressa
463 1972 651 2026 uestigia.
691 1974 785 2014 sunt
821 1986 983 2027 magna,
1021 1974 1117 2014 sunt
1152 1973 1258 2015 mira
1296 1986 1398 2026 quae
1435 1972 1483 2014 de
1515 1971 1740 2013 uirtutibus
1755 1981 1789 2007 2⁵

243 2037 329 2078 eius
358 2051 403 2080 ac
423 2039 614 2082 laudibus
644 2041 880 2083 fraternitas
909 2042 1060 2083 audiat.
1093 2043 1134 2084 et
1156 2042 1189 2082 si
1212 2042 1361 2094 aliquis
1384 2042 1563 2082 Thomae
1592 2040 1741 2081 similis

245 2108 428 2150 extiterit
457 2111 525 2162 qui
555 2111 690 2152 minus
720 2111 886 2153 auribus
917 2111 1068 2161 credat,
1100 2123 1172 2153 nec
1201 2111 1410 2152 oculorum
1441 2110 1539 2150 fides
1561 2109 1674 2151 deest
1695 2108 1741 2149 ut

316 2259 338 2292 4
355 2259 396 2291 ut
413 2258 628 2292 consentiret
650 2258 681 2293 V
803 2259 987 2293 dubitaret
1005 2269 1069 2293 om.
1094 2259 1128 2294 V
1252 2259 1273 2292 6
1286 2261 1367 2302 post
1385 2259 1532 2302 negaret
1549 2257 1745 2302 distinguit

244 2315 366 2360 LNQ,
391 2320 476 2359 post
501 2315 731 2350 suadentibus
755 2316 878 2352 CPRv
1002 2317 1019 2350 7
1044 2328 1107 2351 nec
1132 2316 1198 2361 fas]
1226 2316 1324 2350 nefas
1348 2316 1377 2351 C
1497 2316 1518 2349 8
1542 2314 1604 2359 qui
1628 2315 1657 2350 G

246 2361 319 2407 ‹1OE
336 2373 428 2414 G'R,
455 2362 537 2407 dffisi
561 2373 604 2409 0²
738 2374 782 2408 10
798 2374 933 2409 milites
951 2374 1088 2410 Christi
1109 2374 1138 2419 Q
1270 2373 1522 2418 antesignanos
1545 2364 1619 2413 CR,
1647 2373 1744 2406 ante-

245 2431 407 2475 signatus
425 2430 614 2475 LNPQV
703 2432 745 2465 11
763 2431 1043 2466 infestinationis
1058 2432 1093 2467 R
1188 2431 1230 2465 12
1248 2431 1451 2465 aduersario
1471 2431 1499 2466 C
1510 2431 1515 2448 ¹
1609 2430 1651 2463 13
1669 2429 1742 2464 uic-

245 2488 313 2532 tor]
332 2488 483 2523 uicinior
497 2499 540 2523 ex
552 2489 664 2523 uicior
684 2490 712 2525 C
801 2490 1029 2524 haerentibus
1044 2490 1079 2524 P
1172 2489 1215 2523 14
1233 2488 1535 2533 permanentibus]
1555 2487 1742 2521 imminen-

244 2545 343 2579 tibus
362 2556 405 2580 eac
422 2546 692 2581 admanentibus
716 2548 745 2583 0
874 2548 918 2582 15
934 2547 1238 2592 triumphatorum
1261 2546 1291 2582 C
1412 2546 1528 2581 decem
1547 2544 1741 2589 LNPQV,

244 2613 403 2646 praecem
421 2604 456 2637 et
478 2603 516 2648 G,
535 2603 653 2638 decem
670 2606 706 2638 et
724 2605 781 2640 Ro
886 2605 927 2639 17
947 2605 1081 2639 solutos
1099 2605 1150 2639 12¹
1257 2604 1362 2639 famis
1380 2615 1443 2638 om.
1464 2604 1499 2638 P
1601 2602 1647 2637 20
1662 2602 1742 2636 uin-

245 2660 405 2694 centibus
423 2660 466 2694 N
574 2661 617 2695 21
636 2661 753 2695 nictus
771 2662 822 2697 R*
940 2654 1076 2696 iudicat
1097 2663 1133 2702 G,
1154 2662 1374 2696 iudicaturus
1391 2661 1503 2696 LNP
1618 2659 1663 2694 22
1680 2669 1740 2703 ga-

245 2717 360 2751 leatus
379 2718 423 2759 P,
453 2718 607 2753 calcatus
630 2719 825 2764 CLNQRU
952 2720 996 2753 23
1013 2719 1139 2763 lugent
1159 2720 1210 2754 R¹
1334 2719 1482 2753 uulnera
1500 2718 1534 2752 L
1657 2715 1742 2751 emi-

245 2775 350 2808 nent*
368 2775 402 2809 L
419 2786 452 2808 m
472 2786 562 2810 eras.
667 2776 713 2810 24
731 2777 877 2820 apparet
894 2776 929 2811 R
1021 2776 1139 2810 neruis
1157 2789 1220 2811 om.
1246 2777 1311 2812 GR
1404 2775 1571 2810 membris
1588 2774 1743 2808 hominis

246 2841 287 2865 ac
311 2831 375 2867 CR
467 2833 511 2867 25
528 2843 657 2877 magna
675 2835 758 2867 sunt
782 2834 809 2868 C
901 2836 984 2867 sunt
1001 2836 1036 2867 et
1054 2834 1144 2868 mira
1162 2834 1245 2876 NR,
1265 2836 1300 2868 et
1318 2835 1407 2868 mira
1430 2834 1459 2869 G
