1912 3152
610 269 670 304 Ad
697 269 990 303 Fortunatum
1015 279 1042 303 c.
1070 270 1168 303 1—3.
1545 270 1628 313 323

123 379 360 423 terimam
393 375 441 417 et
472 374 651 415 uiuere
682 372 889 423 faciam,
912 371 1193 427 percutiam
1226 373 1273 414 et
1304 385 1392 428 ego
1414 373 1627 424 sanab0‚

125 449 173 492 et
201 457 295 489 non
327 445 408 487 est
438 442 522 496 qui
554 441 752 495 eripiat
782 442 839 483 de
870 440 1105 483 manibus
1136 440 1273 482 meis.
1316 441 1416 484 item
1447 442 1489 483 in
1516 442 1628 496 Apo-

123 514 307 570 calypsi:
365 512 415 554 et
463 509 576 552 uidi
626 509 787 552 alium
838 509 1080 564 angelum
1140 509 1399 551 uolantem
1459 511 1626 552 medio

122 583 285 634 caelo,
332 580 611 623 habentem
650 578 983 633 euangelium
1021 580 1303 630 aeternum,
1352 580 1405 620 ut
1437 580 1628 621 adnun-

76 667 91 692 ε,
121 652 281 696 tiaret
311 662 463 703 super
492 649 686 690 terram
716 659 802 702 per
832 659 1001 689 omnes
1031 646 1266 689 nationes
1297 648 1348 689 et
1377 648 1550 689 tribus
1580 649 1629 689 et

121 722 338 775 linguas
370 719 418 762 et
448 717 692 773 populos,
724 716 985 758 dicentem
1015 727 1135 757 uoce
1165 728 1367 771 magna:
1405 716 1629 758 metuite

120 789 300 845 potius
321 789 478 830 Deum
509 788 558 829 et
588 786 707 828 date
738 785 825 827 illi
857 785 1177 836 claritatem,
1210 786 1452 840 quoniam
1483 785 1630 828 uenit

119 859 243 901 hora
274 856 465 899 iudicii
497 856 630 907 eius,
682 856 733 896 et
763 855 972 897 adorate
1004 867 1111 896 eum
1143 856 1228 908 qui
1267 854 1396 897 fecit
1427 854 1627 897 caelum

121 928 169 970 et
200 927 389 969 terram
421 925 470 967 et
500 937 632 966 mare
664 924 712 966 et
742 923 917 965 omnia
947 936 1077 977 quae
1115 923 1165 965 in
1202 924 1278 965 eis
1315 924 1450 966 sunt.
1497 923 1556 965 sic
1589 924 1630 965 et

77 1011 108 1038 10
120 995 322 1038 Dominus
354 995 395 1036 in
428 993 642 1048 euangelio
674 992 1102 1035 commemorationem
1126 992 1226 1035 facit
1247 992 1370 1046 primi
1394 993 1435 1035 et
1456 992 1623 1035 secundi

120 1064 328 1119 praecepti
350 1062 509 1105 dicens:
540 1061 686 1113 audi,
718 1061 905 1112 Israel,
938 1061 1190 1103 Dominus
1220 1062 1353 1103 Deus
1384 1063 1505 1104 tuus
1536 1062 1629 1103 Do-

121 1133 291 1175 minus
335 1144 461 1174 unus
506 1132 609 1182 est,
654 1131 714 1172 et:
758 1130 959 1185 diliges
990 1130 1262 1172 Dominum
1292 1131 1450 1173 Deum
1488 1131 1630 1172 tuum

122 1202 179 1244 de
224 1202 336 1243 toto
381 1200 527 1242 corde
558 1201 646 1242 tuo
688 1200 736 1241 et
780 1199 837 1241 de
880 1200 989 1240 tota
1035 1199 1203 1241 anima
1234 1200 1320 1241 tua
1350 1201 1403 1241 et
1433 1199 1489 1241 de
1519 1199 1631 1242 tota

122 1270 332 1312 uirtute
378 1271 477 1311 tua.
509 1269 601 1310 hoc
642 1268 859 1322 primum
900 1269 948 1310 et
979 1268 1256 1310 secundum
1287 1268 1461 1311 simile
1491 1269 1630 1311 huic:

78 1338 321 1394 15diliges
352 1338 638 1392 proximum
669 1337 813 1378 tuum
844 1338 1103 1391 tamquam
1134 1339 1195 1380 te.
1238 1337 1287 1379 in
1318 1337 1401 1380 his
1432 1337 1631 1380 duobus

123 1407 423 1461 praeceptis
454 1407 571 1448 tota
600 1406 679 1448 lex
717 1406 904 1460 pendet
948 1407 997 1448 et
1043 1407 1333 1460 prophetae.
1383 1407 1629 1449 etiterum:

122 1476 245 1519 haec
302 1477 379 1518 est
438 1476 605 1517 autem
665 1475 780 1517 uita
840 1476 1051 1518 aeterna
1102 1476 1159 1517 ut
1212 1476 1534 1531 cognoscant
1583 1475 1631 1517 te

123 1545 287 1587 solum
346 1545 395 1586 et
451 1557 626 1586 uerum
676 1544 833 1587 Deum
892 1545 941 1586 et
999 1556 1147 1597 quem
1203 1544 1409 1586 misisti
1460 1544 1631 1585 Iesum

123 1613 399 1656 Christum.

18 1707 20 1714 ,
79 1721 112 1748 20
208 1706 336 1757 QVAE
367 1717 655 1749 COMMINATIO
686 1719 764 1748 DEI
796 1717 864 1748 SIT
895 1717 1129 1749 ADVERSVS
1161 1717 1243 1749 EOS
1276 1718 1354 1757 QVI
1385 1717 1537 1749 IDOLIS

724 1787 1036 1819 SACRIFICANT.

182 1857 231 1899 In
252 1857 411 1899 Exodo:
457 1857 776 1900 sacrificans
819 1858 924 1900 diis
969 1856 1351 1909 eradicabitur,
1401 1857 1507 1899 nisi
1537 1855 1670 1899 Do-3

127 1925 260 1968 mino
293 1926 408 1968 soli.
450 1926 552 1968 item
589 1927 631 1968 in
668 1926 1009 1969 Deuteronomio:
1042 1925 1486 1969 sacrificauerunt
1516 1926 1632 1968 dae-

25 2044 29 2062 ι
127 1995 317 2037 moniis
363 1996 411 2037 et
449 2007 543 2037 non
587 1996 697 2038 Deo.
759 1996 862 2038 item
906 1997 1006 2050 aput
1041 1995 1226 2037 Esaiam:
1284 1994 1632 2038 adorauerunt

25 2063 29 2123 J
82 2076 207 2106 meos
252 2076 381 2118 quos
428 2063 665 2106 fecerunt
713 2064 879 2119 digiti
931 2077 1119 2116 eorum,
1176 2065 1224 2106 et
1269 2065 1514 2107 curuatus
1558 2065 1633 2107 est

127 2132 267 2175 homo
299 2134 350 2175 et
418 2133 695 2175 umiliatus
726 2135 803 2175 est
833 2133 933 2184 uir,
980 2134 1028 2175 et
1068 2144 1162 2175 non
1208 2133 1386 2176 laxabo
1432 2133 1557 2175 illis.
1592 2134 1633 2175 et

127 2202 297 2244 iterum:
344 2133 460 2312 ᾖξε
503 2202 728 2244 fudistis
775 2202 1030 2244 libamina
1074 2203 1123 2244 et
1167 2202 1284 2243 illis
1315 2202 1632 2256 inposuistis

128 2270 396 2313 sacrificia
456 2283 606 2324 super
636 2271 758 2313 haec
789 2283 882 2313 non
914 2270 1256 2326 indignabor?
1301 2271 1431 2313 dicit
1465 2271 1633 2314 Domi-

263 2397 286 2431 3
310 2397 415 2442 Apoc.
435 2397 487 2437 14,
506 2397 527 2430 6
541 2408 591 2441 sq.
667 2398 706 2431 11
733 2397 838 2431 Marc.
859 2397 911 2438 12,
926 2396 982 2431 29.
1056 2398 1098 2432 12
1117 2397 1247 2431 Matth.
1261 2398 1318 2441 ⁶22,
1332 2397 1375 2431 37
1390 2408 1440 2442 sq.
1514 2399 1556 2433 17
1582 2399 1632 2433 Io.

131 2453 182 2495 17,
201 2454 233 2488 3.
304 2455 349 2489 22
374 2454 435 2488 Ex.
454 2454 510 2495 22,
529 2454 581 2488 19.
654 2454 699 2488 23
716 2454 820 2488 Dent.
839 2454 893 2495 32,
914 2454 968 2488 17.
1040 2455 1084 2489 24
1104 2454 1158 2488 Es.
1176 2455 1207 2494 2,
1223 2459 1254 2489 8.
1325 2455 1368 2489 2Ῐ
1387 2455 1443 2490 Es.
1460 2456 1516 2497 57,
1529 2457 1562 2490 (5.

198 2580 220 2614 3
244 2581 279 2614 in
297 2580 410 2614 medio
433 2580 549 2615 W¹M
550 2592 567 2615 υ
637 2580 659 2613 5
675 2590 736 2625 per
754 2580 971 2621 WMRBV,
991 2582 1028 2615 et
1045 2591 1148 2626 super
1166 2592 1185 2616 v
1255 2581 1276 2615 6
1294 2582 1329 2615 et
1347 2582 1491 2626 populos
1508 2583 1558 2617 W
1567 2593 1594 2617 s.
1609 2583 1630 2618 l.

130 2647 174 2672 m.
191 2640 215 2672 2
308 2640 438 2682 magna
456 2639 490 2672 ct
507 2636 605 2672 uitae
622 2637 741 2682 potius
760 2637 796 2673 R
901 2639 921 2673 7
943 2626 1027 2672 dnm
1044 2638 1105 2679 M,
1131 2629 1190 2673 dn'i
1209 2636 1244 2672 R
1307 2640 1329 2673 9
1354 2640 1390 2672 ct
1407 2639 1506 2682 (ante
1523 2640 1633 2685 mare)

131 2705 194 2730 om.
211 2695 246 2730 B
318 2696 359 2730 11
385 2695 469 2730 deus
486 2706 576 2730 unus
595 2695 652 2730 Bu
724 2696 768 2730 12
791 2696 894 2730 deum
913 2706 978 2730 om.
998 2696 1068 2731 IVv
1140 2696 1183 2730 13
1207 2695 1262 2741 dc]
1281 2707 1321 2730 ex
1341 2696 1375 2731 R
1448 2697 1489 2730 15
1514 2697 1630 2742 tuum]

132 2752 201 2787 tibi
214 2753 264 2788 W
325 2754 360 2787 te
378 2753 542 2796 ipsumB
610 2753 656 2787 2O
674 2752 768 2787 idola
781 2754 831 2788 W
899 2754 944 2788 22
962 2753 1011 2798 in]
1030 2753 1163 2798 legitur
1181 2753 1216 2787 in
1233 2764 1255 2788 ἰ’
1325 2753 1394 2787 diis
1412 2753 1458 2787 M
1472 2763 1499 2786 s.
1514 2754 1535 2787 l.
1551 2764 1595 2788 m.
1610 2756 1634 2789 2

131 2810 176 2844 23
194 2810 278 2845 item
297 2820 361 2845 om.
378 2810 425 2845 M
538 2809 697 2845 demonis
715 2811 779 2846 W¹
895 2811 941 2846 24
958 2811 1078 2846 esaian
1098 2811 1132 2846 R
1148 2811 1295 2854 saepius
1311 2815 1351 2846 ut
1367 2810 1561 2846 hicremian

131 2866 174 2901 27
194 2867 320 2902 iterum
339 2867 428 2901 dicit
442 2867 488 2902 M
556 2867 601 2902 28
618 2867 702 2902 hacc
719 2867 805 2902 add.
822 2879 866 2902 m.
881 2869 907 2903 2
923 2868 963 2903 in
979 2869 1037 2909 W,
1057 2868 1141 2903 haec
1159 2878 1241 2910 ergo
1262 2879 1279 2901 ι·

1279 2927 1324 2967 21
1345 2926 1364 2949 *
