1838 3152
593 256 828 301 Epistulae
853 257 1052 294 LXXIII.
1079 272 1108 295 c.
1134 260 1279 295 22--25,
1567 264 1645 307 797

154 359 370 402 ecclesiam
411 360 579 401 ueniant
619 361 832 402 retardari.
875 362 1003 404 immo
1043 376 1138 405 uero
1180 365 1254 407 hoc
1295 366 1382 419 ipso
1422 367 1557 420 magis
1596 367 1647 409 ad

151 428 437 470 necessitatem
465 429 654 470 ueniendi
685 429 921 470 testimonio
951 432 1137 474 ostensae
1160 433 1239 474 sibi
1261 435 1302 474 et
1322 434 1516 487 probatae
1539 436 1646 476 ueri·

149 497 251 538 tatis
283 496 518 550 adiguntur.
551 510 648 538 nam
677 498 711 538 si
741 498 923 539 uiderint
953 499 1105 540 iudicio
1135 513 1181 542 ac
1209 503 1410 543 sententia
1440 505 1578 545 nostra
1605 503 1646 544 id

151 565 311 606 decerni
343 566 384 606 et
415 565 542 607 statui
575 567 621 606 ut
653 566 857 618 baptisma
887 566 1043 608 iustum
1069 570 1110 608 et
1139 569 1373 623 legitimum
1405 573 1647 623 conputetur

122 646 230 687 aquo
265 633 354 675 illic
390 634 663 687 baptizantur,
702 635 907 688 putabunt
938 648 979 677 se
1009 637 1222 678 ecclesiam
1254 651 1412 691 quoque
1444 640 1484 680 et
1515 641 1648 681 cetera

151 703 345 744 ecclesiae
386 715 556 744 munera
596 703 703 744 iuste
739 705 779 744 et
815 703 1001 758 legitime
1040 705 1258 757 possidere,
1299 720 1370 748 nec
1411 707 1490 749 erit
1528 720 1648 749 causa

150 771 341 813 ueniendi
364 772 415 813 ad
435 784 519 822 nOS‚
551 773 712 825 quando
743 772 939 815 habentes
969 773 1176 826 baptisma
1197 775 1343 816 habere
1365 776 1586 818 uideantur
1607 778 1648 817 et

151 841 296 882 cetera.
330 852 446 893 porro
475 840 611 881 autem
642 852 735 881 cum
758 843 1005 895 cognoscunt
1028 842 1235 895 baptisma
1256 843 1417 884 nullum
1441 844 1539 885 foris
1562 857 1647 886 esse

150 922 224 951 nec
253 909 469 951 remissam
498 911 760 962 peccatorum
783 911 894 952 extra
915 912 1129 953 ecclesiam
1151 912 1238 953 dari
1260 924 1389 966 posse,
1412 912 1575 955 auidius
1596 914 1647 955 ad

105 991 138 1017 ιο
150 989 222 1019 nos
251 979 292 1019 et
320 978 550 1031 promptius
579 980 797 1031 properant
825 981 866 1021 et
887 993 1056 1022 munera
1077 993 1123 1022 ac
1144 981 1249 1023 dona
1278 981 1473 1023 ecclesiae
1501 982 1648 1023 matris

150 1046 368 1101 inplorant,
405 1047 504 1089 certi
526 1047 736 1099 peruenire
758 1061 800 1089 se
821 1049 984 1090 omnino
1007 1062 1086 1091 non
1108 1061 1223 1103 posse
1244 1050 1296 1092 ad
1318 1063 1459 1092 ueram
1481 1050 1645 1092 diuinae

149 1116 306 1170 gratiae
325 1115 679 1168 pollicitationem,
702 1116 782 1158 nisi
799 1117 912 1170 prius
928 1119 1116 1159 uenerint
1131 1120 1181 1160 ad
1199 1119 1391 1160 ecclesiae
1414 1119 1645 1161 ueritatem.

148 1196 221 1226 nec
255 1185 500 1227 recusabunt
536 1185 739 1239 baptizari
776 1186 883 1240 apud
920 1198 990 1227 nos
1026 1187 1219 1229 haeretici
1256 1188 1444 1242 legitimo
1480 1189 1522 1229 et
1551 1199 1645 1229 uero

149 1254 342 1296 ecclesiae
373 1254 589 1308 baptism0‚
627 1257 785 1308 quando
815 1269 861 1297 ex
890 1256 1006 1298 nobis
1037 1257 1257 1298 didicerint
1287 1257 1517 1310 baptizatos
1548 1267 1649 1309 quo-

104 1336 135 1360 1⁵
149 1336 227 1376 que
248 1337 271 1365 a
293 1324 422 1365 Paulo
451 1336 517 1366 eos
548 1325 618 1378 qui
652 1325 736 1367 iam
772 1325 977 1378 baptismo
1000 1325 1194 1367 Iohannis
1227 1325 1426 1379 baptizati
1460 1325 1647 1379 fuissent,

149 1393 257 1434 sicut
284 1393 461 1447 legimus
482 1393 525 1435 in
546 1394 649 1435 actis
671 1395 961 1447 apostolorum.

206 1462 261 1503 Et
301 1475 408 1504 nunc
448 1463 557 1516 apud
597 1463 797 1516 quosdam
833 1464 882 1504 de
917 1464 1066 1505 nostris
1107 1464 1403 1505 haereticorum
1443 1462 1716 1515 baptisma25

150 1530 434 1584 [occupatum]
476 1532 679 1574 adseritur
719 1533 760 1573 et
796 1531 955 1573 inuidia
994 1533 1169 1585 quadam
1210 1533 1327 1585 quasi
1367 1529 1648 1584 rebaptizandi
1694 1562 1697 1564 .

148 1599 357 1653 baptizare
385 1603 480 1655 post
500 1601 638 1643 hostes
660 1601 736 1642 Dei
758 1600 871 1642 nefas
893 1601 1070 1650 ducitur,
1102 1613 1194 1642 cum
1217 1601 1442 1654 baptizatos
1463 1598 1649 1641 inuenia-

107 1679 140 1705 20
153 1682 245 1711 mus
275 1682 373 1723 quos
396 1670 592 1711 Iohannes
622 1669 918 1723 baptizaueiat,
950 1669 1020 1710 ille
1043 1670 1243 1711 Iohannes
1272 1670 1401 1710 maior
1431 1669 1536 1709 inter
1557 1678 1649 1720 pro-

149 1738 296 1790 phetas
317 1738 498 1788 habitus,
524 1738 594 1780 ille
615 1738 758 1780 diuina
779 1739 914 1792 gratia
936 1739 1068 1780 adhuc
1090 1739 1130 1779 in
1154 1740 1267 1780 utero
1288 1738 1433 1779 matris
1455 1737 1648 1789 inpletus,

148 1807 220 1849 ille
257 1808 402 1850 Heliae
442 1808 591 1862 spiritu
633 1810 673 1849 et
715 1808 868 1849 uirtute
910 1808 1118 1858 subnixus,
1161 1808 1230 1861 qui
1273 1819 1350 1848 non
1391 1806 1649 1848 aduersarius

148 1877 317 1919 Domini
353 1877 423 1918 sed
459 1889 693 1930 praecursor
723 1889 771 1918 ac
802 1876 1057 1929 praedicator
1087 1877 1179 1929 fuit,
1216 1876 1285 1928 qui
1314 1875 1537 1917 Dominum
1569 1885 1649 1915 non

149 1947 313 1987 tantum
344 1946 480 1987 uerbis
510 1946 819 1999 praenuntiauit
852 1946 920 1987 sed
950 1947 991 1986 et
1020 1945 1149 1986 oculis
1182 1944 1373 1997 ostendit,
1409 1943 1479 1996 qui
1512 1943 1648 1995 ipsum

101 2021 133 2046 2⁵
148 2013 358 2055 Christum
379 2027 450 2067 per
471 2027 590 2068 quem
612 2015 874 2067 baptizantur
895 2015 1019 2056 ceteri
1041 2014 1280 2068 baptizauit.
1298 2013 1421 2066 quod
1442 2012 1477 2053 si
1498 2011 1648 2053 idcirco

147 2083 376 2126 haereticus
410 2084 474 2126 ius
505 2084 700 2138 baptismi
737 2084 917 2125 obtinere
951 2084 1095 2138 potuit,
1132 2083 1227 2136 quia
1262 2082 1373 2136 prior
1407 2079 1647 2134 baptizauit‚

148 2166 227 2196 non
258 2153 505 2206 possidentis
536 2153 613 2195 erit
635 2153 717 2195 iam
740 2153 947 2207 baptisma
976 2153 1045 2195 sed
1068 2152 1325 2206 occupantis:
1356 2152 1397 2192 et
1419 2163 1511 2192 cum
1533 2161 1648 2202 sepa-

218 2302 236 2336 1
256 2301 429 2336 retardari
446 2302 488 2336 in
506 2301 743 2336 retardatione
761 2312 852 2336 corr.
869 2302 899 2336 C
1034 2312 1116 2336 uere
1133 2301 1198 2335 hoc
1216 2301 1291 2345 ipso
1309 2310 1398 2334 corr.
1418 2298 1458 2333 in
1475 2297 1550 2332 ueri
1568 2307 1647 2331 cum

149 2358 215 2393 hoc
233 2358 348 2402 ipsum
368 2359 398 2393 Ο
576 2360 597 2393 3
615 2359 843 2403 adiugantur
861 2359 891 2394 C
905 2370 949 2393 an
967 2370 1013 2394 eat
1030 2370 1086 2399 un,
1105 2358 1203 2403 adigi
1227 2358 1289 2397 T2,
1307 2356 1550 2400 adiunguntur
1568 2353 1602 2387 L

149 2415 202 2460 ac]
221 2417 256 2449 ct
275 2415 376 2450 BCP
504 2416 695 2450 sentientia
717 2417 749 2451 T
875 2418 897 2451 4
913 2416 1074 2460 legitimo
1093 2416 1129 2450 B
1260 2416 1281 2449 5
1298 2414 1373 2468 illic
1391 2414 1421 2448 G
1546 2412 1647 2455 puta-

149 2473 236 2508 bant
255 2474 290 2507 P
427 2484 463 2507 se
480 2483 544 2508 om.
565 2474 601 2507 P
749 2475 770 2508 9
789 2473 936 2507 remissa
954 2474 1030 2508 NP
1177 2472 1292 2517 possit
1305 2472 1348 2506 N
1480 2469 1647 2503 audacius

147 2530 192 2565 ad
210 2541 271 2564 nos
290 2541 335 2564 eat
352 2530 513 2565 amdffiu
531 2541 591 2565 nos
609 2531 639 2565 C
731 2531 771 2564 11
790 2532 884 2564 certe
902 2530 935 2564 B
1028 2531 1072 2564 12
1088 2529 1225 2564 uenerit
1242 2529 1278 2563 P
1368 2527 1548 2579 ecclesiam
1569 2525 1603 2559 P

148 2588 192 2622 16
209 2587 349 2622 actibus
368 2588 460 2623 LTv
669 2588 711 2621 18
727 2589 934 2632 occupatum
958 2598 1024 2621 om.
1045 2587 1171 2621 RLN¹
1182 2586 1259 2626 PT,
1285 2584 1344 2619 sed
1368 2586 1556 2637 occupatus
1573 2582 1603 2616 C

146 2645 321 2679 inuidiam
341 2645 454 2679 LNT
571 2645 747 2689 quandam
765 2645 857 2680 NT2
985 2645 1028 2679 19
1045 2643 1218 2689 baptizari
1238 2644 1273 2678 P
1387 2643 1467 2686 post
1482 2651 1546 2674 om.
1568 2640 1602 2674 P

147 2702 278 2737 dicitur
297 2702 327 2737 C
460 2702 662 2746 baptizatur
681 2702 710 2738 C
717 2705 724 2724 ¹
864 2702 1064 2736 inuenimus
1082 2702 1116 2736 L
1253 2700 1298 2734 20
1315 2698 1478 2733 iohannis
1497 2698 1601 2754 1)AEss

147 2760 190 2794 21
211 2760 381 2804 impletur
398 2759 428 2795 C
561 2759 606 2794 22
624 2760 789 2804 spiritum
807 2760 917 2794 BLT
923 2763 930 2780 ¹
1068 2758 1251 2793 subnixius
1269 2759 1298 2792 (f
1320 2803 1373 2813 Ν
1426 2756 1470 2790 23
1487 2755 1554 2789 (1ηο
1572 2754 1602 2787 (J

146 2827 331 2861 procursor
350 2816 386 2851 P
550 2817 602 2862 ac]
621 2819 657 2851 et
674 2817 703 2852 C
863 2815 1093 2861 praedicando
1112 2816 1142 2850 (J
1199 2806 1206 2812 ⁸
1300 2814 1368 2848 dno
1391 2814 1445 2853 T·‚
1464 2811 1644 2847 dominum

146 2875 306 2908 nostrum
324 2884 345 2909 v
485 2873 530 2909 24
547 2876 583 2909 et
599 2885 664 2910 om.
683 2875 719 2910 Β
858 2874 900 2909 27
918 2874 987 2908 erit
1004 2885 1068 2908 om.
1088 2873 1139 2907 L‘
1279 2882 1356 2906 cum
1375 2871 1408 2905 L
1424 2881 1451 2904 s.
1471 2870 1492 2903 l.
