1838 3152
534 258 769 304 Epistulae
795 259 997 294 LXXIII.
1023 271 1052 295 c:
1079 261 1219 295 13—16.
1541 262 1620 304 789

127 361 232 403 ferat
261 361 367 414 quod
390 361 544 403 Paulus
565 362 615 403 de
636 361 833 404 fratribus
862 362 1012 416 posuit,
1046 363 1115 404 scd
1136 364 1336 414 ostendat,
1365 365 1399 405 si
1421 365 1621 406 haeretico

128 430 286 483 aliquid
321 430 623 471 eoncedendum
658 431 825 483 putauit
856 431 928 471 aut
956 431 990 471 si
1019 430 1141 473 fidem
1170 435 1211 473 et
1241 432 1445 485 baptisma
1482 444 1621 474 eorum

126 498 318 552 probauit
349 500 422 539 aut
450 498 485 540 si
507 498 680 552 perfidos
702 500 743 540 et
766 499 1022 551 blasphemos
1055 500 1332 542 remissionem
1364 502 1620 553 peccatorum

126 567 306 619 accipere
328 567 441 608 extra
461 567 676 609 ecclesiam
698 579 814 620 posse
836 568 1063 609 constituit.

96 654 110 677 ⁵
182 634 224 676 Si
254 636 391 677 autem
424 636 522 688 quid
553 636 725 688 apostoli
756 637 804 677 de
832 636 1047 678 haereticis
1081 638 1278 678 senserint
1310 637 1619 685 consideremus,
1640 643 1687 683 15

125 703 379 745 inueniemus
415 716 481 746 eos
509 705 551 746 in
579 705 769 746 omnibus
806 704 994 757 epistulis
1030 704 1115 745 suis
1151 705 1324 746 execrari
1353 707 1393 746 et
1425 705 1619 746 detestari

123 771 420 814 haereticorum
443 773 686 827 sacrilegam
708 773 969 825 prauitatem.
1006 786 1101 814 nam
1123 785 1214 814 cum
1238 773 1374 814 dicant
1394 785 1619 815 sermonem

124 853 263 882 eorum
286 843 332 881 ut
353 853 491 882 cancer
512 853 682 894 serpere,
705 841 906 894 quomodo
927 842 1062 894 potest
1083 842 1118 882 is
1140 854 1271 883 sermo
1294 842 1387 883 dare
1409 843 1619 884 remissam

123 910 380 962 peccatorum
414 910 483 962 qui
514 911 559 950 ut
588 922 732 951 cancer
765 910 891 962 serpit
921 909 972 951 ad
994 923 1109 952 aures
1144 911 1432 952 audientium?
1466 913 1619 953 etcum

78 993 111 1017 ιο
126 977 263 1019 dicant
284 978 441 1019 nullam
463 979 819 1031 participationem
841 991 927 1020 esse
949 979 1131 1020 iustitiae
1153 982 1193 1021 et
1216 980 1438 1032 iniquitati,
1462 980 1618 1021 nullam

124 1047 451 1088 communionem
476 1047 625 1088 lumini
647 1048 688 1088 et
709 1047 901 1097 tenebris,
925 1048 1125 1100 quomodo
1148 1050 1317 1101 possunt
1338 1050 1409 1089 aut
1430 1048 1619 1089 tenebrae

122 1116 368 1157 inluminare
399 1117 471 1157 aut
501 1116 697 1169 iniquitas
728 1116 981 1158 iustificare?
1015 1119 1170 1158 etcum
1204 1116 1341 1159 dicant
1369 1117 1418 1158 de
1440 1117 1526 1158 Deo
1554 1128 1620 1157 eos

122 1196 200 1226 non
230 1197 328 1234 esse,
365 1186 436 1227 sed
466 1198 552 1227 esse
573 1186 622 1226 de
643 1185 875 1227 antichristi
906 1186 1066 1238 spiritu,
1102 1186 1301 1239 quomodo
1330 1187 1477 1240 gerunt
1497 1185 1620 1239 spiri-

122 1253 224 1295 talia
241 1255 281 1295 et
303 1254 445 1295 diuina
467 1255 507 1296 et
528 1254 597 1307 qui
621 1255 703 1296 sint
725 1255 862 1296 hostes
881 1256 957 1296 Dei
979 1257 1020 1296 et
1041 1267 1213 1308 quorum
1235 1256 1398 1307 pectora
1419 1254 1621 1307 opsederit

75 1336 109 1360 ιτ)
124 1322 294 1374 spiritus
315 1323 579 1364 antichristi?
601 1336 724 1376 quare
742 1323 776 1364 si
796 1323 952 1365 relictis
969 1324 1169 1365 humanae
1187 1323 1458 1365 contentionis
1474 1322 1621 1364 errori-

122 1391 197 1432 bus
230 1392 281 1433 ad
315 1392 597 1446 euangelicam
629 1393 917 1434 auctoritatem
953 1393 1085 1445 adque
1114 1393 1165 1435 ad
1196 1392 1461 1445 apostolicam
1492 1391 1619 1434 tradi-

122 1462 275 1502 tionem
307 1461 462 1503 sincera
491 1463 531 1503 et
562 1462 755 1515 religiosa
788 1461 866 1503 fide
901 1464 1166 1513 reuertamur,
1203 1461 1484 1515 intellegimus
1517 1459 1620 1501 nihil

122 1530 179 1571 eis
201 1530 252 1570 ad
275 1530 452 1584 gratiam
484 1530 800 1571 ecclesiasticam
823 1532 864 1571 et
886 1531 1111 1572 salutarem
1140 1530 1262 1571 licere
1291 1530 1361 1582 qui
1384 1530 1620 1583 spargentes

123 1598 254 1650 adque
287 1598 557 1653 inpugnantes
589 1599 802 1640 ecclesiam
836 1598 989 1640 Christi
1023 1611 1045 1639 a
1067 1597 1229 1640 Christo
1262 1598 1350 1651 ipso
1379 1597 1617 1645 aduersarii,

74 1679 110 1705 20
123 1667 173 1708 ab
195 1667 390 1720 apostolis
411 1668 498 1708 eius
519 1667 752 1709 antichristi
774 1667 1047 1709 nominentur.

180 1737 270 1778 Non
298 1739 360 1779 est
390 1739 530 1778 autem
559 1737 665 1789 quod
692 1737 841 1790 aliquis
863 1736 913 1777 ad
934 1736 1332 1778 circumueniendam
1355 1735 1620 1776 christianam
1639 1736 1687 1776 16

122 1806 341 1847 ueritatem
356 1805 510 1848 Christi
531 1818 676 1847 nomen
697 1806 872 1860 opponat
889 1808 935 1846 ut
953 1805 1083 1846 dicat:
1104 1800 1161 1846 ‘in
1180 1804 1340 1845 nomine
1358 1804 1449 1844 Iesu
1467 1802 1618 1845 Christi

122 1875 368 1928 ubicumque
389 1877 430 1917 et
451 1875 826 1929 quomodocumque
859 1874 1055 1927 baptizati
1087 1873 1265 1928 gratiam
1295 1872 1492 1925 baptismi
1525 1872 1620 1913 sunt

257 2012 275 2045 7
302 2012 344 2046 cf.
372 2012 408 2045 II
435 2011 523 2046 Tim.
550 2013 581 2052 2,
610 2012 663 2045 17.
760 2011 803 2045 10
826 2010 867 2045 cf.
896 2011 931 2044 II
958 2010 1034 2046 Cor.
1062 2010 1092 2046 6.
1123 2010 1172 2043 14.
1271 2009 1313 2042 12
1337 2008 1382 2042 cf.
1410 2007 1427 2041 I
1453 2007 1501 2041 Io.
1528 2008 1559 2049 4,
1586 2009 1616 2041 3.

191 2127 206 2160 1
228 2126 358 2170 posuit]
378 2127 496 2170 potuit
513 2126 626 2161 dicere
646 2127 678 2160 B
841 2124 1031 2159 ostendant
1054 2124 1159 2159 C²Nv
1328 2123 1349 2156 3
1369 2121 1521 2166 perfidus
1540 2120 1575 2154 Β

122 2183 349 2228 blasphemus
367 2183 413 2224 Β,
431 2183 657 2228 blasphemas
681 2183 725 2218 0¹
853 2183 875 2217 4
892 2182 1004 2226 extra]
1025 2184 1146 2216 contra
1165 2181 1199 2215 B
1324 2181 1346 2215 6
1363 2190 1521 2214 execrare
1541 2178 1575 2212 Β

121 2241 140 2275 ἶ
158 2252 332 2275 sermones
355 2241 384 2276 C
555 2244 577 2274 ὅ
594 2240 758 2284 quimodo
781 2240 823 2275 G·
1000 2239 1150 2274 sermoni
1173 2239 1206 2273 T
1376 2237 1522 2270 remissa
1540 2235 1576 2270 P

119 2300 142 2333 9
160 2300 288 2343 serpsit
310 2300 343 2334 T
355 2310 377 2343 p
393 2309 419 2333 s.
438 2299 459 2333 l.
623 2308 726 2331 aures
749 2298 778 2333 C
792 2308 819 2332 s.
839 2297 859 2331 l.
1027 2297 1070 2330 10
1085 2298 1120 2330 et
1137 2307 1202 2330 om.
1222 2295 1255 2330 B
1418 2295 1459 2328 11
1478 2293 1619 2337 lumini]

121 2357 191 2391 luci
209 2358 364 2401 Auyust.
383 2357 406 2390 l.
424 2368 450 2391 c.
473 2356 570 2391 IIII
581 2359 625 2390 19
837 2355 880 2390 13
896 2365 970 2389 esse
992 2354 1035 2389 de
1061 2364 1126 2389 om.
1147 2354 1180 2388 L
1386 2353 1513 2396 gerant
1530 2351 1575 2386 0²

123 2414 165 2447 14
181 2416 265 2448 sunt
283 2414 414 2448 BLPv
523 2414 675 2458 pectora]
694 2415 834 2458 peccato
855 2413 889 2447 Β
1007 2412 1050 2446 15
1067 2411 1303 2445 antichristus
1322 2410 1364 2444 N
1468 2407 1616 2451 relictis]

122 2471 262 2505 reiectis
284 2471 334 2506 Cv
489 2470 641 2505 humane
660 2481 703 2504 ea:
720 2471 874 2505 humana
897 2471 929 2504 T
1079 2468 1255 2502 erroribus
1273 2466 1316 2501 ad
1335 2477 1379 2500 ex
1397 2465 1524 2499 erroris
1547 2465 1578 2500 Τ

123 2529 165 2563 16
181 2530 243 2563 alt.
263 2529 306 2563 ad
324 2540 388 2563 om.
410 2529 479 2564 BC
615 2529 655 2563 1?
676 2528 918 2572 intelligemus
937 2527 1025 2562 CNv
1165 2526 1207 2560 18
1223 2527 1258 2559 et
1274 2536 1340 2559 om.
1360 2524 1395 2558 Β
1526 2522 1618 2557 salu-

122 2586 246 2630 tarem]
277 2586 429 2620 salutem
459 2587 499 2629 T,
530 2586 575 2620 ad
604 2586 754 2621 salutem
783 2586 931 2629 aliquot.
964 2595 1045 2619 mss.
1072 2583 1275 2627 Auqustini
1300 2583 1322 2615 I.
1348 2593 1375 2616 c.
1405 2580 1504 2615 IIII
1526 2582 1575 2614 20

121 2644 344 2688 spargentes}
363 2645 566 2688 spernentes
581 2644 718 2688 aliqwt
736 2653 811 2677 mss.
832 2643 926 2686 Any.
1132 2641 1172 2674 19
1190 2642 1262 2683 atq.
1283 2639 1519 2683 inpugnantes
1536 2647 1618 2671 oues

121 2702 150 2736 C
164 2712 190 2735 s.
211 2702 232 2735 l.
389 2700 572 2735 ecclesiam
590 2711 680 2736 corr.
699 2701 740 2735 in
756 2700 826 2734 iam
850 2699 880 2734 C
1039 2709 1058 2731 a
1075 2709 1140 2732 om.
1163 2696 1198 2731 B
1352 2694 1564 2747 aduersariis
1582 2694 1619 2727 et

119 2758 163 2792 ab
185 2758 215 2793 C
229 2758 274 2792 ab
290 2770 316 2791 κ.
335 2758 355 2791 l.
564 2758 613 2794 20
628 2757 811 2802 apostolis]
839 2767 920 2791 uero
936 2755 1021 2790 add.
1046 2756 1078 2790 T
1090 2766 1115 2789 s,
1134 2755 1156 2787 l.
1176 2758 1209 2788 et
1227 2765 1246 2787 v
1265 2756 1360 2796 (uero
1378 2763 1442 2786 om.
1463 2752 1572 2795 Any.)

119 2816 348 2850 nominantur
369 2815 471 2850 CT‘z·
632 2815 675 2850 21
693 2813 982 2849 cumuenicndam
1008 2814 1050 2847 Τ·
1205 2811 1250 2846 23
1269 2809 1446 2854 baptizati
1463 2809 1617 2850 gratiam

119 2883 182 2906 om.
205 2873 239 2906 B
378 2872 529 2916 baptimi
552 2873 589 2908 T.
609 2872 787 2915 baptisma
810 2871 842 2905 B
