1838 3152
595 249 807 294 Epistula
833 248 978 283 XIIII.
1004 259 1032 283 c.
1059 250 1158 284 1-2.
1544 253 1625 294 511

120 356 359 405 necessaria,
381 354 501 396 modo
523 356 570 396 ut
590 354 723 395 sciant
744 366 791 395 ex
813 353 931 395 uobis
952 355 993 394 et
1015 353 1274 396 instruantur
1290 357 1331 396 et
1347 355 1507 397 discant
1529 355 1629 408 quid

121 425 344 467 secundum
374 423 671 476 scripturarum
702 422 990 477 magisterium
1020 421 1296 464 ecclesiastica
1319 423 1537 477 disciplina
1558 424 1628 466 de-

120 495 275 549 poscat,
311 492 490 534 humiles
521 493 562 533 et
583 491 790 533 modestos
812 492 853 532 et
874 490 1033 543 quietos
1062 502 1147 532 esse
1176 490 1334 541 debere,
1368 494 1415 534 ut
1436 492 1628 535 honorem

121 563 185 606 sui
214 561 392 604 nominis
421 561 597 610 seruent,
629 561 676 601 ut
697 559 767 612 qui
797 558 964 614 gloriosi
987 570 1083 600 uoce
1105 558 1259 601 fuerint
1280 560 1364 602 sint
1385 563 1425 602 et
1446 561 1628 603 moribus

92 649 108 673 ⁵
124 631 306 686 gloriosi,
337 629 489 672 faciant
518 641 559 670 se
587 628 732 683 dignos
754 630 801 669 ut
823 627 865 669 in
885 628 1076 670 omnibus
1097 627 1321 670 Dominum
1352 633 1628 682 promerentes

121 699 173 741 ad
204 699 426 740 caelestem
462 709 653 739 coronam
689 697 823 738 laudis
859 709 956 738 suae
992 697 1343 738 consummatione
1375 699 1629 751 perueniant.

119 768 214 822 plus
237 767 346 808 enim
368 767 554 820 superest
575 778 699 818 quam
716 765 824 818 quod
843 767 1098 807 transactum
1115 765 1294 816 uidetur,
1318 779 1408 807 cum
1430 767 1629 820 scriptum

120 837 195 878 sit:
238 837 355 878 ante
393 836 606 876 mortem
636 846 694 876 ne
725 834 902 875 laudes
940 834 1194 876 hominem
1224 847 1546 888 quemquam,
1590 838 1630 877 et

120 905 294 947 iterum:
342 906 452 945 esto
492 903 679 945 fidelis
719 916 877 956 usque
916 903 976 944 ad
1006 905 1244 953 mortem,
1293 906 1341 945 et
1373 904 1498 945 dabo
1530 905 1630 946 tibi

76 989 109 1015 10
122 986 356 1016 coronam
386 973 547 1022 uitae,
571 974 611 1014 et
634 971 833 1014 Dominus
855 984 1013 1025 quoque
1036 972 1167 1014 dicat:
1198 973 1283 1026 qui
1314 974 1632 1015 tolerauerit

123 1055 281 1095 usque
312 1042 372 1083 ad
404 1041 562 1083 finem
593 1041 677 1083 hic
708 1040 1022 1082 saluabitur.
1056 1040 1275 1083 imitentur
1304 1041 1531 1083 Dominum
1561 1041 1630 1094 qui

123 1111 198 1153 sub
220 1111 307 1164 ipso
329 1112 512 1164 tempore
533 1109 735 1164 passionis
757 1121 835 1151 non
858 1109 1069 1162 superbior
1091 1110 1161 1151 sed
1182 1109 1380 1151 humilior
1400 1109 1494 1152 fuit.
1533 1111 1631 1152 tunc

123 1180 232 1222 enim
273 1180 568 1233 discipulorum
609 1191 776 1221 suorum
816 1179 936 1232 pedes
977 1179 1083 1220 lauit
1124 1179 1283 1221 dicens:
1324 1180 1367 1221 si
1399 1192 1419 1221 e
1430 1192 1457 1234 g
1467 1191 1488 1220 o
1526 1180 1539 1220 l
1550 1193 1573 1221 a
1582 1180 1633 1221 ui

123 1249 276 1302 pedes
317 1250 520 1290 uestros
559 1248 811 1303 magister
850 1249 899 1289 et
931 1247 1188 1298 dominus,
1229 1250 1278 1290 et
1309 1260 1396 1290 uos
1427 1249 1632 1290 debetis

80 1334 110 1358 15
125 1318 349 1359 aliorum
394 1318 548 1370 pedes
594 1318 782 1359 lauare.
831 1318 1117 1370 exemplum
1160 1318 1293 1359 enim
1337 1318 1453 1359 dedi
1485 1318 1633 1359 uobis

125 1389 180 1428 ut
212 1387 354 1428 sicut
385 1398 474 1441 ego
506 1385 608 1427 feci
639 1387 688 1428 et
719 1398 807 1427 uos
838 1386 962 1427 aliis
994 1385 1220 1428 faciatis.
1254 1386 1357 1427 item
1388 1386 1510 1428 Pauli
1543 1399 1634 1439 apo-

126 1455 223 1497 stoli
259 1456 503 1496 documenta
539 1456 757 1508 sectentur,
795 1455 865 1508 qui
894 1456 987 1508 post
1016 1467 1219 1496 carcerem
1249 1467 1367 1508 saepe
1397 1455 1634 1508 repetitum,

124 1526 217 1577 post
237 1523 414 1578 flagella,
438 1526 530 1578 post
551 1524 716 1577 bestias,
740 1523 848 1566 circa
864 1524 1002 1567 omnia
1018 1524 1135 1565 mitis
1151 1526 1192 1566 et
1208 1524 1379 1566 humilis
1396 1537 1633 1577 perseuera-

125 1592 202 1643 uit,
224 1605 297 1634 nec
317 1594 408 1646 post
429 1593 601 1634 tertium
623 1593 782 1634 caelum
799 1594 840 1634 et
855 1593 1094 1646 paradisum
1115 1593 1335 1647 quicquam
1357 1593 1436 1635 sibi
1454 1593 1634 1634 insolen-

81 1679 115 1705 20
129 1663 193 1704 ter
228 1662 461 1716 adsumpsit
497 1662 655 1704 dicens:
702 1674 859 1715 neque
890 1662 1059 1716 gratis
1090 1675 1267 1715 panem
1299 1662 1447 1704 mand
1460 1675 1587 1704 ucau
1601 1662 1636 1702 i·-

128 1743 235 1771 mus
267 1731 325 1772 ab
357 1731 552 1784 aliquo,
594 1731 680 1773 sed
721 1731 772 1772 in
813 1731 991 1773 labore
1033 1733 1081 1773 et
1120 1731 1445 1786 fatigatione
1489 1734 1636 1773 nocte

129 1800 177 1840 et
209 1798 288 1840 die
318 1802 610 1852 operantes,
642 1812 698 1840 ne
730 1813 753 1852 q
768 1813 877 1841 uem
913 1801 1144 1842 uestrum
1177 1813 1527 1855 grauaremus.

266 1963 288 1995 8
314 1960 443 1995 Ecclcs.
473 1962 525 2002 11,
553 1961 610 1997 30.
690 1964 711 1995 9
736 1962 840 2006 Apoc.
868 1962 900 2003 2,
928 1963 981 1996 10.
1058 1962 1102 1995 10
1126 1961 1258 1996 Matth.
1285 1962 1337 2001 10,
1363 1962 1419 1996 22.
1518 1962 1562 1997 13
1589 1961 1635 1995 lo.

133 2018 185 2058 13,
213 2018 265 2052 14.
293 2018 344 2052 15.
416 2019 462 2052 20
487 2019 525 2052 ΙΙ
552 2019 672 2053 Thess.
698 2020 729 2059 3,
755 2020 786 2053 8.

200 2169 217 2202 1
238 2170 321 2202 sunt
355 2170 552 2203 necessaria
590 2170 723 2211 CRTo,
759 2170 956 2204 necessaria
988 2171 1072 2204 sunt
1100 2171 1135 2214 i;
1174 2171 1257 2204 sunt
1290 2182 1355 2204 om.
1389 2170 1427 2205 N
1522 2169 1638 2213 modo]

131 2225 307 2259 modicum
331 2226 395 2261 Cio
465 2226 598 2260 nobisi
668 2227 867 2262 instruatur
881 2228 959 2262 NT
1026 2228 1074 2272 et]
1095 2229 1134 2261 ut
1158 2228 1187 2262 C
1254 2227 1406 2272 discant]
1427 2227 1542 2261 sciant
1556 2227 1600 2261 N

131 2281 223 2326 quod
252 2294 297 2317 ex
326 2283 387 2327 qui
419 2285 448 2319 C
538 2285 559 2319 2
592 2285 870 2319 ecclesiasticam
904 2284 1132 2333 disciplinam
1167 2286 1255 2320 C'N
1341 2285 1363 2318 3
1396 2284 1546 2319 humilis
1577 2284 1638 2324 C',

131 2339 286 2374 humiles
304 2351 379 2375 csse
397 2342 473 2376 NT
561 2341 738 2376 modestes
756 2342 791 2378 R
878 2344 914 2377 et
931 2342 1069 2386 quietos
1088 2345 1124 2376 et
1141 2342 1318 2377 modestos
1335 2354 1355 2376 ο
1447 2342 1470 2376 4
1486 2341 1640 2375 nominis

132 2396 188 2430 sui
217 2407 237 2431 ο
345 2400 386 2432 ut
408 2399 594 2441 GNTVzo,
629 2403 665 2435 et
682 2401 739 2436 Rv
848 2401 925 2435 uoci
950 2401 1027 2436 NT
1132 2401 1277 2435 fuerunt
1298 2401 1364 2435 Tio
1471 2399 1639 2442 moribus]

132 2453 321 2490 timoribus
340 2456 376 2491 R
469 2457 491 2491 5
514 2457 655 2493 domino
672 2458 709 2494 R
801 2459 822 2493 6
839 2458 1026 2503 perueniat
1042 2458 1133 2493 NR¹
1148 2459 1179 2493 T
1268 2459 1290 2493 8
1306 2457 1447 2492 laudem
1464 2467 1508 2491 eoe
1526 2456 1640 2490 laudi-

132 2510 198 2545 bus
221 2512 251 2546 C
344 2514 383 2548 11
403 2513 459 2558 ad]
478 2515 515 2549 in
532 2526 552 2549 ο
644 2515 826 2550 imitemur
849 2516 879 2551 G
886 2519 891 2537 ¹
981 2515 1146 2550 dominus
1164 2515 1199 2551 R
1294 2516 1336 2549 12
1353 2514 1542 2549 humiliore
1560 2514 1595 2549 R

134 2568 178 2602 13
195 2570 464 2616 discipulorum]
482 2573 721 2617 apostolorum
739 2574 816 2609 NT
899 2574 1052 2618 suorum]
1071 2573 1221 2608 istorum
1238 2573 1282 2608 N
1362 2573 1443 2617 ego]
1461 2582 1544 2616 ergo
1568 2573 1597 2605 (J

135 2627 179 2661 16
195 2628 278 2662 aliis
296 2641 362 2664 om.
389 2630 461 2665 Vov
555 2631 596 2665 17
615 2633 795 2666 sectantur
813 2641 858 2666 ex
875 2632 1079 2675 pctrtantur
1098 2631 1136 2671 C,
1154 2631 1333 2664 testantur
1350 2630 1385 2664 io
1479 2640 1548 2673 quo
1567 2629 1598 2662 Τ

136 2685 180 2719 18
197 2686 324 2722 bestiis
348 2688 390 2722 0·
480 2689 678 2733 perscrauit
699 2689 730 2722 T
819 2689 862 2723 19
880 2689 955 2733 nec]
973 2699 1016 2723 ne
1039 2689 1068 2724 C
1148 2688 1318 2732 quiquam
1335 2687 1378 2721 N
1467 2686 1513 2720 20
1530 2696 1641 2729 neque

136 2745 230 2780 enim
246 2746 260 2780 i
341 2756 466 2790 panem
482 2746 599 2791 gratis
616 2757 646 2787 ο,
673 2746 762 2781 satis
780 2757 906 2791 panem
929 2747 959 2781 C
1041 2746 1085 2780 21
1104 2745 1239 2790 aliquo]
1258 2746 1415 2779 uestrum
1433 2743 1518 2779 add.
1545 2743 1595 2778 Vv

136 2801 182 2836 22
197 2805 238 2837 ut
254 2814 297 2838 ne
319 2804 383 2839 Cio
478 2804 596 2848 quem]
614 2803 702 2848 quid
724 2806 757 2839 T
846 2814 1076 2848 grauaremur
1100 2804 1132 2837 T
