1912 3152
661 242 721 276 De
745 241 889 286 lapsis
913 251 941 275 0.
970 241 1117 275 19-22,
1551 241 1635 284 253

184 351 277 394 Nisi
299 349 334 391 si
356 348 456 391 haec
476 346 562 388 Deo
582 346 796 400 ignorante
816 346 934 399 gesta
955 345 1050 386 sunt
1071 345 1143 386 aut
1163 355 1242 386 non
1262 345 1526 397 permittente
1547 345 1635 399 ipso
1657 347 1704 387 21

129 419 265 463 omnia
300 418 381 460 ista
415 416 633 458 uenerunt:
665 414 808 455 doceat
827 412 1068 455 indocibiles
1090 413 1132 454 et
1152 413 1370 455 admoneat
1391 413 1635 457 inmemores

128 489 330 541 scriptura
351 485 493 527 diuina
524 496 627 537 quae
655 482 838 536 loquitur
866 481 1024 523 dicens:
1071 481 1186 535 quis
1216 482 1362 523 dedit
1392 482 1441 524 in
1471 483 1637 536 direp-

128 558 317 600 tionem
339 553 488 595 Iacob
510 553 561 594 et
582 551 785 593 Israhel
816 550 889 593 eis
921 551 1005 604 qui
1036 550 1424 603 praedabantur
1454 551 1635 594 illum?

102 637 290 669 snonne
311 623 443 664 Deus
472 621 555 663 cui
587 621 941 674 peccauerunt
962 621 1010 661 et
1031 618 1310 661 noluerunt
1331 619 1381 661 in
1401 620 1503 662 uiis
1525 620 1636 663 eius

128 692 395 737 ambulare
425 702 586 743 neque
616 689 793 731 audire
836 688 1005 743 legem
1051 688 1189 730 eius?
1234 689 1282 730 et
1328 689 1636 741 superduxit

128 774 276 817 super
313 772 394 803 eos
432 759 562 801 iram
593 757 930 800 animationis
971 769 1102 799 suae.
1159 758 1200 799 et
1235 757 1335 798 alibi
1371 758 1550 799 testatur
1590 770 1637 800 ac

130 832 249 875 dicit:
282 827 528 882 numquid
558 839 652 870 non
683 827 824 869 ualet
855 839 1031 868 manus
1060 826 1155 867 Dei
1188 828 1242 868 ut
1273 826 1444 868 saluos
1476 825 1637 868 faciat

131 902 216 944 aut
253 898 508 954 grauauit
553 909 723 938 aurem
770 897 825 937 ut
869 907 964 937 non
1012 896 1282 937 exaudiat?
1314 895 1398 936 sed
1429 896 1636 949 peccata

85 970 302 1012 iouestra
344 967 477 1008 inter
518 977 604 1008 uos
645 966 692 1007 et
732 965 887 1006 Deum
928 966 1172 1017 separant
1203 966 1252 1007 et
1282 965 1500 1019 propter
1528 978 1638 1019 pec-

131 1038 244 1081 cata
289 1037 463 1077 uestra
508 1034 709 1076 auertit
740 1033 924 1075 faciem
969 1046 992 1074 a
1035 1033 1183 1075 uobis
1223 1046 1279 1075 ne
1310 1035 1635 1077 misereatur.

130 1106 280 1149 delicta
301 1106 438 1146 nostra
459 1104 716 1156 reputemUS,
747 1103 862 1143 actus
884 1102 1012 1143 nostri
1034 1103 1075 1143 et
1095 1102 1222 1143 animi
1245 1105 1401 1145 secreta
1423 1103 1638 1145 uoluentes

131 1174 397 1219 conscientiae
428 1172 576 1214 merita
605 1171 886 1225 ponderemus.
920 1171 1060 1213 redeat
1091 1172 1133 1212 in
1155 1173 1429 1213 cormostrum
1450 1184 1529 1214 non
1549 1185 1638 1214 am-

131 1243 293 1286 bulasse
314 1254 385 1284 nos
415 1242 455 1283 in
487 1241 567 1282 uiis
589 1240 775 1289 Domini,
808 1239 1004 1282 abiecisse
1026 1240 1161 1294 legem
1183 1240 1279 1289 Dei,
1311 1242 1522 1294 praecepta
1551 1241 1638 1282 eius

86 1333 119 1360 15
133 1314 174 1355 et
192 1311 349 1354 monita
371 1309 570 1352 salutaria
590 1322 817 1362 numquam
840 1321 1002 1350 seruare
1023 1309 1215 1350 uoluisse.

188 1378 295 1431 Quid
317 1378 366 1419 de
387 1389 432 1419 eo
454 1376 548 1418 boni
570 1375 736 1426 sentias,
760 1388 881 1428 quem
903 1375 1094 1417 timorem
1115 1375 1243 1418 fuisse
1263 1378 1364 1430 aput
1386 1389 1492 1425 eum,
1514 1390 1638 1430 quam
1654 1381 1708 1421 22

134 1447 254 1489 fidem
285 1446 424 1488 credas
436 1478 446 1493 ,
493 1457 614 1498 quem
651 1444 850 1498 corrigere
886 1456 956 1486 nec
992 1445 1126 1486 metus
1163 1444 1319 1498 potuit,
1351 1458 1473 1498 quem
1502 1459 1638 1499 perse-

135 1515 242 1558 cutio
263 1515 352 1568 ipsa
372 1526 451 1556 non
472 1513 741 1555 reformauit?
772 1514 857 1555 alta
880 1514 920 1554 et
951 1514 1061 1555 recta
1093 1514 1229 1555 ceruix
1260 1526 1332 1555 nec
1364 1514 1458 1567 quia
1491 1515 1638 1557 cecidit

135 1583 279 1626 inflexa
311 1584 392 1625 est:
425 1585 588 1625 tumens
620 1582 781 1624 animus
803 1583 843 1623 et
864 1581 1061 1635 superbus
1083 1594 1154 1623 nec
1175 1582 1272 1635 quia
1292 1582 1428 1625 uictus
1450 1585 1512 1625 est
1534 1584 1639 1626 frac-

92 1654 203 1696 totus
225 1654 298 1695 est.
332 1652 466 1694 iacens
488 1651 693 1693 stantibus
722 1652 762 1692 et
792 1650 964 1705 integris
986 1650 1225 1692 uulneratus
1261 1651 1443 1693 minatur
1464 1653 1505 1694 et
1532 1652 1639 1706 quod

138 1733 215 1764 non
250 1721 394 1763 statim
432 1720 600 1762 Domini
637 1732 781 1773 corpus
816 1719 1041 1773 inquinatis
1073 1720 1263 1762 manibus
1285 1721 1459 1775 accipiat
1480 1723 1553 1763 aut
1573 1733 1640 1763 ore

136 1790 292 1844 polluto
327 1789 494 1830 Domini
531 1788 773 1843 sanguinem
807 1788 941 1837 11111111,
972 1788 1254 1830 sacerdotibus
1283 1789 1507 1844 sacrilegus
1556 1790 1639 1832 ira-

137 1858 273 1901 scitur.
305 1858 435 1911 adque
451 1883 507 1887 —
523 1870 544 1899 o
566 1859 683 1899 tuam
700 1857 886 1907 nimiam,
909 1856 1072 1906 furiose,
1095 1858 1366 1900 dementiam!
1384 1858 1642 1901 —irasceris

138 1926 174 1969 ei
194 1927 263 1980 qui
284 1927 355 1968 abs
377 1928 418 1968 te
440 1926 544 1968 iram
565 1926 640 1967 Dei
663 1927 844 1968 auertere
866 1925 1034 1968 nititur.
1058 1926 1095 1968 ei
1117 1926 1288 1969 minaris
1309 1927 1379 1980 qui
1401 1939 1472 1981 pro
1494 1929 1535 1969 te
1558 1928 1643 1969 Do-

271 2052 293 2085 3
318 2051 374 2085 Es.
392 2052 446 2091 42,
465 2051 509 2086 24
528 2061 578 2095 sq.
651 2052 672 2084 8
698 2051 754 2085 Es.
774 2051 828 2092 59,
850 2052 867 2085 1
887 2062 938 2095 sq.

208 2155 226 2188 1
252 2154 282 2188 si
299 2165 364 2189 om.
380 2155 409 2189 S
478 2154 541 2188 deo
559 2154 743 2198 ignorante
763 2153 806 2194 S,
834 2153 958 2197 ignaro
976 2153 1038 2187 deo
1063 2154 1169 2189 WRv
1256 2155 1486 2199 permittente
1504 2166 1548 2189 εκ
1566 2166 1641 2200 per-

140 2210 348 2246 mittenoum
368 2211 397 2245 S
411 2223 456 2246 m.
476 2214 498 2245 2
592 2211 667 2255 ipso
685 2211 714 2246 S
726 2239 736 2254 ,
762 2211 825 2244 illo
845 2211 950 2246 WRz·
1036 2212 1058 2245 2
1083 2222 1161 2245 011111
1179 2211 1302 2246 doceat
1320 2224 1340 2246 1·
1426 2213 1641 2247 indoeebiles

142 2267 171 2302 S
179 2268 202 2310 ¹,
229 2268 396 2303 indociles
415 2268 577 2303 SWVRL·
686 2268 707 2302 3
732 2279 822 2312 quae
840 2279 904 2303 om.
926 2269 961 2303 R
1069 2269 1267 2313 direptione
1286 2271 1336 2305 W
1442 2271 1464 2304 4
1490 2270 1587 2304 iacob
1606 2274 1641 2305 et

141 2335 204 2359 om.
221 2325 250 2359 S
364 2325 497 2360 israhel
514 2326 565 2360 eis
589 2327 638 2360 W
640 2326 699 2366 S'²‚
728 2325 916 2360 istraheles
935 2326 996 2365 δ’,
1023 2326 1155 2360 israhel
1174 2327 1209 2362 R
1314 2327 1336 2360 5
1362 2327 1551 2361 noluerunt
1570 2328 1645 2367 SV,

142 2382 305 2417 nolebant
323 2384 408 2419 WR
480 2383 498 2417 ἶ
526 2383 754 2417 animationis
773 2394 854 2417 suae
872 2394 937 2418 om.
955 2383 984 2418 S
1053 2384 1104 2429 ac]
1124 2386 1160 2418 et
1179 2384 1208 2418 S
1276 2386 1298 2418 8
1316 2384 1475 2429 nunquid
1494 2384 1578 2420 SW

141 2441 163 2474 9
186 2441 351 2485 grauabit
369 2441 418 2476 W
488 2441 531 2474 10
554 2429 770 2485 deum1diffii
789 2441 818 2474 s
886 2443 1028 2484 peccata
1046 2441 1088 2481 s,
1116 2441 1245 2476 denota
1265 2442 1393 2483 wrm
1418 2444 1465 2486 cf.
1484 2447 1560 2478 test.
1577 2444 1649 2478 III

143 2499 188 2532 47
199 2508 239 2542 p.
253 2499 323 2532 152
418 2498 457 2531 11
485 2498 597 2532 uertit
616 2499 665 2533 W
758 2498 801 2532 12
826 2498 956 2532 delicta
975 2498 1091 2542 potius
1111 2499 1167 2534 Re:
1267 2500 1513 2545 dereputeinus
1532 2501 1575 2535 S¹

143 2555 253 2589 nostri
271 2555 367 2595 SW,
393 2557 515 2589 nostra
534 2555 612 2598 Rvy·
638 2556 685 2599 cf.
703 2555 860 2590 indicem
879 2566 905 2589 s.
925 2567 960 2589 u.
980 2556 1093 2590 nostri
1200 2558 1420 2592 rcuoluentes
1440 2558 1521 2594 S²1·.
1549 2558 1645 2592 auol-

143 2613 262 2646 uentes
273 2611 314 2646 8¹
380 2612 422 2646 14
436 2612 584 2657 domini]
601 2614 636 2646 et
649 2604 710 2647 dni
724 2623 768 2646 ωε
781 2613 911 2647 nostris
926 2614 955 2647 S
966 2624 1010 2647 m.
1024 2616 1048 2647 2
1118 2614 1287 2648 abiecisse
1297 2614 1361 2649 SR
1370 2615 1407 2655 V,
1426 2616 1460 2648 et
1479 2614 1645 2648 abiecisse

148 2669 217 2703 Wv
286 2669 328 2703 15
346 2669 537 2703 reuoluisse
556 2670 598 2702 S'
672 2670 714 2703 16
733 2669 826 2714 110111]
847 2670 890 2703 bo
909 2670 944 2705 R
1015 2670 1056 2704 17
1075 2670 1210 2704 credam
1230 2671 1350 2705 credas
1360 2671 1395 2706 R
1468 2672 1510 2704 18
1527 2674 1643 2704 erecta

146 2724 246 2769 S’R5
271 2727 317 2769 cf.
343 2726 503 2760 Grmzou.
523 2727 591 2761 obs.
610 2738 648 2771 1).
669 2729 741 2761 570
811 2728 857 2760 20
881 2727 1079 2761 uulneratis
1095 2728 1138 2762 S¹
1243 2729 1286 2762 21
1313 2731 1374 2762 aut
1392 2740 1450 2762 ore
1468 2728 1576 2769 SW',
1604 2732 1642 2762 ut

145 2791 201 2816 ore
222 2783 270 2817 W
276 2784 298 2823 ¹,
323 2785 463 2817 auctore
482 2784 517 2818 R
585 2784 631 2818 22
656 2784 828 2819 irascatur
847 2785 890 2819 S'
971 2785 1017 2820 23
1042 2784 1154 2830 adque
1171 2786 1202 2829 o]
1223 2787 1260 2819 at
1278 2796 1346 2829 quo
1364 2786 1400 2820 R
1475 2786 1519 2819 ‘24
1544 2796 1644 2820 auer-

145 2839 217 2873 tere
234 2839 321 2874 iram
340 2839 395 2874 (101
417 2840 520 2875 WRe·
591 2841 636 2885 01]
656 2844 691 2875 01
710 2841 774 2876 SR
