1912 3152
419 261 478 295 De
504 259 728 295 dominica
753 260 958 295 oratione
983 271 1011 295 c.
1036 260 1182 296 22—25.
1478 262 1562 305 285

57 369 116 413 sic
136 378 209 410 nec
238 363 482 408 sacrificium
504 364 616 406 Deus
644 363 790 417 recipit
811 363 1049 406 dissidentis
1069 365 1111 406 et
1132 364 1183 406 ab
1204 364 1328 407 altari
1349 366 1560 408 reuerten-

55 438 141 480 tem
161 435 274 490 prius
302 432 421 475 fratri
449 431 702 474 reconciliari
733 432 870 484 iubet,
902 432 949 474 ut
969 432 1151 486 pacificis
1171 432 1361 486 precibus
1382 434 1424 475 et
1446 434 1557 476 Deus

54 504 183 561 possit
203 515 290 546 esse
309 503 491 556 pacatus
525 500 773 544 sacrificium
801 500 887 543 Deo
916 501 1051 543 maius
1074 502 1137 543 est
1157 513 1235 556 pax
1255 502 1394 544 nostra
1416 503 1456 544 et
1477 503 1560 545 fra-

53 574 169 617 terna
189 571 399 614 concordia
429 572 471 613 et
501 570 551 613 de
580 570 739 612 unitate
770 569 909 612 Patris
941 570 982 612 et
1012 569 1111 611 Filii
1142 571 1183 612 et
1215 570 1397 625 Spiritus
1429 571 1559 614 sancti

10 658 25 684 ⁵
53 640 167 697 plebs
189 640 381 682 adunata.

106 709 248 762 Neque
280 708 389 751 em‘m
418 708 461 750 in
492 708 701 750 sacrificiis
732 719 833 761 quae
865 707 972 750 Abel
993 708 1034 750 et
1054 707 1154 750 Cain
1175 708 1299 762 primi
1321 709 1559 762 optulerunt
1576 705 1629 746 24

51 790 219 822 munera
248 789 388 820 eorum
419 777 554 828 DeUS‚
587 777 658 820 sed
689 777 809 819 corda
839 776 1095 828 intuebatur,
1127 777 1175 819 ut
1205 777 1277 819 ille
1308 777 1487 832 placeret
1515 778 1558 820 in

51 858 214 891 munere
235 846 306 900 qui
327 845 516 900 placebat
537 845 579 888 in
601 845 732 888 corde.
765 845 872 888 Abel
893 846 1086 899 pacificus
1108 846 1150 887 et
1171 845 1307 888 iustus
1320 879 1330 897 ‚
1353 846 1454 888 dum
1472 847 1557 889 Deo

52 915 251 960 sacrificat
286 915 542 966 innocenter,
573 915 713 957 docuit
734 915 775 957 et
796 915 969 966 ceterOS‚
1001 915 1163 968 quando
1185 915 1236 957 ad
1257 914 1386 958 altare
1408 927 1557 958 munus

13 999 40 1028 ιο
51 984 244 1035 offerunt,
278 983 337 1025 sic
369 984 508 1026 uenire
539 995 634 1026 cum
664 983 741 1025 Dei
772 983 941 1035 timore,
974 996 1068 1026 cum
1090 983 1269 1038 simplici
1292 983 1430 1035 corde,
1463 996 1557 1026 cum

50 1055 139 1110 lege
159 1053 362 1105 iustitiae,
395 1065 488 1095 cum
510 1052 745 1095 concordiae
766 1065 875 1106 pace.
910 1053 1058 1095 merito
1080 1052 1151 1095 ille
1174 1052 1272 1095 dum
1294 1053 1337 1095 in
1358 1052 1555 1095 sacrificio

49 1123 123 1167 Dei
144 1122 240 1165 talis
261 1123 343 1174 est,
367 1122 452 1176 ipse
473 1122 737 1176 postmodum
758 1121 1003 1164 sacrificium
1019 1122 1103 1163 Deo
1121 1122 1254 1164 factus
1272 1123 1352 1174 est,
1376 1123 1423 1164 ut
1442 1135 1555 1164 mar-

49 1191 202 1248 tyrium
222 1191 381 1245 primus
403 1190 618 1234 ostendens
639 1190 824 1232 initiaret
845 1190 1057 1245 sanguinis
1076 1190 1139 1232 sui
1157 1190 1288 1245 gloria
1304 1191 1554 1233 dominicam

49 1260 273 1315 passionem
295 1260 365 1314 qui
387 1261 428 1302 et
448 1259 657 1302 iustitiam
678 1259 845 1301 Domini
877 1259 1078 1301 habuerat
1099 1259 1139 1300 et
1159 1271 1313 1312 pacem.
1346 1259 1453 1301 tales
1482 1259 1554 1301 de-

24 1329 168 1384 snique
190 1342 213 1371 a
233 1329 409 1371 Domino
444 1330 713 1379 coronantur,
745 1328 849 1370 tales
884 1328 928 1370 in
964 1328 1030 1370 die
1065 1327 1208 1370 iudicii
1244 1341 1339 1371 cum
1378 1328 1553 1370 Domino

49 1397 376 1441 uindicabuntur.
410 1398 591 1440 ceterum
609 1397 843 1439 discordans
861 1398 902 1439 et
916 1396 1118 1439 dissidens
1135 1398 1178 1438 et
1192 1409 1334 1451 pacem
1352 1410 1446 1439 cum
1469 1395 1553 1438 fra-

20 1482 22 1493 *
49 1466 178 1510 tribus
213 1478 291 1509 non
321 1467 496 1519 habens,
531 1467 755 1510 secundum
792 1467 900 1520 quod
935 1466 1081 1509 beatus
1123 1467 1332 1520 apostolus
1369 1468 1410 1509 et
1451 1466 1553 1508 scri-

49 1535 166 1590 ptura
186 1536 326 1577 sancta
353 1537 554 1587 testatur,
590 1549 664 1579 nec
686 1536 721 1578 si
742 1548 813 1589 pro
835 1535 999 1578 nomine
1022 1535 1179 1578 occisus
1215 1535 1360 1586 fuerit,
1399 1535 1554 1577 crimen

50 1603 306 1647 dissensionis
335 1604 536 1647 fraternae
572 1605 725 1659 poterit
754 1605 944 1657 euadere,
978 1605 1075 1659 quia
1110 1605 1217 1647 sicut
1252 1605 1453 1658 scriptum
1490 1605 1552 1646 est

50 1672 130 1727 qui
159 1673 375 1715 fratrem
406 1686 550 1715 suum
592 1673 704 1715 odit
744 1674 1003 1716 homicida
1040 1674 1136 1726 est,
1183 1686 1256 1716 nec
1290 1673 1341 1715 ad
1379 1686 1552 1728 regnum

53 1738 282 1799 [caelorum]
307 1742 493 1796 peruenit
513 1743 586 1784 aut
606 1755 699 1785 cum
722 1743 808 1785 Deo
829 1743 937 1785 uiuit
957 1743 1176 1785 homicida.
1209 1754 1288 1784 non
1308 1743 1443 1796 potest
1465 1754 1551 1784 esse

51 1820 140 1852 cum
160 1809 321 1853 Christo
343 1811 414 1865 qui
435 1810 624 1853 imitator
644 1811 773 1854 Iudae
801 1812 953 1854 maluit
974 1825 1060 1855 esse
1082 1825 1207 1866 quam
1230 1811 1396 1854 Christi.
1431 1811 1550 1865 quale

50 1877 242 1921 delictum
273 1880 335 1922 est
365 1881 472 1934 quod
502 1892 575 1922 nee
604 1880 812 1934 baptismo
843 1881 1056 1937 sanguinis
1088 1882 1223 1935 potest
1255 1880 1391 1931 ablui,
1432 1880 1550 1934 quale

51 1947 198 1991 crimen
219 1950 280 1992 est
301 1950 407 2003 quod
429 1949 627 2004 martyrio
649 1963 727 1992 non
748 1951 884 2003 potest
905 1951 1080 2004 expiari!

35 2045 38 2054 ·
103 2018 213 2060 Illud
235 2030 393 2072 quoque
410 2019 633 2061 necessarie
646 2020 787 2061 monet
807 2019 1010 2061 Dominus
1026 2020 1072 2061 ut
1089 2020 1130 2061 in
1146 2019 1325 2061 oratione
1341 2018 1549 2061 dicamus:
1570 2021 1630 2060 25v

51 2087 99 2129 et
141 2100 197 2129 ne
240 2088 464 2141 patiaris
507 2100 594 2130 nos
642 2088 819 2130 induci
851 2089 900 2130 in
932 2088 1346 2142 temptationem.
1396 2100 1475 2140 qua
1511 2087 1552 2128 in

50 2156 159 2208 parte
180 2157 407 2199 ostenditur
427 2158 532 2199 nihil
562 2159 702 2200 contra
736 2170 808 2199 nos
845 2157 1127 2200 aduersarium
1156 2169 1292 2212 posse,
1326 2157 1405 2199 nisi
1442 2157 1552 2198 Deus

179 2270 224 2305 20
248 2271 265 2304 1
284 2271 332 2305 10.
352 2272 383 2313 3,
404 2272 455 2306 15.

115 2350 133 2384 1
159 2351 202 2386 ad
230 2362 315 2386 sacr.
341 2352 373 2386 d.
398 2352 544 2397 respicit
567 2353 599 2388 V
717 2352 930 2387 dissedentis
949 2353 979 2388 S
1086 2353 1198 2387 altare
1226 2353 1256 2387 S
1371 2354 1392 2387 2
1418 2364 1548 2388 recena

49 2406 149 2442 fratri
168 2409 198 2442 G
261 2409 282 2444 3
302 2411 468 2454 paccatus
485 2411 516 2444 G
594 2411 615 2445 4
633 2410 686 2444 fili
704 2410 734 2445 S
793 2412 814 2445 6
833 2410 869 2444 in
887 2422 952 2445 om.
968 2410 998 2444 S
1059 2411 1078 2444 7
1099 2410 1313 2445 induebatur
1323 2410 1353 2446 S
1414 2412 1455 2444 11
1475 2421 1550 2445 cuin

3 2473 5 2477 ’
50 2473 112 2499 om.
127 2465 156 2500 S
223 2467 265 2501 11
291 2467 473 2502 concordia
490 2470 526 2502 et
549 2468 582 2503 G
653 2469 695 2503 12
712 2457 792 2503 ‹ffio
811 2469 841 2505 S
910 2470 953 2504 13
971 2469 1121 2513 gloriam
1144 2469 1194 2504 W
1260 2468 1437 2503 dominica
1456 2468 1485 2502 S

0 2516 11 2555 ›1'
51 2521 91 2556 14
106 2521 162 2557 dei
180 2524 230 2559 W
313 2526 356 2559 15
382 2525 491 2559 iudici
511 2525 609 2567 SW,
626 2517 687 2560 dn'i
708 2528 739 2560 G
837 2527 879 2561 1ss
905 2526 1183 2561 uindicabuntur
1196 2527 1290 2567 WG,
1318 2525 1551 2560 uindicabunt

1 2590 8 2614 τ
51 2578 88 2621 S,
116 2579 321 2616 iudicabunt
340 2594 379 2627 υ,·
406 2584 452 2626 cf.
473 2587 595 2618 tamen
619 2585 721 2628 epist.
752 2587 800 2620 81
828 2596 855 2619 e.
878 2587 920 2619 22.-
948 2584 1165 2619 iudicaturos
1190 2595 1252 2618 uos
1277 2586 1312 2618 et
1341 2585 1550 2626 regnaturos

0 2643 9 2674 J
49 2646 123 2671 cum
140 2637 283 2674 Christo
301 2641 448 2675 Domino
536 2652 668 2676 *neum
689 2642 720 2675 G
792 2643 834 2677 17
861 2643 1063 2687 secundum]
1083 2652 1200 2676 secum
1217 2641 1246 2676 S
1320 2641 1442 2675 beatos
1468 2651 1549 2683 apo-

2 2705 11 2744 ς
48 2694 153 2730 stolos
173 2697 220 2730 G¹
362 2699 404 2733 18
429 2699 569 2733 nominc
588 2699 686 2741 SW,
714 2700 854 2734 nomine
881 2700 955 2735 eius
987 2701 1031 2742 V,
1072 2700 1133 2734 ihu
1164 2700 1304 2734 nomine
1330 2701 1377 2740 G,
1409 2698 1549 2732 nomine

3 2751 13 2791 ί
49 2750 171 2787 christi
188 2765 208 2789 v
307 2755 349 2789 21
369 2756 541 2790 caelorum
559 2767 624 2791 om.
644 2757 692 2800 S;
719 2758 764 2801 cf.
783 2769 818 2802 p.
838 2760 924 2799 294,
944 2760 992 2792 12
1085 2758 1160 2802 aut]
1180 2759 1219 2792 ut
1232 2758 1262 2791 G
1335 2758 1436 2791 uiuat
1451 2758 1479 2790 G

50 2807 90 2842 22
113 2809 274 2846 imitatur
293 2812 323 2847 S
449 2813 493 2847 23
518 2813 727 2858 baptissimo
754 2815 783 2850 S
897 2815 942 2849 25
967 2817 1120 2850 **monet
1145 2815 1192 2856 S,
1231 2814 1395 2848 admonet
1421 2815 1481 2849 We*

52 2864 90 2899 26
117 2868 153 2900 et
180 2879 245 2904 om.
264 2870 294 2904 G
434 2871 581 2914 patiaris
610 2872 749 2916 (passus
768 2873 875 2908 fucris
898 2874 943 2918 V)
976 2873 1095 2907 induci
1125 2883 1186 2907 nos
1208 2873 1295 2916 GV,
1322 2883 1383 2907 nos
1399 2872 1547 2916 patiaris

53 2921 160 2958 induci
189 2935 210 2959 v

4 2796 16 2995 ἒ

10 2999 19 3152 ῑ
