1838 3152
182 212 264 254 528
704 210 901 244 Caecilii
938 209 1152 254 Cypriani

181 313 286 368 legis
326 314 584 356 contactibus
622 327 767 356 manus
808 326 902 355 suas
941 315 1071 367 adque
1110 326 1179 355 ora
1210 314 1484 355 maculassent
1515 314 1581 355 uel
1611 327 1681 356 ne-

183 381 318 424 fandis
358 382 512 424 libellis
552 383 822 424 nihilominus
867 382 1157 424 conscientiam
1197 382 1440 436 polluissent
1477 383 1680 424 exambire

182 450 234 492 ad
264 452 467 505 martyras
503 452 671 504 passim,
713 452 958 493 confessores
991 463 1149 504 quoque
1179 452 1398 504 inportuna
1429 452 1469 493 et
1500 451 1680 505 gratiosa

183 519 465 573 deprecatione
496 533 760 574 conrumpere
782 522 829 561 ut
850 520 936 562 sine
958 520 1042 562 ullo
1065 520 1303 562 discrimine
1336 520 1467 572 adque
1498 519 1682 562 examine

182 588 439 642 singulorum
479 588 672 630 darentur
711 589 861 630 cotidie
891 589 1128 630 libellorum
1159 589 1277 630 milia
1308 590 1448 630 contra
1478 589 1710 643 euangeliis

182 656 330 711 legem,
362 657 523 699 litteras
545 657 622 699 feci
645 657 793 710 quibus
824 658 1028 712 martyras
1050 659 1091 699 et
1114 657 1362 699 confessores
1394 657 1561 699 consilio
1592 669 1681 698 meo

184 727 383 778 quantum
421 738 579 779 possem
612 727 661 767 ad
694 726 896 768 dominica
933 726 1148 779 praecepta
1177 738 1421 768 reuocarem.
1462 726 1563 767 item
1593 738 1685 781 pre-

183 795 360 848 sbyteris
395 796 436 836 et
467 795 704 836 diaconibus
742 807 821 836 non
858 795 992 836 defuit
1031 795 1246 837 sacerdotii
1284 795 1403 849 uigor
1432 797 1480 838 ut
1517 795 1684 848 quidam

184 863 323 904 minus
345 863 584 917 disciplinae
606 875 806 905 memores
828 864 869 905 et
890 864 1109 906 temeraria
1137 863 1399 906 festinatione
1427 864 1682 918 praecipites,

185 932 255 985 qui
297 944 390 973 cum
430 932 555 984 lapsis
597 932 898 974 communicare
938 932 1022 974 iam
1063 935 1290 985 coeperant,
1334 933 1682 987 conprimerentur
1700 949 1730 973 10

184 1000 533 1048 intercedentibus
564 1001 692 1042 nobis.
724 1001 836 1054 plebi
864 1014 1022 1054 quoque
1043 1001 1125 1055 ipsi
1147 1003 1346 1055 quantum
1367 1002 1577 1056 potuimus
1600 1001 1688 1043 ani-

186 1083 302 1111 mum
341 1069 627 1123 conposuimus
659 1071 700 1111 et
731 1071 778 1111 ut
809 1069 1086 1112 ecclesiastica
1118 1071 1335 1124 disciplina
1366 1072 1597 1113 seruaretur
1626 1070 1687 1111 in-

185 1139 423 1180 struximus.

148 1208 171 1248 3
242 1207 515 1249 Postmodum
546 1219 641 1249 11010
673 1221 767 1250 cum
799 1208 969 1262 quidam
991 1209 1039 1250 de
1059 1209 1187 1262 lapsis
1218 1209 1306 1251 siue
1335 1222 1408 1251 sua
1436 1210 1578 1263 sponte
1600 1209 1686 1251 siue

187 1276 268 1318 alio
307 1277 522 1318 incitatore
560 1277 706 1319 audaci
742 1277 1001 1332 flagitatione
1031 1279 1268 1331 proruerent
1299 1279 1347 1320 ut
1376 1290 1518 1332 pacem
1556 1277 1635 1320 sibi
1666 1290 1734 1319 a1s

187 1345 439 1400 martyribus
462 1346 502 1386 et
524 1345 822 1387 confessoribus
852 1347 1098 1401 promissam
1130 1349 1367 1401 extorquere
1398 1347 1579 1389 uiolento
1611 1348 1690 1389 im-

188 1415 286 1467 petu
322 1414 564 1465 niterentur,
605 1415 654 1456 de
692 1415 767 1457 hoc
806 1416 933 1457 etiam
971 1416 1034 1457 bis
1066 1417 1118 1458 ad
1149 1417 1303 1458 clerum
1341 1416 1502 1458 litteras
1542 1416 1619 1458 feci
1650 1416 1690 1458 et

188 1484 272 1538 legi
311 1484 368 1525 eis
406 1484 613 1535 mandaui,
658 1487 704 1526 ut
742 1485 794 1526 ad
832 1485 1002 1527 illorum
1041 1485 1283 1528 uiolentiam
1324 1485 1492 1528 interim
1534 1496 1691 1539 quoque

188 1564 333 1606 genere
365 1553 654 1607 mitigandam,
687 1554 814 1607 siqui
845 1554 986 1596 libello
1010 1568 1033 1597 a
1053 1555 1307 1610 martyribus
1339 1556 1503 1608 accepto
1532 1555 1581 1595 de
1603 1566 1689 1595 sae-

189 1620 279 1662 culo
319 1621 568 1673 excederent,
610 1623 880 1677 exomologesi
912 1624 1022 1666 facta
1053 1626 1093 1666 et
1123 1637 1247 1666 manu
1279 1624 1336 1666 eis
1367 1624 1410 1665 in
1439 1623 1693 1677 paenitentia
1705 1635 1738 1661 20

187 1688 367 1742 inposita
405 1703 498 1732 cum
536 1704 633 1745 pace
672 1692 751 1733 sibi
790 1706 813 1734 a
850 1693 1103 1747 martyribus
1142 1694 1345 1747 promissa
1385 1693 1436 1735 ad
1468 1693 1692 1734 Dominum

190 1758 510 1801 remitterentur.
543 1761 679 1802 necin
700 1761 776 1803 hoc
806 1762 943 1816 legem
975 1762 1068 1803 dedi
1100 1762 1171 1804 aut
1201 1775 1267 1804 me
1299 1763 1507 1804 auctorem
1538 1763 1690 1803 temere

191 1827 399 1869 constitui.
435 1829 503 1870 sed
535 1842 629 1871 cum
661 1830 872 1872 uideretur
902 1832 943 1873 et
973 1831 1100 1873 honor
1129 1831 1383 1885 martyribus
1413 1830 1623 1872 habendus
1651 1829 1691 1870 et

191 1907 331 1937 eorum
361 1896 431 1950 qui
463 1898 600 1940 omnia
629 1899 795 1941 turbare
827 1900 1046 1954 cupiebant
1077 1900 1256 1954 impetus
1288 1899 1612 1953 conprimendus,
1652 1898 1693 1939 et

190 1966 400 2017 praeterea
430 1967 569 2008 uestra
600 1968 753 2022 scripta
782 1969 978 2023 legissem
1010 1982 1112 2023 quae
1141 1969 1191 2010 ad
1221 1969 1375 2011 clerum
1405 1970 1593 2010 nostrum
1623 1979 1693 2019 per
1706 1978 1736 2004 25

191 2032 470 2076 Crementium
500 2035 827 2089 hypodiaconum
857 2051 985 2092 nuper
1011 2038 1214 2089 feceratis,
1248 2040 1294 2079 ut
1315 2038 1380 2079 his
1402 2037 1472 2091 qui
1493 2038 1585 2091 post
1605 2037 1694 2089 lap—

192 2114 284 2143 sum
323 2103 565 2146 infirmitate
605 2106 847 2160 adprehensi
886 2108 1019 2149 essent
1055 2108 1096 2149 et
1125 2107 1380 2161 paenitentes
1419 2105 1695 2148 communica-

191 2169 346 2211 tionem
368 2171 643 2214 desiderarent
665 2173 966 2226 subueniretur,
999 2175 1194 2217 standum
1214 2174 1360 2228 putaui
1382 2175 1422 2216 et
1443 2186 1537 2216 cum
1559 2173 1696 2214 uestra

261 2306 283 2339 2
308 2306 401 2340 nihil
426 2307 631 2343 hominibus
648 2310 692 2344 N
780 2312 802 2345 3
828 2313 1001 2356 martyres
1020 2311 1116 2346 LNv
1210 2311 1357 2356 passim]
1383 2311 1423 2344 ut
1447 2311 1592 2354 possent
1622 2309 1655 2343 V

193 2362 213 2396 6
239 2366 412 2408 martyres
437 2365 497 2400 Nv
615 2368 634 2400 7
659 2378 761 2412 posse
786 2368 821 2403 L
929 2379 1092 2404 reuocare
1117 2369 1163 2404 M
1189 2370 1402 2412 (reuocarem
1433 2367 1475 2412 Q)
1593 2367 1615 2401 8
1641 2376 1696 2400 sa-

193 2420 294 2455 cerdo
319 2422 353 2455 L
456 2423 500 2457 10
525 2424 702 2468 coeperint
727 2425 762 2460 L
855 2427 897 2460 11
924 2426 1069 2470 quantis
1094 2426 1134 2460 F
1222 2426 1358 2460 animos
1388 2424 1440 2459 Vv
1534 2424 1577 2458 12
1602 2433 1695 2458 cum-

192 2478 376 2522 posuimus
401 2480 451 2514 M
471 2481 582 2526 (conp.
615 2481 658 2527 Q)
779 2484 822 2518 15
847 2484 918 2518 alio
943 2484 988 2526 F,
1014 2484 1132 2528 aliquo
1158 2483 1291 2529 LNQv
1400 2481 1547 2517 audacia
1571 2481 1611 2515 F

194 2535 379 2581 flagitione
404 2538 448 2573 N
574 2540 774 2583 proruerint
798 2542 844 2584 F,
869 2542 1138 2586 prorumperent
1169 2541 1222 2576 Vv
1353 2550 1373 2574 a
1399 2550 1442 2574 ecc
1466 2550 1545 2574 cum
1570 2539 1614 2574 N

195 2594 239 2627 16
272 2594 424 2629 uiolenti
450 2596 498 2630 M
528 2596 701 2638 (uiolento
732 2598 775 2643 Q)
909 2599 955 2635 18
989 2609 1125 2643 quoquo
1151 2598 1212 2633 Nv
1342 2598 1387 2631 20
1419 2595 1696 2640 exhomologesis

194 2651 341 2709 FAENQ
464 2665 589 2689 manus
615 2656 647 2690 ei
673 2655 714 2690 F
831 2657 1092 2701 paenitentiam
1115 2667 1135 2691 v
1251 2656 1295 2690 21
1321 2655 1364 2690 ad
1389 2643 1606 2698 dnB‘LNQ
1638 2651 1696 2696 (ad

193 2697 363 2767 (2111er
496 2719 542 2754 24
567 2716 851 2763 conprimendum
875 2716 915 2750 F
1041 2715 1087 2750 25
1112 2724 1200 2759 quae
1224 2714 1271 2755 F,
1296 2723 1386 2757 quae
1410 2712 1475 2746 hoc
1499 2711 1585 2751 LN,
1610 2718 1698 2754 quae

195 2783 258 2816 hos
278 2781 319 2827 Q,
344 2790 434 2826 quae
456 2778 526 2813 huc
550 2787 570 2811 v
674 2774 719 2810 26
744 2773 974 2810 clementium
998 2783 1020 2808 v
1112 2772 1183 2817 his]
1210 2771 1256 2806 iis
1283 2782 1302 2806 v
1407 2769 1452 2803 28
1478 2766 1697 2803 subuenire*-

195 2842 255 2874 tur
280 2839 314 2874 L
