1912 3152
377 276 435 310 De
460 274 712 310 catholicae
737 273 957 309 ecclesiae
982 273 1166 307 unitate
1198 283 1223 307 c.
1252 272 1385 310 9—11.
1558 274 1643 316 219

133 379 339 423 stilentiae
360 378 572 428 cathediffa
604 379 739 432 pestes
775 379 815 420 et
850 377 939 419 lues
975 376 1091 427 fidei,
1122 377 1321 429 serpentis
1357 387 1424 418 ore
1454 375 1642 418 fallentes

133 450 174 492 et
194 448 511 501 corrumpendae
531 446 724 488 ueritatis
745 445 934 496 artifices,
970 457 1124 487 uenena
1145 444 1288 504 letalia
1322 445 1477 499 linguis
1513 444 1642 498 pesti-

132 517 227 559 feris
265 517 520 558 euomentes:
559 527 732 568 quorum
755 526 888 556 sermo
910 513 957 556 ut
978 499 1304 566 canEETserpit,
1338 526 1510 566 quorum
1532 513 1642 555 trac-

133 586 244 627 tatus
265 584 496 638 pectoribus
520 584 560 626 et
582 583 772 625 cordibus
794 582 1052 638 singulorum
1073 581 1247 624 mortale
1268 581 1383 623 uirus
1404 581 1595 624 infundit

6 658 8 702 ζ
100 669 115 694 5
186 653 337 696 Contra
358 652 560 695 eiusmodi
582 652 735 694 clamat
764 651 988 702 Dominus,
1020 650 1071 692 ab
1102 650 1167 691 his
1198 648 1376 692 refrenat
1406 650 1447 691 et
1477 646 1706 693 reuocatll

129 723 331 765 errantem
365 721 529 775 plebem
560 733 676 763 suam
712 720 870 762 dicens:
922 719 1094 762 nolite
1139 718 1326 761 audire
1372 731 1641 762 sermones

126 791 723 845 pseudoprophetarum,
756 788 1000 843 quoniam
1022 788 1254 831 uisiones
1275 787 1449 830 cordis
1471 799 1641 830 eorum

128 859 466 901 frustrantur
497 871 590 901 eos.
623 858 872 900 locuntur
917 857 1001 900 sed
1050 869 1147 899 non
1190 856 1252 898 ab
1298 868 1381 898 ore
1411 856 1638 898 Domini.

125 927 305 970 dicunt
336 928 411 970 eis
442 927 528 981 qui
559 927 797 969 abiciunt
826 926 1045 968 uerbum
1075 925 1189 968 Dei:
1221 938 1315 980 pax
1352 925 1456 968 erit
1484 925 1639 967 uobis

1 994 5 1040 ἒ
79 997 175 1039 met
219 996 456 1038 omnibus
515 995 922 1037 ambulantibus
974 995 1025 1037 in
1075 994 1451 1036 uoluntatibus
1507 995 1638 1047 suis,

3 1063 5 1085 ⁵
124 1065 285 1106 omnis
316 1064 402 1118 qui
433 1064 667 1106 ambulat
711 1075 884 1105 errore
930 1063 1106 1106 cordis
1152 1063 1232 1105 sui
1278 1074 1379 1105 non
1425 1063 1640 1105 uenient

124 1145 277 1186 super
316 1134 367 1175 te
397 1132 541 1174 mala.
590 1145 684 1174 non
715 1132 922 1174 locutus
954 1144 1060 1174 sum
1091 1131 1150 1173 ad
1181 1144 1282 1183 eos,
1314 1133 1363 1174 et
1393 1132 1495 1186 ipsi
1525 1145 1638 1186 pro-

121 1201 408 1256 phetaueru
426 1203 492 1243 nt.
545 1201 590 1243 si
642 1201 928 1243 stetissent
978 1201 1033 1242 in
1083 1200 1389 1243 substantia
1434 1214 1541 1244 mea
1586 1202 1639 1244 et

121 1270 390 1312 audissent
409 1270 570 1312 uerba
592 1283 702 1312 mea
723 1270 771 1311 et
793 1269 835 1310 si
857 1269 1164 1311 docuissent
1186 1270 1431 1323 populum
1453 1283 1634 1322 meum,

5 1351 15 1395 ξς
79 1338 508 1383 1⁵conuertissem
541 1350 624 1380 eos
655 1351 678 1380 a
709 1338 859 1380 malis
891 1338 1312 1393 cogitationibus
1344 1350 1529 1380 eorum.
1559 1339 1635 1381 hos

119 1407 281 1449 eosdem
305 1406 435 1449 denuo
456 1407 658 1449 Dominus
679 1407 870 1461 designat
890 1407 931 1448 et
952 1407 1119 1449 denotat
1140 1407 1299 1449 dicens:
1331 1420 1404 1450 me
1435 1408 1461 1449 d
1474 1407 1634 1450 ereli-

7 1459 17 1541 {¹
119 1476 343 1528 querunt
365 1475 562 1518 fontem
582 1488 742 1529 aquae
764 1475 911 1518 uitae
936 1476 984 1517 et
1016 1475 1324 1518 effoderunt
1354 1476 1457 1518 sibi
1487 1477 1634 1519 lacus

118 1544 348 1586 detritos
379 1544 594 1597 quinon
623 1545 839 1598 possunt
869 1557 1053 1598 aquam
1074 1546 1301 1597 portare.
1335 1545 1497 1598 quando
1519 1544 1632 1586 aliud
1660 1537 1663 1551 ³

118 1611 325 1665 baptisma
361 1614 524 1666 praeter
560 1626 688 1655 unum
725 1625 811 1655 esse
847 1625 926 1654 non
958 1612 1108 1666 possit,
1149 1613 1358 1667 baptizare
1389 1625 1430 1655 se
1461 1613 1633 1666 opinan-

9 1669 18 1735 J3
72 1690 106 1717 20
118 1680 206 1721 tur:
242 1680 354 1723 uitae
389 1680 500 1724 fonte
531 1681 690 1723 deserto
711 1681 854 1723 uitalis
891 1682 932 1723 et
967 1682 1160 1724 salutaris
1195 1694 1323 1735 aquae
1341 1682 1521 1737 gratiam
1542 1682 1632 1736 pol·
1659 1728 1664 1737 ἡ

117 1749 304 1791 licentur.
336 1761 415 1791 non
436 1738 662 1792 abluuntur
683 1750 771 1792 illic
791 1750 976 1792 homines
998 1750 1067 1792 sed
1089 1750 1227 1804 potius
1250 1750 1527 1801 sordidantur,
1558 1762 1634 1792 nec
1661 1756 1664 1765 '

117 1819 348 1872 purgantur
368 1818 520 1861 delicta
551 1820 621 1861 sed
651 1819 780 1861 immo
813 1819 1089 1861 cumulantur.
1122 1831 1203 1860 non
1224 1818 1310 1861 Deo
1331 1819 1533 1861 natiuitas
1554 1819 1632 1861 illa

116 1886 186 1927 sed
208 1885 369 1928 diabolo
391 1886 497 1928 filios
520 1887 699 1942 generat.
730 1899 802 1941 per
822 1887 1083 1929 mendacium
1104 1887 1193 1929 nati
1214 1888 1406 1930 ueritatis
1427 1888 1633 1941 promissa

115 1966 194 1996 non
216 1955 402 2008 capiunt:
425 1955 474 1997 de
495 1955 666 2009 perfidia
686 1955 887 2010 procreati
909 1955 1004 1998 fidei
1026 1956 1206 2010 gratiam
1226 1957 1416 2018 perdunt.
1449 1957 1501 1999 ad
1518 1956 1630 2011 pacis

250 2104 272 2138 6
296 2102 395 2137 Hier.
413 2103 469 2147 23,
491 2103 636 2144 16-17,
655 2103 802 2137 21--22.
876 2103 919 2137 16
943 2102 1040 2138 Hier.
1058 2103 1090 2144 2,
1111 2104 1164 2138 13.

20 2231 24 2251 ¹
183 2229 200 2262 l
219 2228 423 2263 cathedram
438 2229 500 2263 W¹
573 2230 753 2273 serpentes
769 2228 817 2264 G·
888 2239 999 2273 super
1017 2229 1183 2264 fallentes
1197 2229 1245 2264 M
1254 2241 1298 2264 m.
1312 2231 1354 2264 2:
1374 2231 1559 2275 patrantes

21 2282 24 2294 ¹
112 2286 134 2320 3
157 2287 334 2320 tractatus
349 2285 561 2327 WGMRV,
579 2288 715 2320 tractus
733 2286 792 2321 uel
804 2287 922 2321 tactus
944 2298 962 2322 v
1031 2287 1053 2321 4
1078 2286 1236 2321 infundit
1253 2289 1374 2322 contra.
1391 2288 1489 2322 uirus
1507 2288 1627 2323 infun-

112 2342 167 2377 dit
184 2343 220 2378 R
282 2344 304 2377 5
321 2342 537 2378 *iusmodiR
607 2344 657 2388 et]
676 2343 708 2378 ei
725 2343 761 2378 R
831 2344 852 2379 6
872 2344 1009 2388 plebem
1025 2355 1124 2378 suam
1139 2346 1373 2381 errantemM
1439 2346 1461 2380 8
1478 2345 1627 2390 loquun-

111 2401 171 2434 tur
190 2401 283 2434 enim
297 2401 345 2435 M
412 2400 433 2434 9
451 2401 501 2435 eis
519 2412 563 2436 ex
581 2401 655 2435 eius
677 2402 727 2437 W
743 2413 785 2435 m.
801 2403 827 2435 2
898 2400 1059 2436 adiciunt
1077 2402 1141 2437 W¹
1205 2393 1266 2436 dni
1291 2402 1362 2438 GR
1447 2403 1549 2438 uobis
1567 2414 1627 2438 uo-

111 2456 167 2492 bis
190 2457 223 2492 G
317 2458 358 2491 11
384 2458 499 2492 omnis
518 2458 622 2499 WG,
649 2459 744 2493 omni
766 2458 882 2494 VRM
886 2461 906 2501 ¹,
931 2458 1097 2493 omnibus
1115 2459 1175 2493 Μ2
1270 2459 1307 2494 in
1325 2470 1440 2494 errore
1464 2461 1556 2496 GRv

113 2514 155 2548 12
179 2515 215 2548 te
234 2514 416 2556 WG'RV,
443 2525 499 2549 eos
517 2515 565 2550 M
578 2516 619 2550 in
636 2526 727 2557 ras„
754 2526 833 2550 eum
854 2527 872 2552 v
967 2526 1044 2550 sum
1062 2515 1201 2550 locutus
1225 2516 1260 2551 G
1364 2518 1411 2562 et]
1437 2517 1496 2552 sed
1520 2518 1556 2553 R

112 2570 155 2605 13
179 2571 290 2605 subst.
318 2582 363 2605 m.
391 2572 440 2616 et]
468 2572 708 2607 substantiam
727 2574 853 2607 exeant
872 2573 908 2609 R
1002 2574 1046 2607 15
1071 2573 1331 2608 conuertissent
1349 2575 1452 2616 WR,
1479 2586 1624 2610 conuer-

110 2627 234 2663 tissem
252 2628 298 2662 M
306 2631 312 2649 ¹
337 2628 394 2672 (m.
414 2630 440 2663 2
458 2639 550 2664 corr.
570 2640 634 2664 con
655 2631 694 2665 in
711 2631 746 2675 a)
807 2640 926 2665 eorum
946 2630 997 2665 G’
1013 2631 1052 2665 in
1069 2641 1141 2665 ras.
1216 2632 1260 2666 16
1285 2622 1350 2666 dfis
1375 2632 1488 2667 denuo
1511 2632 1560 2667 M

111 2684 402 2730 derelinquerunt
425 2687 468 2721 W
476 2687 508 2722 G
581 2688 622 2722 17
641 2688 738 2723 uitae
753 2689 802 2724 M
807 2688 892 2733 GV
919 2689 1022 2724 uiuae
1041 2689 1127 2724 RM
1184 2689 1380 2724 offoderunt
1403 2690 1450 2724 G·
1518 2691 1561 2724 19
1587 2701 1623 2725 se

115 2743 171 2784 W,
190 2753 289 2787 posse
304 2754 338 2777 se
353 2743 418 2784 Gr,
432 2744 588 2788 pmsseR,
609 2755 644 2779 se
658 2755 737 2790 poss
723 2745 860 2789 <elilim
879 2747 926 2789 ef.
941 2757 976 2790 1.
987 2748 1072 2787 222,
1086 2748 1110 2781 3
1172 2747 1215 2781 21
1237 2757 1320 2781 non
1383 2747 1624 2782 sordidantur

108 2808 172 2833 om.
195 2799 228 2834 G
299 2800 504 2845 abluuntur]
526 2802 695 2836 lauuntur
714 2802 750 2838 R
820 2803 895 2838 illis
916 2815 934 2839 υ
1005 2803 1050 2838 22
1075 2803 1181 2838 immo
1200 2814 1265 2838 om.
1285 2804 1334 2838 M
1399 2804 1624 2855 maculantur

116 2856 212 2892 WM
283 2856 357 2902 deo]
377 2857 438 2891 dni
457 2858 493 2894 R
563 2858 607 2893 23
632 2858 764 2893 diaboli
784 2859 820 2895 R
891 2860 935 2895 24
961 2860 1189 2905 perdiderunt
1207 2861 1255 2895 M
