1912 3152
625 272 687 308 Ad
711 272 1006 308 Fortunatum
1032 283 1058 308 c.
1087 273 1139 308 13.
1540 273 1625 316 347

115 390 184 421 nes
215 376 368 420 diaboli
405 378 581 420 terrores
620 378 661 419 et
696 376 830 419 minas
867 376 1012 418 mundi
1049 376 1211 419 animus
1233 376 1444 419 inmobilis
1465 377 1625 430 perstat

114 460 234 502 quem
266 446 500 488 futurorum
532 445 634 488 fides
666 446 776 487 certa
806 446 847 487 et
879 445 1010 488 solida
1043 445 1287 488 corroborat.
1335 446 1559 488 cluduntur
1580 446 1624 488 in

112 514 464 570 persecutionibus
485 515 639 563 terrae,
673 514 743 556 sed
775 514 890 568 patet
921 514 1100 556 caelum:
1133 514 1318 557 minatur
1338 514 1623 566 antichristus,

112 584 182 627 sed
203 583 392 626 Christus
413 584 576 626 tuetur:
618 595 726 625 mors
762 582 958 634 infertur,
991 583 1062 625 sed
1099 583 1377 625 inmortalitas
1414 583 1621 637 sequitur:

82 652 241 695 ⁵occiso
263 652 440 694 mundus
473 652 667 705 eripitur,
701 651 770 693 sed
801 651 995 694 restituto
1027 651 1242 705 paradisus
1264 651 1500 694 exhibetur:
1534 652 1623 694 uita

111 722 350 776 temporalis
372 721 648 776 extinguitur,
682 721 751 763 sed
772 721 992 763 aeternitas
1014 722 1352 775 repraesentatur.
1385 722 1539 775 quanta
1560 722 1621 763 est

111 790 293 846 dignitas
315 791 356 833 et
377 792 532 844 quanta
552 790 752 833 securitas
775 791 881 833 exire
903 790 997 832 hinc
1018 790 1194 842 laetum,
1229 790 1336 832 exire
1367 791 1476 833 inter
1507 802 1622 844 pres-

110 871 226 902 suras
258 861 298 902 et
329 860 543 913 angustias
576 859 822 915 gloriosum,
856 859 1017 902 cludere
1039 859 1082 900 in
1104 861 1313 902 momento
1336 860 1494 910 oculos,
1528 860 1622 913 qui-

110 930 186 972 bus
217 930 402 972 homines
433 928 684 972 uidebantur
715 931 757 972 et
779 929 978 980 mundus,
1012 929 1168 983 aperire
1191 929 1354 971 eosdem
1377 928 1543 979 statim,
1577 929 1623 970 ut

64 1014 96 1040 10
109 999 219 1041 Deus
242 998 432 1041 uideatur
453 1001 495 1041 et
516 997 718 1041 Christus.
760 1001 850 1041 tam
882 998 1062 1041 feliciter
1092 998 1302 1053 migrandi
1331 999 1487 1052 quanta
1509 998 1623 1040 uelo-

110 1068 223 1110 citas.
266 1068 386 1110 terris
423 1068 588 1122 repente
624 1067 898 1118 subtraheris,
931 1069 978 1109 ut
1010 1067 1052 1109 in
1075 1067 1213 1122 regnis
1236 1067 1482 1110 caelestibus
1506 1079 1624 1122 repo-

108 1137 230 1179 naris,
265 1137 364 1179 haec
396 1138 555 1191 oportet
585 1138 725 1179 mente
756 1137 797 1179 et
818 1137 1067 1192 cogitatione
1090 1137 1309 1191 conplecti,
1344 1138 1442 1180 haec
1477 1137 1544 1179 die
1576 1150 1623 1180 ac

108 1208 225 1248 nocte
247 1206 452 1249 meditari.
485 1207 520 1249 si
542 1207 669 1249 talem
690 1207 920 1261 persecutio
942 1206 1146 1249 inuenerit
1175 1206 1251 1248 Dei
1273 1207 1476 1258 militem,
1512 1206 1624 1248 uinci

108 1286 187 1317 non
222 1276 374 1328 poterit
409 1276 544 1318 uirtus
582 1276 633 1317 ad
670 1275 874 1330 proelium
910 1276 1111 1330 prompta.
1146 1276 1213 1318 uel
1235 1276 1270 1317 si
1293 1276 1505 1318 arcessitio
1527 1276 1622 1318 ante

63 1362 94 1388 15
107 1346 386 1398 praeuenerit‚
420 1345 506 1387 sine
534 1345 715 1400 praemio
738 1357 815 1387 non
840 1344 918 1387 erit
939 1344 1039 1387 fides
1062 1358 1165 1398 quae
1191 1346 1279 1387 erat
1300 1345 1352 1387 ad
1373 1345 1624 1399 martyrium

106 1415 368 1466 praeparata:
402 1413 489 1455 sine
510 1414 661 1456 damno
684 1414 882 1467 temporis
905 1426 1059 1456 merces
1077 1414 1161 1455 Deo
1184 1414 1318 1455 iudice
1339 1413 1547 1455 redditur:
1581 1413 1625 1455 in

105 1483 385 1535 persecutione
406 1483 586 1534 militia,
619 1483 663 1524 in
683 1495 782 1536 pace
804 1483 1052 1525 conscientia
1073 1484 1301 1525 coronatur.

173 1607 195 1642 2
211 1607 403 1642 cluduntur
417 1608 583 1649 SWRV,
605 1608 820 1643 clauduntur
839 1608 933 1643 oculi
950 1619 970 1643 v
1031 1609 1053 1643 4
1071 1608 1143 1653 sed]
1159 1610 1194 1642 et
1203 1609 1245 1641 W
1256 1609 1294 1652 (1.
1305 1609 1450 1652 priore)
1514 1608 1536 1642 5
1554 1607 1624 1642 cri-

105 1665 204 1710 gitur
220 1665 270 1700 W
333 1666 538 1701 restituitur
552 1666 603 1702 W
672 1667 693 1702 6
719 1667 913 1701 aeternitas
930 1666 974 1707 S,
1002 1668 1144 1701 aeterna
1166 1666 1247 1707 Wv,
1265 1667 1444 1700 aeternam
1462 1665 1499 1701 R
1569 1676 1624 1700 re-

104 1724 352 1767 praesentatur
366 1723 402 1765 S,
422 1725 606 1769 reparatur
620 1724 730 1761 WRv
743 1725 830 1769 (rep.
851 1724 1064 1768 aeternaW)
1128 1724 1150 1758 8
1175 1723 1335 1758 claudere
1351 1734 1372 1758 v
1442 1723 1463 1757 9
1489 1723 1524 1756 et
1544 1732 1625 1766 ape-

104 1781 288 1817 rireWRv
353 1782 398 1817 10
415 1785 490 1817 tam
505 1782 527 1817 f.
544 1794 588 1817 m.
603 1793 635 1827 q.
654 1783 825 1817 uelocitas
834 1783 891 1825 W,
910 1782 973 1817 sed
986 1793 1012 1817 s.
1028 1783 1049 1817 l.
1064 1793 1108 1817 m.
1124 1785 1164 1817 2:
1182 1783 1285 1816 tanto
1301 1781 1444 1817 felicius
1461 1780 1624 1825 migrans

104 1842 238 1884 quanto
257 1840 432 1882 uelocius;
451 1841 575 1875 malim
588 1842 614 1875 t.
630 1841 802 1876 uelociter
814 1852 860 1875 m.
878 1851 909 1885 q.
925 1840 1081 1875 felicitas
1154 1840 1196 1874 11
1215 1840 1267 1885 ut]
1283 1841 1319 1874 et
1333 1840 1382 1875 W
1453 1840 1496 1874 13
1514 1838 1626 1873 talem

105 1907 149 1931 ex
164 1899 285 1931 tamen
305 1897 335 1932 S
347 1909 390 1932 m.
409 1900 432 1933 2
503 1898 758 1942 persecutionis
778 1897 852 1933 dies
875 1898 946 1934 Wv
1018 1898 1062 1932 14
1087 1899 1229 1942 pruinta
1249 1897 1300 1932 W
1370 1896 1554 1932 arcersitio
1574 1896 1625 1932 W,

105 1954 289 1988 accersitio
306 1965 328 1989 v
398 1955 442 1990 15
467 1956 556 2000 erat]
576 1956 645 1990 erit
662 1955 698 1991 R
772 1956 815 1990 16
839 1956 1070 2000 praeparatae
1089 1955 1130 1990 S¹
1149 1982 1156 1996 ,
1182 1956 1410 1999 praeparatas
1428 1953 1464 1988 R
1543 1954 1626 1990 dam

106 2021 169 2046 noc
185 2012 356 2057 temporis
374 2012 411 2048 R
483 2012 598 2047 iudice
615 2012 678 2047 deo
700 2012 809 2049 WRv
898 2012 940 2046 17
960 2014 1145 2047 coronatur
1163 2023 1264 2046 amen
1282 2012 1318 2047 R
1391 2022 1539 2047 canent
1565 2022 1627 2047 cr-

106 2078 240 2104 Pnum
263 2079 311 2104 AD
332 2079 590 2104 Foa'rvrurvm
607 2080 783 2105 EXPLICIT
803 2069 885 2111 SR,
910 2080 959 2104 An
978 2079 1234 2104 FORTVNATVM
1260 2079 1308 2104 DE
1332 2079 1631 2104 EXHORTATIONE

107 2135 295 2161 MARTYRII
322 2135 495 2162 ExrmcIT
518 2127 569 2163 W
