1912 3152
544 792 762 848 THASOI
799 792 1035 847 CAECILI
1072 792 1364 849 CYPRIAM

652 952 703 1014 A
716 951 761 1014 D
819 951 865 1014 D
882 951 922 1015 Ο
938 952 990 1015 Ν
1003 952 1055 1014 A
1067 951 1110 1015 Τ
1123 951 1174 1015 U
1188 951 1261 1016 M.

243 1104 370 1178 Bene
390 1130 602 1181 admoneS‚
634 1131 794 1172 Donate
816 1130 1045 1172 carissime:
1077 1143 1174 1172 nam
1196 1131 1236 1172 et
1255 1129 1492 1183 promisisse
1513 1142 1579 1171 me
1599 1141 1687 1171 me·
1710 1128 1723 1167 Ι

186 1203 309 1251 mini,
350 1201 391 1241 et
426 1200 619 1243 reddendi
656 1199 950 1253 tempestiuum
986 1212 1148 1253 prorsus
1183 1199 1258 1241 hoc
1292 1200 1455 1252 tempus
1490 1200 1571 1250 est,
1611 1211 1688 1252 quo

159 1271 427 1325 sindulgente
458 1268 666 1311 uindemia
712 1268 870 1309 solutus
912 1268 1073 1310 animus
1111 1268 1154 1310 in
1184 1268 1365 1321 quietem
1397 1267 1615 1309 sollemnes
1644 1279 1691 1309 ac

187 1341 317 1382 statas
348 1338 442 1380 anni
474 1337 689 1392 fatigantis
726 1336 908 1379 indutias
947 1337 1152 1379 sortiatur.
1199 1336 1313 1378 locus
1343 1337 1470 1378 etiam
1501 1349 1594 1378 cum
1625 1336 1690 1378 die

186 1408 394 1458 conuenit,
428 1409 469 1449 et
499 1406 729 1448 mulcendis
750 1405 936 1448 sensibus
957 1418 1003 1447 ac
1023 1405 1209 1447 fouendis
1231 1406 1283 1447 ad
1304 1405 1413 1447 lenes
1434 1418 1551 1447 auras
1572 1405 1690 1446 blan-

185 1477 335 1519 dientis
357 1475 546 1518 autumni
566 1475 779 1517 hoitorum
801 1474 923 1516 facies
945 1486 1114 1516 amoena
1139 1474 1358 1516 consentit:
1381 1473 1448 1515 hic
1472 1473 1691 1515 iocundum

185 1545 441 1587 sermonibus
475 1544 584 1586 diem
616 1544 761 1585 ducere
791 1544 831 1585 et
862 1543 1121 1585 studentibus
1150 1542 1302 1585 fabulis
1333 1543 1377 1584 in
1405 1543 1546 1584 diuina
1573 1555 1690 1597 prae—

141 1630 173 1654 ιο
185 1615 302 1667 cepta
323 1612 613 1656 conscientiam
645 1611 819 1666 pectoris
849 1611 1020 1654 erudire.
1055 1623 1102 1653 ac
1122 1624 1171 1653 ne
1192 1611 1304 1665 loqui
1325 1612 1514 1653 nostrum
1534 1611 1689 1653 arbiter

184 1682 377 1737 profanus
413 1681 612 1735 impediat
642 1682 715 1723 aut
753 1681 905 1723 clamor
942 1680 1218 1733 intemperans
1253 1679 1435 1722 familiae
1471 1680 1688 1733 strepentis

185 1751 403 1802 obtundat,
436 1753 624 1805 petamus
652 1750 757 1792 hanc
793 1750 949 1792 sedem:
983 1749 1082 1791 dant
1110 1762 1313 1791 secessum
1349 1749 1486 1791 uicina
1521 1749 1687 1799 secreta,

184 1820 257 1862 ubi
286 1820 385 1862 dum
414 1819 577 1862 erratici
605 1819 826 1872 palmitum
857 1819 995 1872 lapsus
1023 1819 1193 1860 nexibus
1222 1818 1409 1872 pendulis
1437 1831 1509 1872 per
1537 1818 1688 1860 harun—

185 1889 298 1930 dines
329 1888 489 1930 baiulas
517 1888 686 1940 repunt,
718 1887 875 1929 uiteam
909 1887 1114 1940 porticum
1149 1886 1315 1929 frondea
1349 1887 1458 1928 tecta
1493 1886 1687 1928 fecerunt.

139 1976 170 2001 ιε,
184 1957 285 2000 bene
311 1957 378 1999 hic
400 1957 539 1999 studia
560 1956 600 1998 in
633 1968 749 1998 aures
771 1957 936 2008 damus,
970 1958 1010 1999 et
1039 1957 1138 1999 dum
1171 1957 1214 1998 in
1241 1957 1402 1999 arbores
1435 1957 1475 1998 et
1503 1956 1547 1999 in
1580 1956 1687 1999 uites

253 2104 401 2140 Caecilii
427 2103 597 2149 Cypriani
622 2104 774 2149 epistola
802 2104 846 2138 ad
874 2104 1052 2139 Donatum
1082 2104 1210 2149 incipit
1234 2104 1285 2146 Β,
1322 2105 1598 2150 inscriptionem
1621 2116 1686 2140 om.

189 2161 325 2196 WPM.
352 2161 396 2196 ad
414 2162 592 2196 Donatum
610 2161 651 2196 de
665 2162 784 2206 gratia
801 2161 857 2197 dei
874 2163 1064 2206 inscripsit
1087 2162 1201 2197 01:0⁷2.
1289 2163 1312 2199 3
1338 2172 1516 2198 ammones
1539 2164 1621 2199 WB

184 2219 385 2253 mcmemini
415 2229 459 2253 ex
487 2219 637 2254 mcmeni
666 2219 695 2253 P
724 2231 766 2253 m.
788 2219 811 2255 2
882 2219 907 2255 4
933 2219 1015 2264 quo]
1045 2230 1149 2263 quom
1178 2220 1330 2255 coniecit
1358 2221 1552 2262 Latinius,
1581 2231 1689 2266 quum

184 2276 382 2321 Riqaltius.
412 2276 449 2310 in
479 2287 547 2320 quo
577 2276 763 2311 Pamelius
848 2277 871 2314 5
901 2276 1082 2311 sollemnis
1111 2277 1173 2321 M;
1202 2278 1406 2321 saepissime
1424 2278 1568 2313 litterae
1591 2289 1608 2313 e
1628 2279 1688 2313 eti

184 2333 467 2376 confunduntur
505 2335 545 2368 in
583 2334 630 2368 M
729 2334 752 2370 6
778 2336 892 2369 statas
931 2335 1025 2379 WP,
1054 2338 1151 2369 satas
1187 2336 1238 2378 B,
1269 2338 1427 2371 statutas
1456 2337 1505 2372 M
1602 2338 1688 2372 fati-

183 2390 317 2434 gantis]
361 2390 563 2426 fatiscentis
603 2393 738 2435 recepit
779 2403 823 2426 cx
863 2404 939 2427 ww
979 2393 1070 2428 lzbro
1111 2394 1291 2429 Baluzius
1398 2394 1557 2429 inducias
1586 2395 1623 2430 B

184 2447 369 2492 sortiatur]
399 2448 550 2483 sortitur
580 2460 616 2490 v,
651 2451 814 2484 seruatur
843 2450 894 2493 P,
919 2450 981 2484 sed
1010 2462 1038 2486 s,
1057 2451 1077 2485 l.
1096 2462 1139 2485 m.
1159 2453 1184 2485 2
1208 2451 1358 2486 feriatur
1430 2452 1452 2487 7
1470 2452 1559 2486 lenis
1576 2453 1626 2487 M

184 2504 208 2539 8
234 2506 391 2539 ortorum
415 2506 462 2540 W
546 2506 737 2541 iucundum
767 2507 823 2541 Bv
909 2507 931 2543 9
958 2507 1196 2552 studentibus]
1226 2508 1459 2543 sumentibus
1483 2510 1538 2553 P;
1564 2509 1688 2544 luden-

184 2560 281 2595 tibus
313 2563 462 2597 coniecit
502 2563 681 2598 Baluzius
709 2564 852 2599 conlato
886 2564 1049 2599 Minucii
1084 2565 1222 2600 Felicis
1256 2566 1377 2601 Octav.
1415 2578 1441 2601 c.
1473 2569 1507 2609 3,
1538 2570 1581 2601 4.·
1620 2567 1690 2602 iter

183 2618 315 2652 fabulis
344 2619 554 2654 fallentibus
663 2623 829 2666 precepta
851 2622 918 2665 W,·
944 2633 962 2656 c
991 2626 1025 2656 et
1054 2633 1093 2656 ac
1126 2623 1192 2657 litt.
1223 2624 1371 2667 saepius
1403 2624 1690 2666 confunduntur

183 2676 225 2709 in
250 2675 299 2709 W
366 2676 414 2712 10
438 2677 655 2712 conscientia
672 2679 719 2713 M
784 2679 972 2723 poco-toris
997 2679 1040 2713 W
1112 2679 1209 2724 loqui
1234 2680 1280 2714 W
1287 2681 1326 2722 V,
1352 2681 1529 2725 eloquium
1540 2681 1688 2726 PBMr,

183 2732 398 2776 colloquium
415 2745 436 2769 v
514 2735 556 2770 11
585 2735 785 2779 prophanus
809 2736 856 2771 W
945 2735 1183 2781 obstrepentis
1201 2738 1262 2782 M,
1288 2737 1350 2772 sed
1367 2737 1410 2772 ob
1428 2738 1513 2772 add.
1532 2750 1575 2773 m.
1595 2740 1621 2773 2

187 2790 234 2825 12
259 2789 435 2833 optundat
453 2791 488 2825 B
557 2791 643 2826 dant
662 2793 697 2826 P
711 2792 774 2826 sed
791 2793 806 2824 t
824 2803 868 2826 ex
885 2803 975 2827 corr.
987 2821 998 2837 ,
1024 2793 1110 2828 dent
1127 2797 1169 2828 M
1179 2797 1185 2812 ¹
1273 2795 1318 2831 13
1342 2796 1378 2829 ct
1395 2795 1456 2830 ubi
1475 2796 1532 2841 M,
1606 2807 1689 2841 pen·

186 2845 277 2881 dolis
295 2847 342 2881 M
352 2848 357 2865 ¹
429 2848 617 2883 arundines
642 2849 691 2884 W
761 2850 809 2888 15
835 2849 1054 2886 arborum'P
1122 2852 1158 2886 in
1175 2862 1241 2887 om.
1258 2852 1307 2887 M

1359 2910 1414 2952 1*
