1838 3152
586 240 798 285 Epistula
820 239 1191 275 LXXI.-LXXII.
1549 244 1631 285 775

473 443 960 516 EPISTVLA
1006 443 1306 517 LXXII.

346 577 619 614 CYPRIANVS
643 578 702 612 ΕΤ
728 578 895 615 CETERI
921 578 1169 616 STEPHANO
1193 579 1369 615 FRATRI
1395 581 1427 615 S.

194 716 262 757 Ad
293 716 493 769 quaedam
532 715 780 770 disponenda
809 716 850 757 et
880 716 1038 758 consilii
1078 717 1306 759 communis
1340 718 1667 760 examinatione!

137 783 324 826 limanda
359 796 518 826 necesse
546 783 780 834 habuimus,
818 784 943 826 frater
974 784 1197 835 carissime,
1229 785 1563 827 conuenientibus
1591 787 1633 828 in

111 866 126 891 ⁵
139 866 267 894 unum
302 850 489 906 pluribus
526 852 807 895 sacerdotibus
839 864 979 908 cogere
1014 853 1056 895 et
1085 853 1287 895 celebrare
1318 854 1555 896 concilium:
1592 855 1634 896 in

140 932 219 974 quo
240 921 375 962 multa
396 920 563 974 quidem
585 920 744 974 prolata
766 921 898 974 adque
920 923 1060 963 exacta
1082 923 1189 963 sunt.
1214 922 1285 963 sed
1306 922 1356 964 de
1378 935 1422 964 eo
1451 923 1518 964 uel
1546 936 1633 965 ma-

140 989 248 1032 xime
269 989 347 1030 tibi
369 988 631 1031 scribendum
661 990 702 1030 et
731 1002 825 1031 cum
855 991 929 1032 tua
957 990 1163 1045 grauitate
1194 1003 1240 1032 ac
1273 991 1474 1045 sapientia
1501 992 1637 1034 confe-

142 1058 314 1100 rendum
336 1057 418 1099 fuit
439 1058 546 1111 quod
567 1058 703 1112 magis
724 1058 931 1111 pertineat
951 1060 993 1100 et
1014 1058 1066 1100 ad
1087 1058 1381 1101 sacerdotalem
1411 1060 1636 1102 auetorita-

143 1127 228 1168 tem
250 1126 291 1168 et
313 1126 363 1168 ad
386 1126 577 1168 ecclesiae
599 1126 823 1168 catholicae
843 1126 1045 1168 unitatem
1067 1126 1222 1179 pariter
1243 1140 1288 1169 ac
1309 1127 1556 1182 dignitatem
1586 1128 1636 1169 de

97 1206 131 1232 ιο
144 1194 306 1236 diuinae
335 1194 614 1248 dispositionis
645 1195 901 1237 ordinatione
929 1195 1176 1247 uenientem,
1209 1207 1275 1237 eos
1305 1195 1376 1248 qui
1409 1197 1505 1237 sunt
1537 1195 1636 1237 foris

141 1264 255 1306 extra
276 1263 491 1306 ecclesiam
512 1263 633 1306 tincti
654 1264 695 1305 et
715 1264 823 1317 apud
843 1263 1067 1305 haereticos
1084 1265 1126 1306 et
1144 1264 1426 1306 schismaticos
1447 1264 1637 1317 profanae

143 1343 273 1385 aquae
294 1331 385 1374 labe
406 1332 619 1383 maculati,
642 1332 802 1386 quando
823 1332 875 1374 ad
896 1345 968 1374 nos
990 1332 1121 1386 adque
1142 1332 1194 1374 ad
1215 1333 1430 1374 ecclesiam
1450 1345 1551 1386 quae
1573 1335 1636 1375 est

143 1414 225 1442 una
246 1400 446 1452 uenerint,
478 1401 679 1455 baptizari
707 1402 903 1454 oportere,
934 1412 979 1442 eo
1009 1401 1115 1454 quod
1146 1413 1292 1454 parum
1313 1401 1368 1442 sit
1390 1401 1447 1443 eis
1468 1414 1637 1443 manum

145 1469 335 1522 inponere
372 1470 422 1510 ad
453 1469 735 1523 accipiendum
771 1469 965 1522 spiritum
1001 1470 1202 1520 sanctum,
1239 1469 1320 1510 nisi
1356 1469 1559 1522 accipiant
1595 1471 1636 1511 et

98 1551 131 1577 ιε»
147 1537 339 1579 ecclesiae
354 1537 622 1590 baptismum.
645 1538 744 1579 tunc
765 1537 874 1579 enim
895 1537 1063 1579 demum
1083 1537 1202 1591 plene
1223 1537 1469 1580 sanctificari
1490 1539 1531 1579 et
1553 1549 1638 1579 esse

148 1605 226 1646 filii
246 1605 324 1647 Dei
346 1607 528 1660 possunt,
552 1606 587 1648 si
609 1607 864 1648 sacramento
881 1607 1053 1659 utroque
1069 1608 1302 1661 nascantur,
1323 1618 1416 1648 cum
1435 1605 1636 1659 scriptum

144 1674 221 1716 sit:
252 1673 358 1716 nisi
389 1674 507 1727 quis
538 1675 695 1716 natus
727 1674 893 1716 fuerit
922 1686 977 1715 ex
1019 1687 1147 1727 aqua
1188 1676 1237 1716 et
1278 1675 1500 1727 spiritu,
1542 1687 1637 1716 non

140 1743 322 1796 potest
364 1743 591 1785 introire
635 1743 686 1784 in
730 1755 946 1798 regnum
989 1743 1099 1784 Dei.
1151 1742 1384 1784 inuenimus
1434 1742 1546 1785 enim
1594 1743 1634 1783 in

141 1810 246 1853 actis
277 1811 555 1865 apostolorum
585 1811 661 1853 hoc
689 1824 776 1854 esse
804 1812 854 1853 ab
876 1811 1073 1865 apostolis
1104 1812 1358 1853 custoditum
1379 1813 1421 1853 et
1442 1811 1637 1853 salutaris

99 1894 133 1921 20
146 1879 241 1921 fidei
262 1879 439 1921 ueritate
459 1881 683 1931 seruatum,
714 1881 762 1921 ut
782 1893 876 1922 cum
897 1880 939 1921 in
962 1880 1081 1921 domo
1102 1879 1262 1921 Corneli
1292 1880 1539 1922 centurionis
1569 1892 1637 1921 su-

142 1960 214 2002 per
243 1947 426 1990 ethnicos
448 1948 518 2001 qui
540 1947 628 1990 illic
648 1948 816 1990 aderant
836 1948 932 1989 fidei
953 1948 1083 1990 calore
1106 1948 1323 1998 feruentes,
1352 1949 1395 1990 in
1415 1949 1637 1990 Dominum

278 2083 319 2117 17
346 2083 396 2117 Io.
421 2083 453 2124 3,
477 2083 509 2118 5.

211 2209 324 2254 Epist.
342 2209 488 2243 LXXII.
508 2229 551 2234 —
569 2208 703 2253 Incipit
727 2208 771 2243 ad
790 2209 1007 2252 Stephanum
1027 2208 1069 2243 de
1087 2208 1183 2251 (aad.
1204 2208 1240 2242 Β
1247 2222 1257 2242 .·
1283 2208 1544 2253 rebaptizandis
1562 2219 1638 2242 sen-

141 2269 272 2307 tentia)
291 2267 437 2302 concilio
455 2266 650 2311 BELNQ.
669 2286 711 2292 —
730 2267 751 2300 3
768 2266 940 2310 disponda
957 2267 990 2300 L
1076 2256 1078 2258 V
1114 2266 1163 2311 et]
1184 2268 1220 2300 ct
1237 2277 1257 2299 a
1275 2266 1315 2300 E
1425 2266 1584 2300 consilii.
1610 2266 1639 2310 Q

145 2324 318 2369 (consiliis
335 2324 397 2367 M)
499 2323 795 2357 examinationem
812 2323 1005 2357 limandam
1023 2323 1059 2357 B
1159 2324 1181 2357 4
1198 2311 1346 2357 fissvkffii'
1357 2323 1391 2358 L
1490 2323 1512 2357 5
1527 2323 1638 2367 pluri-

140 2382 208 2416 mis
227 2382 262 2416 Β
386 2382 408 2416 6
425 2383 545 2415 exacta
561 2380 647 2422 LN,
665 2382 846 2414 transacta
865 2379 995 2424 BEQv
1117 2379 1159 2414 de
1176 2391 1217 2414 ea
1234 2380 1297 2421 E2,
1315 2379 1378 2414 deo
1398 2380 1427 2425 Q
1551 2380 1569 2413 7
1588 2381 1638 2422 etl

142 2440 198 2474 est
214 2441 251 2473 et
268 2438 313 2472 M
318 2441 326 2457 ¹
343 2438 394 2481 (et
412 2438 460 2472 M
463 2439 474 2458 ²
482 2438 526 2483 Q)
690 2437 845 2471 conferre
862 2447 941 2471 cum
959 2437 994 2471 Β
1154 2437 1175 2471 9
1193 2439 1228 2471 et
1245 2447 1308 2472 om.
1330 2437 1446 2471 BLN
1599 2437 1639 2470 dc

140 2506 207 2531 om.
225 2495 262 2530 Β
424 2495 468 2529 10
486 2495 659 2529 ueniente.
676 2494 745 2528 Eos
763 2494 798 2528 Β
960 2493 1034 2527 sint
1051 2493 1143 2538 EQv
1303 2494 1347 2528 12
1364 2493 1407 2527 ad
1425 2504 1514 2537 quae
1531 2493 1574 2527 ad
1594 2494 1637 2528 L.

140 2552 219 2597 adq.
239 2552 279 2586 Ε
445 2551 488 2586 13
504 2562 574 2586 una
591 2553 646 2586 est
664 2550 792 2596 BEQv
954 2550 1090 2584 uenerit
1108 2550 1143 2584 L
1304 2551 1348 2584 15
1365 2550 1457 2583 enim
1475 2561 1540 2584 om.
1559 2550 1594 2584 Β

138 2610 263 2654 plenae
283 2609 322 2654 Q,
341 2610 445 2653 plane
461 2609 496 2643 Β
687 2609 730 2643 16
748 2607 799 2642 fili
823 2607 853 2653 Q
1043 2607 1099 2642 dei
1116 2618 1180 2641 om.
1200 2607 1236 2641 Β
1427 2596 1542 2651 utr'ffii.
1563 2608 1596 2640 E

140 2668 336 2701 nascuntur
355 2666 390 2700 Β
542 2666 601 2700 v·17
619 2668 763 2700 renatus
781 2665 838 2700 Βυ
1001 2653 1195 2709 εῇἶῖεὲἷΕ
1361 2665 1403 2699 18
1421 2665 1457 2698 in
1474 2665 1638 2708 regnum]

140 2734 252 2768 regna
270 2723 305 2757 Β
445 2723 551 2768 enim]
570 2723 662 2758 enim
680 2723 787 2757 etiam
807 2722 910 2767 EQv,
927 2722 1035 2757 etiam
1055 2722 1090 2756 B
1229 2722 1271 2756 19
1289 2723 1388 2755 actus
1406 2721 1445 2755 E
1550 2721 1637 2764 esse]

141 2783 178 2816 et
196 2781 231 2815 Β
395 2781 440 2815 20
457 2782 497 2814 ut
514 2780 608 2825 cum]
625 2781 742 2814 uisum
761 2779 839 2814 LN
989 2780 1031 2814 21
1052 2778 1187 2813 ethicos
1205 2778 1239 2813 L
1394 2777 1541 2811 calorem
1565 2777 1595 2822 Q

141 2838 319 2872 feruentes
337 2839 373 2871 et
390 2837 480 2882 EQv
618 2826 785 2872 dffiLN
