1838 3152
596 246 830 290 Epistulae
855 245 1011 280 XLIII.
1038 255 1065 279 c.
1090 245 1189 279 2-5.
1550 245 1633 286 593

198 343 307 400 Quas
338 362 444 391 nunc
474 360 621 402 paenas
652 348 797 402 patior,
829 347 977 390 fratres
1007 348 1222 398 carissimi,
1255 347 1361 401 quod
1382 347 1468 400 ipse
1488 347 1539 389 ad
1562 346 1671 388 uos4

141 418 505 472 inpraesentiarum
527 417 663 458 uenire
686 429 764 458 non
794 428 972 470 possum,
1004 417 1090 470 ipse
1120 416 1302 470 singulos
1335 415 1518 471 adgredi,
1549 416 1634 469 ipse

141 499 213 529 uos
244 487 466 528 secundum
489 485 654 527 Domini
685 487 726 527 et
757 486 960 540 euangelii
992 486 1078 527 eius
1109 485 1396 540 magisterium
1418 484 1634 526 cohortari.

141 567 218 596 non
263 555 476 596 suffecerat
520 554 688 596 exilium
734 555 816 596 iam
861 555 999 596 bienni
1042 556 1083 596 et
1121 568 1144 596 a
1183 554 1368 595 uultibus
1413 554 1542 606 adque
1584 553 1635 595 ab

112 624 267 665 soculis
307 624 455 665 uestris
494 623 681 678 lugubris
720 624 933 676 separatio,
975 623 1088 665 dolor
1127 623 1236 678 iugis
1275 624 1315 664 et
1345 623 1525 677 gemitus
1565 622 1635 675 qui

138 704 203 733 me
225 692 357 733 solum
379 692 465 733 sine
487 691 603 732 uobis
625 692 818 734 continua
848 692 1144 734 lamentatione
1175 691 1411 741 discruciat,
1443 691 1636 733 lacrimae

139 760 281 802 diebus
303 760 557 810 acnoctibus
579 760 837 814 profluentes,
869 762 975 813 quod
998 761 1197 802 sacerdoti
1219 773 1339 814 quem
1362 762 1477 801 tanto
1500 772 1636 801 amore

138 833 179 871 et
208 829 349 871 ardore
387 829 542 871 fecistis
580 828 754 871 necdum
786 840 857 870 uos
888 829 1067 871 salutare
1098 831 1139 871 et
1169 830 1343 871 necdum
1375 828 1635 882 conplexibus

136 898 284 939 uestris
316 898 524 939 inhaerere
553 897 778 951 contingat.
813 898 984 939 accessit
1005 898 1071 940 hic
1093 898 1319 940 tabescenti
1342 898 1478 939 animo
1499 898 1635 939 nostro

92 981 125 1009 ιο
137 967 252 1008 dolor
289 967 432 1016 maior,
473 966 579 1019 quod
611 966 653 1007 in
684 967 799 1007 tanta
831 966 1108 1008 sollicitudine
1140 980 1186 1008 ac
1218 966 1462 1008 necessitate
1494 979 1636 1008 excur-

137 1048 221 1077 rere
251 1035 301 1077 ad
335 1047 406 1076 uos
439 1035 526 1088 ipse
558 1047 635 1076 non
667 1047 846 1088 possum,
887 1035 986 1077 dum
1026 1049 1098 1089 per
1128 1037 1260 1077 minas
1292 1037 1333 1078 et
1364 1048 1435 1088 per
1464 1035 1635 1077 insidias

136 1103 381 1157 perfidorum
412 1116 604 1145 canemus
625 1116 674 1145 ne
696 1103 1008 1145 aduenientibus
1030 1104 1146 1145 nobis
1168 1105 1375 1146 tumultus
1397 1104 1485 1145 illic
1506 1104 1637 1145 maior

135 1173 290 1214 oriatur
329 1174 369 1214 et
407 1185 498 1214 cum
541 1172 630 1225 paci
671 1173 712 1213 et
750 1171 1046 1225 tranquillitati
1088 1174 1299 1226 episcopus
1341 1173 1555 1227 prouidere
1593 1173 1635 1215 in

134 1241 322 1283 omnibus
362 1241 520 1291 debeat,
560 1241 645 1294 ipse
683 1241 901 1283 materiam
941 1241 1131 1283 seditioni
1171 1242 1332 1284 dedisse
1369 1244 1410 1283 et
1447 1254 1635 1295 persecu-

88 1325 120 1350 15
133 1309 287 1351 tionem
319 1310 450 1351 denuo
482 1309 740 1351 exacerbasse
771 1309 971 1351 uideatur.
1013 1310 1108 1352 hinc
1139 1312 1291 1361 tamen,
1329 1311 1475 1352 fratres
1509 1311 1635 1352 dilec-

133 1378 299 1428 tissimi,
332 1379 426 1420 hinc
457 1378 655 1420 admoneo
685 1378 840 1432 pariter
868 1380 909 1420 et
932 1379 1096 1420 consulo
1126 1392 1175 1421 ne
1196 1380 1434 1432 perniciosis
1465 1379 1635 1421 uocibus

133 1447 285 1489 temere
316 1447 506 1496 credatis,
539 1460 587 1489 nc
608 1447 829 1489 fallacibus
860 1448 997 1489 uerbis
1030 1460 1269 1489 consensum
1301 1447 1421 1490 facile
1453 1460 1632 1490 commo-

134 1516 253 1558 detis.
285 1529 334 1558 ne
365 1528 437 1570 pro
469 1516 560 1558 luce
590 1516 791 1562 tenebras,
831 1528 904 1570 pro
937 1516 1002 1558 die
1032 1518 1207 1567 noctem,
1239 1530 1312 1570 pro
1344 1517 1433 1558 cibo
1465 1516 1632 1568 famem,

132 1597 204 1638 pro
250 1586 348 1638 potu
392 1585 520 1634 sitim,
569 1598 769 1626 uenenum
817 1597 888 1638 pro
929 1585 1121 1635 remedio,
1169 1586 1344 1628 mortem
1390 1598 1461 1640 pro
1503 1587 1634 1628 salute

88 1654 320 1696 ‚osumatis
367 1667 439 1696 nec
481 1655 592 1696 aetas
634 1666 705 1695 uos
747 1666 887 1695 eorum
926 1667 999 1696 nec
1037 1655 1261 1697 auotoritas
1300 1655 1432 1705 fallat,
1474 1656 1543 1708 qui
1583 1657 1633 1697 ad

134 1723 308 1765 duorum
345 1723 677 1777 presbyterorum
716 1723 897 1764 ueterem
927 1723 1155 1776 nequitiam
1187 1724 1486 1776 respondentes,
1526 1724 1633 1765 siout

133 1791 195 1833 illi
228 1791 453 1834 Susannam
484 1793 678 1846 pudicam
710 1804 966 1846 corrumpere
998 1794 1038 1835 et
1069 1793 1222 1835 uiolare
1259 1793 1394 1835 conati
1425 1794 1535 1843 sunt,
1575 1793 1633 1835 sic

133 1863 174 1902 et
204 1861 246 1902 hi
279 1861 525 1903 adulterinis
564 1862 760 1903 doctrinis
801 1862 996 1904 ecclesiae
1026 1859 1271 1914 pudicitiam
1305 1874 1561 1915 corrumpere
1593 1863 1633 1903 et

131 1931 348 1971 ueritatem
381 1930 663 1985 euangelicam
695 1931 849 1972 uiolare
880 1931 1089 1973 conantur.

87 2015 119 2041 2⁵
191 1997 352 2040 Clamat
381 1999 422 2040 et
443 1999 546 2041 dicit
568 1999 700 2041 Deus:
732 2000 896 2042 nolite
927 1999 1103 2041 audire
1134 2012 1391 2042 sermones
1421 1999 1670 2053 pseudo-5

132 2067 513 2121 prophetarum,
557 2069 792 2122 quoniam
838 2069 1066 2110 uisiones
1109 2068 1281 2110 cordis
1323 2081 1489 2110 eorum
1533 2069 1632 2110 sru—

268 2181 312 2215 25
330 2181 426 2216 Hier.
453 2182 506 2222 23,
534 2182 588 2219 16,
617 2183 668 2215 17.

200 2285 221 2319 3
239 2295 301 2319 uos
320 2295 384 2319 om.
405 2285 440 2318 R
546 2284 748 2330 secundum]
768 2285 880 2319 secuti
897 2284 980 2319 dum
999 2285 1035 2320 P
1138 2273 1220 2320 dffin
1239 2286 1284 2326 B,
1303 2276 1361 2319 dm
1379 2285 1422 2319 N
1527 2295 1631 2318 euan-

131 2341 264 2386 gelium
284 2342 328 2382 Β,
347 2342 543 2386 euangelii»
563 2343 598 2376 P
706 2342 729 2376 4
746 2342 926 2377 sufficerat
943 2343 978 2376 P
1082 2343 1180 2377 exilii
1198 2343 1232 2377 Β
1337 2342 1472 2377 biennii
1490 2343 1586 2378 NPv

133 2400 154 2434 6
170 2400 384 2435 discrutiant
402 2401 437 2435 P
568 2401 586 2435 7
605 2401 723 2446 quem]
749 2400 840 2445 quod
859 2401 894 2436 B
1025 2402 1047 2435 8
1065 2403 1100 2435 et
1125 2401 1287 2446 necdum]
1313 2400 1460 2435 necdum
1480 2400 1536 2435 Bv

132 2458 154 2492 θ
171 2458 235 2492 hac
253 2459 299 2492 M
314 2458 388 2502 (hic
411 2458 453 2503 Q)
562 2460 683 2492 nostro
701 2469 765 2493 om.
784 2459 828 2493 N
929 2459 972 2493 10
989 2460 1091 2493 tanta
1110 2470 1154 2493 em
1171 2460 1209 2492 ta
1228 2459 1262 2493 L
1278 2470 1321 2493 m.
1341 2462 1364 2493 2
1468 2459 1534 2493 hac
1557 2461 1586 2504 Q

136 2516 174 2549 11
195 2516 241 2561 et]
262 2518 315 2550 set
336 2516 366 2561 Q
458 2527 520 2560 per
537 2516 687 2550 insidias
704 2527 770 2551 om.
788 2516 823 2550 L
918 2516 961 2551 12
978 2527 1164 2550 caueamus
1184 2516 1218 2550 P
1303 2515 1514 2550 aduentibus
1534 2516 1584 2550 L¹

133 2572 236 2607 nobis
253 2585 318 2607 om.
340 2574 375 2607 P
491 2574 533 2608 13
550 2574 640 2619 paci]
660 2574 761 2618 pauci
785 2573 815 2619 Q
923 2574 1191 2618 tranquillitate
1214 2574 1243 2618 Q
1352 2573 1531 2617 prouideri
1551 2574 1586 2607 B

133 2630 176 2664 14
192 2631 392 2676 materiam]
412 2630 658 2675 magisteriam
678 2632 713 2666 P
817 2631 860 2665 15
877 2631 1003 2676 denuo]
1022 2631 1064 2665 de
1083 2641 1144 2665 nos
1169 2630 1198 2675 Q
1287 2630 1492 2665 exacerbare
1511 2629 1629 2664 uidea-

133 2698 210 2721 mur
225 2688 260 2722 Β
355 2688 395 2722 17
414 2690 551 2723 temere
567 2688 597 2734 Q
613 2689 759 2731 (temere
774 2689 832 2731 M)
927 2689 982 2733 ne]
1002 2699 1063 2723 nec
1082 2689 1115 2723 L
1211 2688 1253 2722 18
1269 2687 1362 2722 diem
1382 2688 1415 2721 L
1511 2688 1551 2721 19
1569 2697 1630 2731 pro

134 2747 218 2788 potu
237 2745 335 2779 sitim
353 2755 397 2779 ea:
412 2756 475 2790 pro
494 2747 650 2789 pontum
669 2745 768 2780 sitim
791 2745 821 2790 Q
838 2746 1062 2790 (propositim
1081 2746 1129 2781 M
1134 2748 1159 2789 ¹)
1283 2744 1433 2779 salutem
1453 2745 1538 2789 L¹Q

132 2801 177 2835 20
192 2812 254 2836 nec
271 2803 382 2847 aetas]
403 2813 446 2837 ne
464 2805 562 2837 aetas
578 2802 674 2838 BNv
778 2803 823 2838 22
841 2814 1061 2848 corrumpere
1079 2814 1144 2837 om.
1169 2803 1202 2837 V
1300 2802 1350 2836 sic
1367 2818 1400 2836 υ
1418 2804 1453 2835 et
1475 2802 1505 2846 Q
1523 2802 1629 2844 (sicut

133 2859 169 2891 et
185 2859 243 2901 M)
337 2860 382 2894 23
399 2859 570 2894 doctrinis
589 2870 653 2894 om.
675 2860 710 2894 B
801 2861 846 2895 25
863 2860 1025 2895 dominus
1046 2860 1137 2905 NQz*

271 2930 334 2959 111.
1302 2919 1355 2960 38
