1912 3152
578 280 639 315 Ad
664 280 958 315 Fortunatam
984 291 1010 315 c.
1039 281 1092 315 11.
1505 282 1589 324 339

91 397 322 442 promouere
359 384 579 437 potuisset,
614 384 840 438 sartagines
875 384 998 426 iussit
1036 385 1179 438 igniri:
1212 384 1361 438 quibus
1383 384 1528 438 ignitis
1550 386 1592 426 et

89 454 266 498 accensis
288 467 381 495 eum
403 453 472 506 qui
495 453 652 506 primus
674 453 835 494 locutus
857 453 990 495 fuerat
1012 454 1053 495 et
1084 454 1218 508 magis
1250 466 1389 508 regem
1420 452 1591 494 uirtutis

90 526 130 566 et
151 522 242 564 fidei
265 522 493 564 constantia
514 522 807 575 prouocauerat
827 521 1037 563 admoueri
1059 522 1266 575 praecepit
1297 524 1338 563 et
1370 520 1466 575 frigi
1499 534 1591 574 pro-

89 592 212 634 ducta
243 593 283 633 et
316 591 475 633 exsecta
505 590 619 644 prius
650 590 793 645 lingua
813 603 917 644 quae
937 591 1117 633 confessa
1139 591 1273 632 Deum
1295 591 1451 633 fuerat:
1485 591 1592 644 quod

89 660 261 715 martyri
297 659 514 714 gloriosius
552 659 739 714 contigit.
787 659 931 714 lingua
966 660 1075 702 enim
1112 660 1296 702 confessa
1332 672 1479 702 nomen
1515 661 1593 703 Dei

89 730 198 784 prior
219 728 271 771 ad
293 729 426 771 Deum
447 728 591 770 debuit
612 728 701 781 ipsa
723 728 935 781 proficisci.
969 730 1061 782 post
1090 728 1129 771 in
1153 729 1327 771 secundo
1350 730 1593 784 excogitatis

89 797 312 840 acrioribus
348 797 505 852 poenis,
546 800 768 850 antequam
805 799 939 840 cetera
975 798 1161 840 membra
1197 799 1426 851 torqueret,
1458 799 1594 841 cutem

90 866 214 920 capiti
237 879 330 908 cum
352 867 514 921 capillis
530 866 722 918 detraxit,
746 867 837 909 odio
855 867 1012 909 scilicet
1032 868 1140 909 certe
1157 879 1224 909 eo·
1247 881 1344 910 nam
1362 881 1455 910 cum
1473 868 1595 920 caput

90 935 169 977 uiri
192 934 378 977 Christus
416 935 471 976 sit
508 938 548 977 et
585 938 709 990 caput
742 935 895 977 Christi
929 936 1061 987 Deus,
1094 936 1164 990 qui
1195 938 1318 991 caput
1347 937 1563 980 laniabat
1552 950 1596 978 in

0 998 3 1040 ῑ
46 1014 79 1041 10
92 1005 272 1058 martyre
293 1005 426 1046 Deum
449 1006 489 1045 et
512 1003 720 1046 Christum
753 1006 1073 1059 persequebatur
1109 1006 1150 1048 in
1187 1007 1333 1060 capite.
1368 1008 1411 1048 at
1446 1006 1518 1048 ille
1553 1005 1596 1047 in

2 1351 14 1412 ¹.

10 1411 19 1617 ’ἰ

17 1643 24 1768 i

22 1827 29 1922 i

91 1075 289 1129 martyrio
311 1086 383 1116 suo
404 1073 532 1116 fidens
554 1075 594 1115 et
616 1075 926 1117 resurrectionis
948 1075 1027 1116 sibi
1045 1076 1275 1129 piaemium
1292 1075 1341 1117 de
1358 1075 1436 1118 Dei
1456 1088 1595 1117 remu-

91 1144 296 1186 neratione
326 1143 574 1197 promittens
605 1144 853 1186 exclamauit
885 1146 926 1186 et
947 1144 1074 1186 dixit:
1106 1146 1160 1186 tu
1192 1144 1422 1198 quidem,
1454 1144 1540 1198 inp
1553 1157 1598 1186 o-

92 1214 221 1263 tens,
269 1225 324 1253 ex
369 1213 459 1254 hac
502 1212 771 1266 praesenti
803 1212 912 1254 uita
943 1226 1030 1255 nos
1060 1213 1254 1266 perdis:
1307 1213 1393 1255 sed
1423 1213 1597 1255 mundi

94 1294 182 1323 rex
229 1281 502 1323 defunctos
552 1293 644 1323 nos
690 1293 777 1334 pro
824 1281 933 1323 suis
979 1281 1186 1336 legibus
1232 1282 1282 1323 in
1333 1283 1595 1324 aeternam

49 1350 231 1392 unitae
262 1351 694 1393 resurrectionem
727 1350 1033 1392 suscitabit.
1069 1351 1219 1393 tertius
1242 1351 1428 1406 linguam
1454 1351 1597 1405 postu-

92 1420 200 1461 latus
223 1420 303 1461 cito
324 1420 510 1473 protulit.
543 1432 638 1461 nam
659 1431 831 1473 poenam
847 1419 1012 1475 linguae
1030 1420 1277 1462 exsecandae
1294 1420 1378 1462 iam
1397 1419 1598 1461 didicerat

94 1502 117 1531 a
146 1488 273 1530 fratre
304 1491 571 1531 contemnere.
603 1501 749 1530 manus
771 1501 929 1542 quoque
960 1489 1233 1542 amputandas
1265 1490 1498 1530 constanter
1529 1500 1598 1530 ex-

93 1557 227 1599 tendit
248 1558 430 1599 multum
451 1558 597 1600 beatus
621 1570 765 1613 genere
787 1557 867 1600 isto
889 1557 1102 1611 supplicii,
1135 1558 1200 1599 cui
1223 1557 1400 1611 contigit
1421 1557 1599 1599 extensis

95 1626 144 1668 ad
175 1639 347 1680 poenam
378 1627 568 1669 manibus
599 1627 801 1681 passionis
823 1626 1051 1669 dominicae
1072 1627 1203 1669 instar
1223 1625 1395 1668 imitari.
1429 1638 1501 1667 nec
1520 1638 1598 1668 non

50 1707 84 1736 πο
95 1697 135 1737 et
156 1698 326 1749 quartus
347 1696 437 1750 pari
459 1696 614 1738 uirtute
635 1696 841 1738 tormenta
861 1697 1123 1738 contemnens
1145 1697 1186 1737 et
1218 1695 1269 1737 ad
1299 1695 1599 1737 retundendum

94 1777 232 1819 regem
254 1765 421 1807 caelesti
442 1778 540 1807 uoce
562 1766 807 1820 respondens
830 1765 1078 1807 exclamauit
1099 1765 1140 1806 et
1162 1765 1287 1806 dixit:
1319 1763 1492 1818 potius
1524 1764 1601 1805 est

0 1855 27 1892 ,3
95 1834 154 1876 ab
201 1833 495 1877 hominibus
541 1835 696 1876 morti
744 1834 891 1876 datos
937 1835 1210 1887 expectare
1255 1845 1393 1887 spem
1431 1845 1455 1874 a
1494 1831 1600 1874 Deo

26 1940 30 1976 3
95 1903 284 1944 iterum
329 1903 390 1945 ab
433 1915 485 1944 eo
533 1903 832 1945 suscitatos.
884 1903 990 1945 tibi
1023 1902 1157 1945 enim
1189 1901 1510 1944 resurrectio
1541 1901 1600 1942 ad

96 1972 255 2014 uitam
286 1985 380 2014 non
410 1973 527 2014 erit.
561 1972 729 2025 quintus
765 1973 927 2026 praeter
962 1972 1069 2025 quod
1106 1970 1386 2013 carnificinam
1418 1970 1528 2024 regis
1559 1971 1601 2011 et

28 2030 35 2098 i
54 2053 84 2080 25
97 2039 217 2082 duros
239 2041 453 2094 uariosque
475 2042 680 2083 cruciatus
701 2041 797 2082 fidei
819 2041 961 2095 uigore
983 2040 1192 2090 calcabat,
1216 2039 1267 2082 ad.
1288 2038 1601 2092 praescientiam

31 2126 35 2180 '‹.

33 2182 37 2204 t

34 2246 39 2270 l

40 2424 44 2458 ἰ

41 2462 45 2482 ι

45 2604 49 2623 i

98 2122 252 2163 quoque
284 2113 324 2152 et
355 2110 547 2152 notitiam
583 2109 817 2152 futurorum
849 2110 998 2162 spiritu
1020 2108 1255 2151 diuinitatis
1278 2107 1486 2150 animatus
1506 2120 1601 2161 pro·

34 2218 37 2224 .
98 2179 283 2232 phetauit
303 2180 390 2234 regi
412 2179 738 2234 indignationem
759 2179 836 2220 Dei
858 2180 899 2220 et
921 2178 1121 2220 ultionem
1143 2177 1339 2219 uelociter
1353 2177 1600 2219 secuturam.

99 2249 441 2302 potestatem,
489 2248 642 2301 inquit,
690 2249 829 2290 inter
869 2248 1096 2289 homines
1135 2247 1345 2295 habenS‚
1392 2258 1500 2287 cum
1531 2245 1603 2287 sis

237 2375 279 2408 12
305 2374 341 2408 ΙΙ
360 2374 466 2408 Maec.
488 2374 519 2408 7.
537 2375 568 2407 9.
641 2374 683 2408 21
711 2373 749 2408 II
766 2373 875 2407 Mace.
895 2372 925 2413 7,
945 2373 998 2406 14.
1070 2372 1115 2406 28
1141 2371 1176 2405 ΙΙ
1196 2371 1304 2405 Mace.
1324 2371 1354 2411 7,
1375 2371 1418 2405 16
1435 2380 1485 2414 sq.

166 2489 188 2523 2
212 2489 325 2534 primo
344 2490 395 2525 W
477 2490 499 2523 3
525 2489 572 2533 et]
593 2500 631 2523 ac
651 2490 700 2524 W
784 2488 1023 2522 constantiam
1042 2487 1077 2522 R
1159 2486 1338 2521 admoneri
1356 2486 1391 2521 R
1478 2486 1500 2519 5
1525 2494 1606 2519 con-

100 2545 236 2591 tingint
253 2547 295 2581 S¹
403 2558 492 2591 quac
510 2546 670 2581 confessa
687 2557 719 2580 n.
739 2546 770 2581 d.
790 2546 907 2580 fuerat
926 2547 995 2581 We
1101 2546 1122 2579 (3
1148 2545 1225 2589 ipsa.
1242 2555 1306 2579 om.
1322 2544 1373 2579 W
1465 2543 1483 2576 7
1510 2552 1605 2576 men·

102 2603 165 2639 bra
181 2604 216 2639 R
286 2605 308 2638 8
325 2604 454 2649 capitis
470 2604 574 2640 WRv
646 2604 776 2649 capillo
798 2605 840 2636 W
906 2606 1021 2638 certeo
1036 2602 1090 2643 δ’,
1109 2604 1204 2637 certo
1220 2601 1264 2636 S²
1273 2601 1379 2636 WRv
1446 2600 1489 2634 10
1514 2610 1606 2633 mar-

101 2662 213 2706 tyrem
231 2662 267 2697 R
360 2662 403 2697 ad
422 2662 465 2697 S¹
561 2663 602 2697 11
629 2661 873 2696 muneratione
891 2661 927 2696 R
1022 2661 1064 2694 12
1089 2659 1337 2704 repromittens
1362 2658 1392 2692 S
1485 2657 1527 2691 13
1552 2656 1604 2700 ex]

102 2719 142 2754 de
158 2720 193 2755 R
285 2720 407 2765 perdes
427 2720 469 2755 δ’*
566 2720 609 2754 15
634 2718 901 2754 resurrectionis
924 2718 974 2753 W
1066 2718 1108 2751 16
1134 2717 1279 2761 linguae
1302 2717 1352 2751 W
1366 2726 1391 2749 s.
1412 2715 1434 2749 l.
1452 2725 1496 2748 m.
1514 2716 1537 2748 2

103 2777 329 2812 exsecrandae
348 2777 384 2812 R
493 2777 535 2811 17
561 2787 582 2811 a
598 2787 663 2811 om.
684 2776 719 2812 R
825 2786 961 2820 quoque
978 2775 1040 2809 ille
1059 2774 1088 2809 S
1192 2774 1238 2807 20
1261 2772 1306 2807 ad
1324 2772 1354 2807 S
1366 2783 1392 2806 s.
1412 2772 1433 2806 l.
1451 2782 1496 2805 m.
1513 2773 1537 2806 2

103 2834 147 2868 22
170 2835 293 2869 mortis
312 2835 347 2870 R
455 2834 499 2869 23
524 2834 568 2868 ab
587 2834 639 2878 eo]
658 2844 679 2868 a
696 2833 759 2868 deo
778 2833 808 2868 S
914 2832 1135 2867 suscitandos
1155 2830 1215 2871 15²,
1242 2830 1433 2864 suscitatos
1458 2828 1606 2870 S¹WR‚

105 2892 267 2927 suscitari
291 2893 338 2933 V;
375 2892 410 2926 in
441 2892 553 2925 uitam
583 2894 762 2925 aeternam
790 2890 876 2924 add.
905 2902 946 2932 v;
972 2891 1020 2933 ef.
1049 2892 1126 2925 test.
1160 2887 1236 2922 ΙΙΙ
1263 2889 1305 2921 17
1398 2886 1606 2920 resurrectio

104 2948 196 2983 enim
215 2949 244 2984 S
310 2950 353 2984 ‘24
381 2948 551 2983 carnificii
570 2959 651 2983 nam
671 2948 705 2983 R
779 2950 815 2982 et
833 2958 897 2982 om.
919 2947 949 2983 S

1248 3004 1301 3028 00
1313 3003 1333 3025 ⁴⁴<

1248 3036 1298 3044 -.-
