1838 3152
170 184 255 224 4411
701 179 895 214 Caecilii
930 179 1143 223 Cypriani

171 286 350 338 pertinet
384 297 517 326 sermo
554 283 721 324 Domini
758 282 953 324 dicentis:
1004 284 1087 336 qui
1128 295 1222 324 non
1261 286 1338 325 cst
1378 296 1570 324 mecum
1602 285 1682 325 ad-

172 367 374 396 uersum
420 367 492 394 me
539 354 636 398 est,
692 354 738 394 et
780 353 863 405 qui
910 364 1003 393 non
1050 366 1239 394 mecum
1287 353 1501 407 colligit
1547 365 1683 406 spar-

170 424 278 478 git?
322 422 426 464 unde
471 423 630 463 constat
670 434 790 475 super
829 422 934 462 filios
975 422 1128 463 alienos
1168 423 1208 462 et
1249 422 1410 463 suboles
1451 421 1685 463 antichristi

171 492 375 545 Spiritum
399 492 587 533 sanctum
609 504 681 544 per
712 503 857 532 manus
879 490 1170 542 inpositionem
1193 502 1272 531 non
1294 490 1583 532 tantummodo
1605 503 1684 532 non

171 573 288 614 posse
311 560 570 607 descendere,
604 572 694 600 cum
727 559 995 600 manifestum
1028 560 1083 600 sit
1115 559 1339 601 haereticos
1370 559 1577 613 baptisma
1607 571 1685 601 non
1717 576 1731 601 5

172 630 335 672 habere.

590 757 825 796 Victorinus
849 769 873 795 a
894 757 1111 795 Thabraca
1134 756 1262 795 dixit:

100 839 155 879 25
230 836 272 878 Si
296 837 393 878 licet
414 836 629 878 haereticis
653 836 862 888 baltmizaro
881 836 921 876 et
939 836 1154 877 remissam
1171 838 1431 887 peccatorum
1450 835 1559 882 dare,
1584 834 1683 887 quid

170 906 263 948 illos
286 906 536 947 infamamus
561 905 601 946 et
622 905 846 946 haereticos
869 903 962 946 illos
983 904 1239 957 appellamus
1253 906 1272 943 ’.θ
1830 920 1834 968 1

596 1044 713 1083 Alius
736 1043 855 1082 Felix
878 1043 929 1081 ab
952 1043 1111 1082 Vthina
1133 1043 1258 1082 dixit:
1700 1064 1733 1090 10

98 1123 156 1162 26
230 1122 398 1164 Nemini
430 1122 603 1163 dubium
636 1121 718 1170 est,
752 1122 1003 1163 sanctissimi
1041 1122 1368 1172 consacerdotes,
1402 1134 1480 1163 non
1517 1122 1559 1163 in
1595 1124 1685 1165 tan-

171 1192 263 1232 tum
300 1204 416 1245 posse
450 1192 673 1232 humanam
711 1192 1110 1245 praesumptionem,
1143 1193 1344 1244 quantum
1367 1191 1534 1232 Domini
1555 1192 1684 1233 nostri

171 1260 326 1302 Christi
364 1260 614 1302 adorandam
652 1262 689 1301 et
730 1261 1007 1302 uenerabilem
1045 1261 1319 1301 maiestatem.
1353 1272 1553 1301 memores
1589 1273 1685 1315 ergo

171 1330 345 1383 periculi
368 1330 443 1371 hoc
464 1341 623 1382 quoqne
645 1341 724 1370 non
746 1331 910 1371 tantum
931 1330 1146 1371 obseruare
1164 1329 1372 1380 debemus,
1397 1342 1542 1370 uerum
1560 1329 1685 1371 etiam

172 1400 223 1441 ab
246 1399 438 1440 omnibus
460 1399 576 1440 nobis
600 1399 859 1448 confirmare,
895 1401 941 1440 ut
964 1411 1105 1440 omnes
1136 1398 1333 1440 haeretici
1366 1399 1435 1452 qui
1467 1399 1517 1440 ad
1549 1398 1685 1440 sinum
1699 1414 1730 1439 15

174 1468 319 1509 matris
342 1468 536 1510 ecclesiae
558 1469 780 1509 adcurrunt
803 1468 1087 1520 baptizentur,
1120 1470 1167 1509 ut
1199 1480 1313 1509 mens
1346 1467 1552 1510 haeretica
1583 1480 1684 1520 quae

171 1537 367 1578 diuturna
388 1537 482 1579 tabe
504 1538 665 1590 polluta
688 1538 749 1579 est
771 1536 1095 1579 sanctificatione
1127 1537 1280 1578 lauacri
1314 1538 1491 1591 purgata
1523 1537 1565 1578 in
1596 1549 1684 1578 1110-

171 1606 251 1647 lius
273 1605 531 1648 reformetur.

669 1735 841 1776 Quietus
864 1746 888 1773 a
909 1735 1042 1773 Buruc
1066 1734 1189 1774 dixit:

100 1819 153 1859 27
229 1812 308 1863 Qui
325 1812 403 1854 fide
427 1812 608 1854 uiuimus
631 1813 799 1866 obsequi
822 1813 885 1854 his
909 1826 1011 1866 qnae
1034 1813 1285 1855 instruendis
1308 1813 1425 1855 nobis
1448 1814 1543 1855 ante
1565 1824 1683 1867 prae-
1699 1826 1731 1853 20

171 1881 285 1924 dicta
307 1883 403 1923 sunt
425 1881 591 1923 credula
613 1881 896 1923 obseruatione
915 1882 1123 1923 debemus.
1158 1895 1254 1923 nam
1278 1882 1479 1936 scriptum
1502 1883 1563 1924 est
1584 1882 1686 1936 aput

171 1950 454 1993 Salomonem:
504 1951 589 2004 qui
634 1950 909 2003 baptizatu
924 1964 942 1991 1·
986 1964 1008 1992 a
1052 1952 1252 1993 mortuo
1299 1951 1424 2004 quid
1464 1950 1686 2005 proficit

305 2088 350 2121 ‘22
377 2087 443 2121 Sir.
463 2088 519 2128 34,
538 2088 591 2121 3o.

241 2203 256 2235 1
286 2202 479 2246 pertinebit
506 2203 603 2242 VAr,
633 2203 810 2245 pertineat
829 2213 873 2236 ex
892 2203 1075 2246 pcrtinant
1094 2203 1128 2237 L
1144 2214 1187 2238 m.
1204 2206 1229 2237 2
1326 2203 1382 2238 dei
1401 2192 1475 2238 ‹ffisi
1494 2204 1523 2239 S
1624 2204 1684 2238 ad-

171 2261 359 2295 ucrsusAir
430 2262 451 2294 2
469 2260 617 2304 collegit
636 2262 679 2294 T¹
753 2262 773 2294 3
792 2261 936 2295 subules
952 2261 988 2301 S,
1010 2261 1148 2295 soboles
1165 2261 1221 2296 Lv
1294 2261 1502 2296 antichristi
1516 2272 1580 2297 om.
1594 2262 1624 2297 S

166 2319 191 2351 4
210 2320 370 2351 sanctum
390 2329 454 2351 om.
472 2319 503 2351 T
563 2329 628 2352 non
648 2329 712 2352 om.
726 2319 782 2353 Av
797 2319 897 2361 (mate
911 2318 1172 2362 tantummodo)
1231 2320 1252 2353 5
1269 2319 1471 2353 discendere
1481 2319 1511 2353 S
1567 2320 1687 2354 haere-

169 2376 281 2409 ticum
299 2387 342 2409 cr
360 2375 538 2409 haeretico
562 2377 592 2409 T
658 2377 680 2408 8
706 2376 853 2410 remissa·
872 2376 902 2410 S
969 2377 990 2408 ⁴.)
1016 2379 1051 2410 ct
1070 2376 1113 2416 S,
1142 2379 1180 2410 ut
1200 2377 1303 2410 LTA
1375 2377 1458 2410 illos
1476 2388 1541 2412 om.
1563 2377 1620 2412 Lv

169 2433 495 2478 appenemusM‘A
564 2434 601 2467 11
622 2434 658 2467 in
674 2445 739 2467 om.
755 2444 774 2467 v
841 2434 882 2467 12>
896 2434 1053 2467 humana
1065 2434 1093 2468 S
1155 2436 1328 2478 quantum
1341 2434 1415 2475 SA,
1432 2445 1539 2478 quam
1550 2435 1623 2469 ΕΤ

170 2492 213 2525 13
239 2492 315 2525 iesu
334 2491 461 2525 christi
476 2491 532 2526 Av
631 2491 673 2525 14
690 2491 858 2525 debemus
873 2502 938 2525 om.
950 2492 1129 2525 Erasmus
1238 2492 1281 2526 15
1299 2491 1504 2526 confirmare
1522 2492 1686 2527 debemus

174 2549 369 2589 Erasmus,
398 2548 599 2583 confirmari
617 2550 757 2593 oportet
777 2550 958 2583 Balaam
1039 2550 1078 2583 17
1106 2549 1249 2594 pulluta
1268 2549 1297 2584 S
1367 2550 1685 2584 sanctificationem

171 2606 309 2650 lauagri
330 2606 358 2640 S
430 2607 471 2640 19
498 2606 676 2640 confessor
693 2606 836 2650 quietus
863 2607 895 2640 V
955 2618 975 2640 a
996 2608 1104 2642 buruc
1120 2607 1199 2648 ST,
1227 2619 1247 2641 a
1266 2607 1385 2653 burug
1404 2608 1451 2648 V,
1470 2608 1514 2642 ab
1534 2609 1618 2643 urbe
1637 2609 1680 2649 L,

168 2674 190 2697 a
209 2664 342 2699 buruch
363 2676 382 2699 υ
453 2665 498 2698 20
523 2664 567 2698 iis
587 2676 604 2699 υ
677 2664 912 2709 instruendis]
935 2665 1095 2699 stnendis
1115 2665 1145 2700 S
1212 2665 1418 2709 praedicata
1441 2666 1472 2698 T
1550 2667 1592 2701 21
1612 2677 1682 2701 crc-

169 2720 272 2755 dulat
289 2722 317 2756 S
384 2723 428 2756 22
455 2722 667 2756 solomonem
689 2722 731 2758 S.
753 2722 876 2756 salam.
898 2723 931 2757 L
1021 2725 1158 2758 mortuo
1179 2723 1322 2764 SLTA,
1343 2726 1482 2758 mortuo
1501 2725 1537 2759 et
1555 2724 1684 2759 iterum

166 2779 293 2820 tangit
312 2781 492 2813 mortuum
515 2791 532 2813 v
