1838 3152
618 244 831 290 Epistula
854 244 1148 281 XXI.——XXII.
1550 250 1635 292 533

485 413 1000 488 EPISTVLA
1052 416 1291 492 XXII.

136 554 312 590 LVCIAN
319 553 371 588 VS
397 551 636 589 CELERINO
663 551 848 588 DOMINO
873 552 917 586 SI
942 551 1123 588 DIGNVS
1150 553 1305 590 FVERO
1332 554 1506 591 VOCARI
1532 554 1638 592 COL-

639 608 761 644 LEGA
788 609 842 644 IN
867 609 1068 646 CHRISTO
1094 610 1128 644 S.

188 725 341 780 Accepi
362 725 525 767 litteras
546 725 653 775 tuas,
675 724 851 766 Domine
872 723 1000 767 frater
1021 724 1305 776 dilectissime,
1335 726 1379 768 in
1400 727 1549 780 quibus
1571 740 1637 770 me
1656 727 1673 768 l

103 813 119 838 a
133 796 295 837 tantum
318 793 517 849 grauasti,
547 793 594 834 ut
614 793 781 846 propter
802 793 920 835 tuam
940 793 1228 848 grauationem
1248 795 1416 836 tantum
1437 795 1639 849 gaudium

133 875 259 918 paene
293 862 502 912 exciderit,
536 862 584 903 ut
613 861 777 903 litteras
811 873 912 914 quas
942 862 983 903 et
1011 874 1086 916 ego
1116 862 1314 916 optabam
1347 863 1442 917 post
1473 863 1639 906 tantum

131 931 330 986 temporis
360 931 509 985 legere,
541 930 584 972 in
606 929 756 983 quibus
785 930 868 972 mei
890 929 1086 985 dignatus
1109 943 1151 973 es
1171 943 1411 982 memorare,
1444 932 1638 975 beneficio

131 1001 270 1043 tantae
290 1001 386 1042 tuae
406 998 660 1041 humilitatis
681 999 817 1053 legere
838 999 1035 1051 exultaui,
1063 1000 1135 1053 qui
1155 1000 1336 1042 scribens
1357 1000 1462 1042 mihi
1483 1000 1639 1043 diceres

128 1065 180 1112 ‘si
201 1069 350 1125 dignus
371 1068 485 1110 fuero
507 1068 634 1110 frater
653 1067 859 1109 nominari
879 1063 1000 1118 tuus‚'
1023 1067 1204 1110 hominis
1225 1069 1296 1122 qui
1317 1068 1428 1122 apud
1447 1069 1640 1122 pusillio-

88 1152 122 1178 ιο
134 1150 196 1180 res
226 1149 374 1179 nomen
394 1137 472 1179 Dei
502 1148 596 1178 cum
626 1136 776 1178 timore
805 1134 1014 1178 confessus
1043 1149 1148 1179 sum.
1185 1150 1283 1179 nam
1303 1137 1350 1179 tu
1369 1138 1456 1179 Deo
1477 1137 1641 1180 uolente

133 1207 270 1260 ipsum
290 1217 467 1260 anguem
488 1205 700 1254 maiorem,
720 1205 967 1246 metatorem
986 1204 1235 1256 antichristi,
1257 1218 1337 1248 non
1357 1206 1523 1249 tantum
1545 1218 1640 1249 con-

134 1275 264 1318 fessus
286 1273 523 1316 deterruisti
539 1273 709 1316 uocibus
724 1273 811 1315 illis
828 1275 869 1316 et
885 1273 1022 1316 uerbis
1040 1272 1194 1316 deificis
1211 1274 1362 1328 quibus
1378 1274 1462 1317 scio
1478 1276 1507 1329 †
1524 1275 1641 1329 quasi

134 1343 337 1387 amatores
373 1342 468 1384 fidei
504 1342 546 1384 et
581 1342 760 1396 zelotypi
795 1341 1041 1396 disciplinae
1072 1341 1241 1397 Christi,
1278 1343 1322 1385 in
1359 1356 1439 1397 qua
1470 1345 1512 1386 te
1542 1343 1641 1386 noui

134 1411 360 1454 uiuacitate
387 1410 542 1453 uersari
563 1411 604 1453 et
623 1410 794 1466 gaudee,
817 1411 972 1453 uicisti.
1004 1424 1113 1453 nunc
1134 1412 1268 1466 modo,
1300 1412 1524 1464 carissime,
1556 1412 1642 1454 iam

88 1482 241 1523 rsinter
268 1482 471 1535 martyres
500 1480 744 1535 deputande,
780 1480 955 1523 uoluisti
984 1494 1057 1524 nos
1086 1481 1241 1523 litteris
1267 1481 1353 1524 tuis
1382 1494 1566 1536 grauare,
1597 1481 1642 1524 in

135 1549 285 1603 quibus
314 1549 561 1605 significasti
590 1549 638 1592 de
667 1549 874 1592 sororibus
902 1550 1066 1604 nostris,
1096 1561 1169 1604 pro
1197 1549 1347 1604 quibus
1368 1550 1530 1593 utinam
1552 1550 1642 1594 fieri

202 1709 316 1754 Epist.
345 1709 460 1743 XXII.
490 1729 533 1734 —
564 1709 699 1753 Incipit
727 1708 879 1754 epistola
903 1709 1054 1744 Luciani
1086 1710 1312 1745 rescribentis
1338 1709 1499 1746 Celerino
1534 1721 1640 1755 super

132 1767 274 1802 nomine
286 1765 478 1801 Numeriae
507 1768 543 1801 et
560 1765 740 1801 Candidae
769 1767 806 1801 et
834 1766 974 1801 nomine
991 1766 1097 1801 Pauli
1123 1768 1158 1801 et
1174 1767 1374 1812 Mappalice
1390 1768 1427 1802 et
1443 1769 1640 1802 ceterorum

132 1815 250 1869 signif
261 1824 331 1860 sibi
348 1835 406 1859 eos
423 1823 609 1859 mandasse
626 1825 668 1858 ut
683 1823 892 1868 petentibus
908 1823 1010 1859 daret
1026 1835 1148 1869 pacem
1169 1826 1207 1866 T,
1234 1824 1385 1859 Luciani
1409 1824 1639 1860 rescribentis

131 1881 294 1917 Celerino
322 1881 364 1916 de
393 1880 604 1926 recipiendis
634 1879 679 1914 ad
706 1891 828 1925 pacem
844 1881 878 1915 N
882 1881 1016 1915 umeria
1045 1883 1081 1915 et
1098 1881 1258 1917 Candida
1287 1882 1375 1916 item
1404 1881 1446 1916 de
1464 1881 1578 1916 Paula
1602 1883 1640 1917 et

129 1938 306 1983 Mapalice
323 1938 384 1983 qui
397 1937 549 1973 Paulum
567 1938 684 1983 ipsum
703 1937 883 1982 significat
900 1938 1114 1973 moriturum
1132 1938 1202 1972 sibi
1218 1938 1405 1973 mandasse
1420 1940 1462 1973 ut
1478 1939 1640 1984 peniten-

130 1995 227 2030 tibus
245 1995 346 2030 daret
363 2005 483 2039 pacem
500 2006 543 2035 w,
562 1994 725 2039 Epistola
742 1995 893 2030 Luciani
911 1995 956 2030 ad
973 1995 1174 2031 Celerinum
1191 1996 1395 2040 responsiue
1412 2009 1452 2042 φ,
1482 1996 1567 2031 Alia
1583 2007 1639 2032 re·

128 2052 264 2097 scripta
282 2052 444 2096 (Luciani
461 2052 545 2087 add.
564 2063 609 2087 m.
627 2053 666 2097 2)
685 2066 722 2098 μ.
740 2072 784 2078 -
800 2053 822 2087 2
839 2052 1018 2087 Lucianus
1035 2064 1100 2088 om.
1124 2054 1213 2098 Τφμ
1314 2053 1457 2089 domino
1475 2063 1542 2089 om.
1562 2067 1590 2098 φ

129 2110 151 2144 5
167 2121 229 2155 per
245 2111 346 2144 tuam
364 2123 399 2155 μ,
419 2110 593 2154 perpetua
616 2110 649 2144 Τ
762 2110 972 2154 grauatione
993 2111 1026 2145 T
1138 2111 1240 2145 tanto
1258 2110 1389 2155 gaudio
1405 2122 1427 2146 v
1543 2110 1565 2145 6
1581 2121 1638 2146 ex-

126 2166 254 2202 ciderit
271 2178 312 2209 w,
331 2166 527 2202 excideram
545 2180 614 2212 φμ,
632 2166 793 2202 excidera
814 2168 855 2211 T,
874 2167 1063 2202 exciderim
1080 2179 1101 2203 v
1209 2167 1352 2202 litteras
1368 2169 1451 2202 tuas
1470 2180 1498 2212 φ
1601 2169 1639 2203 et

127 2235 192 2259 om.
213 2238 237 2269 μ
355 2225 375 2259 7
402 2224 490 2259 meis
507 2224 680 2269 dignatus
698 2236 741 2269 w,
767 2224 937 2270 dignatus
954 2225 1025 2260 mei
1042 2238 1070 2269 φ
1189 2235 1225 2260 es
1243 2235 1310 2260 om.
1331 2226 1388 2270 Τμ
1506 2235 1638 2260 memo·

126 2282 198 2316 rari
216 2295 241 2327 μ
369 2283 392 2317 8
407 2284 489 2317 tuae
507 2282 710 2317 hutilitatis
729 2295 764 2327 μ,
789 2282 1010 2317 humilitatis
1027 2284 1110 2317 tuae
1128 2296 1156 2327 φ
1281 2282 1518 2317 exultauerim
1535 2293 1590 2318 wv

126 2338 246 2374 dicens
268 2340 307 2381 T,
325 2339 478 2384 diligens
495 2353 520 2385 μ
638 2340 659 2374 9
677 2342 760 2374 tuus
777 2339 955 2374 nominari
975 2353 1000 2385 μ
1118 2340 1163 2375 10
1178 2340 1343 2375 timorem
1366 2341 1407 2384 T,
1426 2351 1543 2375 amore
1559 2351 1591 2375 w

128 2396 327 2431 confessum
346 2398 439 2440 (sum
456 2398 538 2440 om.)
561 2398 651 2441 T¹q>,
671 2397 850 2432 confessus
874 2398 920 2432 Τ*
1044 2397 1142 2442 nam]
1160 2409 1206 2432 na
1228 2399 1260 2433 T
1375 2399 1417 2432 tu
1434 2408 1501 2432 om.
1520 2411 1545 2442 μ

127 2453 171 2488 11
195 2453 310 2498 ipsam
333 2455 389 2495 T¹,
420 2456 504 2489 ante
528 2454 644 2499 ipsam
661 2467 686 2499 μ
818 2455 1042 2500 metatorem]
1069 2457 1106 2490 et
1122 2455 1330 2490 atrociorem
1347 2466 1410 2501 ‹pw
1543 2454 1637 2489 anti-

127 2510 262 2545 christo
275 2525 299 2556 μ
395 2511 574 2547 confessus
591 2522 665 2547 esse
682 2513 738 2557 Τμ
833 2513 877 2547 12
891 2512 1047 2558 uocibus]
1065 2512 1201 2548 duobus
1215 2524 1278 2559 qao
1369 2512 1418 2557 et]
1437 2512 1547 2546 etiam
1560 2522 1591 2546 w

127 2567 282 2603 uiuificis
313 2567 449 2603 deificis
478 2582 506 2613 φ
640 2570 684 2604 13
712 2571 748 2604 et
780 2579 845 2605 om.
877 2583 901 2614 μ
1035 2570 1225 2615 disciplina
1258 2570 1351 2615 szw
1483 2578 1552 2613 qua
1584 2568 1634 2613 te]

127 2625 231 2669 quati
249 2638 274 2670 μ
400 2627 437 2660 te
455 2626 550 2671 noui]
568 2627 702 2662 tenoris
725 2626 838 2663 Oxou.
965 2627 1009 2662 14
1026 2627 1218 2662 uicacitate
1240 2627 1274 2662 T
1393 2625 1540 2669 uersari]
1558 2635 1636 2659 uer-

128 2682 258 2717 satoris
280 2684 352 2727 Τφ,
382 2685 543 2719 uersatus
571 2695 608 2719 es
626 2698 662 2729 μ,
692 2686 873 2720 uersatum
891 2696 922 2719 w
1054 2686 1089 2719 et
1106 2695 1171 2719 om.
1194 2684 1266 2729 Tqv,
1297 2684 1333 2718 te
1350 2695 1371 2719 v
1502 2681 1634 2727 gaudio

134 2739 234 2784 Τφμ,
264 2740 300 2774 in
317 2739 449 2785 gaudio
466 2751 497 2775 w
628 2741 754 2775 uixisti
775 2742 880 2787 qu,
909 2741 1060 2777 iunxisti
1078 2754 1101 2786 μ
1234 2751 1325 2775 nunc
1349 2739 1463 2784 rnodo]
1493 2749 1585 2774 nunc
1602 2750 1634 2780 v,

130 2806 252 2831 uerum
269 2797 370 2832 modo
388 2808 419 2832 w
536 2797 581 2833 15
596 2797 814 2843 martyribus
836 2799 868 2834 T
982 2797 1202 2843 deputandos
1219 2808 1282 2843 ‹pw
1391 2796 1540 2832 uoluisti
1553 2799 1636 2841 post

130 2863 282 2897 grauate
299 2868 322 2900 q
332 2866 362 2889 u·
