1838 3152
134 238 219 279 654
670 231 864 267 Caecilii
890 231 1103 275 Cypriani

135 339 277 380 fitetur
313 338 354 379 in
390 337 536 378 nobis?
578 338 676 379 tunc
713 337 859 378 deinde
895 337 929 378 si
966 335 1123 377 relictis
1164 335 1353 376 omnibus
1395 335 1517 376 rebus
1554 335 1641 376 suis

136 407 291 461 fugerit
320 407 360 447 et
382 406 425 446 in
446 405 619 447 latebris
650 405 781 458 adque
803 405 845 447 in
868 405 1090 447 solitudine
1120 404 1369 446 constitutus
1397 403 1441 444 in
1461 403 1641 444 latrones

136 475 241 516 forte
272 474 492 515 incurrerit
522 475 657 516 autin
679 474 863 516 febribus
887 475 928 515 et
949 474 992 515 in
1014 475 1212 527 languore
1245 472 1476 526 decesserit,
1511 486 1641 515 nonne

135 543 251 585 nobis
284 543 544 595 inputabitur
575 543 682 596 quod
713 545 799 585 tam
834 543 962 584 bonus
993 543 1127 592 miles,
1159 542 1228 595 qui
1258 542 1396 584 omnia
1425 554 1498 583 sua
1527 541 1643 583 dere-

135 612 261 665 liquit
279 613 319 653 et
336 613 571 665 contempta
588 612 707 654 domo
725 613 765 653 et
782 611 1021 665 parentibus
1039 613 1112 653 aut
1131 611 1272 653 liberis
1290 610 1405 663 sequi
1427 610 1640 652 dominum
1656 623 1670 647 5

137 694 258 722 suum
289 681 452 730 maluit,
482 681 569 722 sine
599 692 696 733 pace
718 682 759 721 et
781 680 869 721 sine
891 680 1261 721 communicatione
1284 679 1470 721 decedit?
1509 692 1640 720 nonne

135 749 252 790 nobis
283 750 350 791 uel
380 749 643 804 neglegentia
672 749 809 803 segnis
841 749 908 789 uel
938 748 1094 790 duritia
1123 748 1302 790 crudelis
1323 747 1580 789 adscribetur
1600 748 1644 789 in

135 818 202 860 die
232 819 376 860 iudicii
408 818 517 872 quod
547 819 729 871 pastores
761 818 938 860 creditas
961 818 1001 859 et
1021 818 1262 859 commissas
1296 817 1412 859 nobis
1445 829 1540 858 oues
1573 828 1646 858 nec

136 899 276 929 curare
297 888 340 928 in
361 900 460 941 pace
489 900 562 928 nec
584 887 627 928 in
649 887 736 928 acie
763 886 1018 928 uoluerimus
1055 889 1242 928 armare?
1276 897 1406 927 nonne
1437 885 1647 940 ingeretur

135 956 252 998 nobis
274 969 297 997 a
318 956 493 997 Domino
516 956 623 1008 quod
645 968 716 1008 per
737 955 980 1009 prophetam
1002 968 1123 997 suum
1146 955 1300 996 clamat
1323 955 1363 996 et
1386 954 1507 996 dicit:
1532 966 1643 995 ecce
1661 971 1693 994 ιο

137 1025 215 1066 lac
247 1025 555 1066 consumitis
580 1025 785 1066 etlanis
817 1036 905 1066 uos
936 1024 1148 1078 tegitis,
1181 1025 1229 1066 et
1260 1024 1389 1076 quod
1420 1035 1649 1064 crassum

138 1095 215 1135 est
264 1094 609 1144 interficitis,
662 1095 712 1135 ct
758 1107 878 1135 oues
909 1106 1043 1135 meas
1089 1105 1183 1134 non
1228 1092 1471 1145 pascitis,
1518 1092 1649 1144 quod

136 1162 469 1204 infirmatum
527 1165 606 1205 est
659 1176 753 1205 non
812 1162 1180 1212 confortastis,
1233 1162 1281 1202 et
1332 1161 1463 1214 quod
1520 1161 1650 1203 male

137 1231 325 1273 habuit
371 1244 465 1273 11611
511 1232 925 1281 conroborastis‚
974 1232 1022 1273 et
1063 1232 1191 1284 quod
1236 1230 1650 1272 contribulatum

139 1302 219 1342 est
259 1314 355 1343 non
397 1302 658 1343 consolati
701 1301 851 1351 65115,
897 1302 945 1342 61
975 1300 1106 1353 quod
1148 1300 1353 1341 errabat
1383 1311 1479 1340 non
1509 1311 1696 1341 reu0-15

140 1371 321 1419 castis,
363 1372 411 1411 et
442 1370 574 1423 quod
612 1370 747 1423 perit
786 1382 882 1411 non
911 1369 1236 1422 inquisistis,
1269 1370 1318 1410 et
1349 1368 1483 1421 quod
1515 1367 1649 1410 forte

140 1438 245 1479 fuit
267 1438 580 1480 confecistis
601 1439 798 1489 labore,
831 1440 879 1480 et
902 1439 1168 1491 dispersae
1199 1438 1319 1479 sunt
1350 1449 1468 1479 oues
1490 1450 1648 1488 meae,

139 1520 192 1548 66
225 1508 357 1560 quod
398 1520 493 1549 non
535 1509 641 1550 sint
681 1509 940 1562 pastores,
983 1509 1030 1549 et
1069 1507 1214 1548 facta
1255 1508 1373 1548 sunt
1415 1508 1465 1547 111
1497 1519 1650 1549 661116-

140 1578 284 1618 stura
330 1578 565 1619 omnibus
609 1578 799 1619 bestiis
841 1578 973 1632 agri,
1022 1579 1069 1618 et
1099 1589 1192 1618 non
1231 1576 1336 1618 fuit
1367 1576 1450 1629 qui
1483 1577 1649 1629 inqui-

140 1647 279 1686 reret
337 1659 494 1699 neque
545 1647 630 1699 qui
680 1647 961 1688 reuocaret.
1019 1648 1292 1699 propterea
1341 1646 1464 1688 haec
1517 1645 1697 1686 dicit20

140 1714 409 1756 Dominus:
470 1727 585 1756 ecce
645 1727 733 1769 ego
792 1728 942 1768 super
1000 1716 1237 1768 pastores
1294 1716 1343 1756 et
1394 1715 1652 1767 inquiram

282 1886 326 1919 10
351 1885 409 1918 ΕΖ.
436 1885 490 1925 34,
517 1885 618 1919 3—(3.
646 1885 697 1919 10.
726 1886 778 1919 16.

215 2046 233 2079 1
252 2046 289 2079 111
307 2056 372 2080 om.
397 2049 424 2077 ('
560 2048 639 2081 tum
657 2048 714 2082 Rc
855 2047 886 2081 si
904 2058 969 2081 om.
990 2048 1025 2081 P
1163 2047 1267 2081 rebus
1286 2047 1359 2081 suis
1377 2057 1442 2081 om.
1467 2048 1529 2089 (ης
1549 2047 1653 2080 rebus

141 2114 206 2138 om.
227 2103 263 2138 R
380 2105 401 2138 2
419 2105 515 2148 fugit
533 2105 576 2145 P,
602 2105 766 2149 suggerit
787 2107 827 2139 0¹
934 2105 1044 2148 prim
1062 2104 1100 2139 in
1118 2116 1182 2138 om.
1202 2105 1248 2138 M
1265 2105 1359 2148 (each.
1384 2104 1429 2148 Q)
1540 2104 1652 2148 adque

144 2171 188 2195 ew
206 2161 250 2195 ad
268 2152 351 2197 dinvn
375 2165 403 2194 (s
493 2162 734 2196 sollicitudine
757 2164 798 2196 (Ἴ
894 2162 1111 2196 constitutos
1134 2162 1163 2206 Q
1263 2163 1285 2196 3
1303 2163 1350 2206 61]
1371 2164 1433 2195 aut
1455 2165 1483 2192 (f
1573 2163 1649 2195 lan-

143 2231 226 2265 gore
241 2221 276 2255 R
354 2221 375 2254 5
393 2222 428 2254 et
445 2221 491 2264 p.]
511 2221 573 2254 aut
591 2231 625 2264 p.
643 2223 673 2253 (f
739 2220 814 2265 aut]
834 2231 873 2254 ac
888 2232 917 2261 v,
937 2221 973 2253 et
994 2219 1040 2264 (3²
1059 2222 1136 2263 (aut
1150 2219 1263 2264 Mqr)
1337 2220 1438 2263 sequi
1455 2219 1654 2263 dominum]

145 2279 176 2311 si
202 2277 287 2321 quid
316 2278 472 2311 omnium
496 2280 524 2307 Γ
660 2278 680 2312 6
705 2280 740 2311 et
765 2289 830 2311 om.
850 2278 884 2311 L
1023 2277 1162 2311 decedit
1188 2278 1227 2311 rin
1252 2277 1405 2311 discedit
1434 2288 1527 2311 carr.
1550 2280 1584 2317 C,
1613 2278 1656 2311 in

145 2335 279 2369 decidit
293 2336 341 2369 M
346 2335 374 2379 Q
468 2335 592 2379 nonne]
615 2346 683 2369 non
703 2335 733 2379 Q
827 2335 846 2369 7
862 2336 963 2379 segni
982 2334 1011 2379 Q
1104 2335 1258 2368 duritiae
1281 2334 1310 2379 Q
1403 2334 1560 2368 crudeles
1576 2335 1611 2368 P

145 2393 362 2427 adscribitur
380 2396 421 2424 Ν
516 2394 537 2426 8
556 2404 638 2426 oues
655 2404 720 2427 om.
741 2395 770 2423 (¹
858 2393 879 2427 9
898 2404 1018 2427 curare
1037 2393 1087 2437 in]
1107 2394 1287 2426 reuocaret
1304 2392 1348 2426 ad
1366 2394 1395 2426 ζ’
1407 2392 1469 2426 secl
1487 2391 1531 2425 ad
1548 2402 1573 2426 S.
1588 2392 1609 2426 Z.

146 2451 181 2484 in
208 2451 295 2495 acie]
327 2450 371 2484 ad
397 2452 507 2485 aciem
530 2453 560 2484 C
680 2450 716 2484 id
743 2452 887 2494 geretur
911 2451 957 2491 R,
986 2450 1023 2484 id
1047 2452 1187 2493 gereret
1217 2442 1275 2480 (η’
1386 2449 1429 2483 10
1453 2461 1473 2483 a
1490 2449 1592 2483 nobis
1611 2449 1659 2483 M

147 2508 263 2551 (nobis
287 2508 340 2554 Q),
360 2520 424 2542 om.
449 2514 465 2542 ί,
481 2509 528 2543 ¹R
634 2508 726 2552 quod
743 2519 835 2542 corr.
856 2509 894 2542 in
913 2508 974 2552 qui
996 2510 1025 2541 C
1122 2508 1211 2552 ecce]
1233 2509 1268 2541 et
1292 2509 1320 2541 0
1422 2507 1463 2540 11
1482 2507 1574 2540 lanis
1593 2517 1654 2540 uos

145 2566 272 2609 tegitis
291 2577 356 2600 om.
376 2566 412 2600 R
544 2576 708 2610 grassum
733 2566 778 2610 ρ’
797 2573 968 2609 (crassum
986 2566 1035 2598 M
1038 2565 1110 2609 (ῥῖ),
1130 2576 1290 2609 gressum
1311 2566 1351 2598 C¹
1487 2565 1528 2598 12
1546 2565 1655 2597 inter-

146 2623 267 2667 ficitis]
295 2623 470 2667 iugulatis
503 2623 566 2658 CR
705 2624 747 2657 13
772 2622 983 2657 confortasti
1001 2623 1047 2662 L,
1077 2623 1286 2656 confortatis
1308 2623 1337 2656 O
1474 2622 1517 2655 15
1540 2632 1602 2655 no*
1621 2621 1655 2656 R

146 2682 178 2723 (s
197 2683 302 2723 cras.)
398 2681 589 2714 consolasti
607 2680 695 2714 estis
711 2681 771 2721 L¹‚
791 2680 1003 2714 consolidati
1023 2680 1062 2721 V,
1082 2679 1329 2713 consolidastis
1351 2681 1464 2714 Oxou.
1560 2689 1655 2712 erra-

145 2737 209 2771 bat
227 2750 258 2772 n.
278 2749 304 2772 r.
325 2740 360 2771 et
378 2738 469 2781 quod
487 2750 551 2772 om.
570 2739 605 2774 R
699 2739 741 2772 16
759 2738 850 2782 quod
868 2750 931 2772 om.
958 2740 1000 2771 (¹¹
1094 2738 1203 2781 periit
1224 2739 1271 2771 Oc
1366 2738 1407 2770 17
1427 2738 1462 2771 61
1480 2747 1543 2771 om.
1568 2739 1608 2769 (Ἰ

149 2795 329 2838 disparsae
356 2796 390 2830 R
531 2796 617 2840 sint]
651 2798 733 2829 sunt
768 2797 815 2829 Cv
964 2796 1006 2830 18
1032 2797 1265 2829 comesturam
1291 2806 1322 2836 1,
1355 2794 1580 2838 praedatione
1607 2793 1652 2835 R,

146 2851 398 2895 depredatione
425 2864 468 2887 exc
493 2853 777 2897 depredicatione
798 2854 826 2890 G
966 2854 1009 2887 21
1029 2855 1205 2897 requiram
1223 2864 1243 2887 z·
