<?xml version="1.0" encoding="UTF-8"?>
<!DOCTYPE html PUBLIC "-//W3C//DTD XHTML 1.0 Transitional//EN"
    "http://www.w3.org/TR/xhtml1/DTD/xhtml1-transitional.dtd">
<html xmlns="http://www.w3.org/1999/xhtml" xml:lang="en" lang="en">
 <head>
  <title>
</title>
<meta http-equiv="Content-Type" content="text/html;charset=utf-8" />
  <meta name='ocr-system' content='tesseract 3.04.00' />
  <meta name='ocr-capabilities' content='ocr_page ocr_carea ocr_par ocr_line ocrx_word'/>
</head>
<body>
  <div class='ocr_page' id='page_1' title='image "./corpusscriptor203cypruoft_0738.png"; bbox 0 0 1838 3152; ppageno 0'>
   <div class='ocr_carea' id='block_1_1' title="bbox 174 233 1146 280">
    <p class='ocr_par' dir='ltr' id='par_1_1' title="bbox 174 233 1146 280">
     <span class='ocr_line' id='line_1_1' title="bbox 174 233 1146 280; baseline -0.013 0"><span class='ocrx_word' id='word_1_1' title='bbox 174 238 257 280; x_wconf 77' lang='grc'>724</span> <span class='ocrx_word' id='word_1_2' title='bbox 703 234 899 270; x_wconf 78' lang='lat' dir='ltr'>Caecilii</span> <span class='ocrx_word' id='word_1_3' title='bbox 932 233 1146 278; x_wconf 85' lang='lat' dir='ltr'>Cypriani</span> 
     </span>
    </p>
   </div>
   <div class='ocr_carea' id='block_1_2' title="bbox 135 338 1735 1769">
    <p class='ocr_par' dir='ltr' id='par_1_2' title="bbox 170 338 1680 462">
     <span class='ocr_line' id='line_1_2' title="bbox 170 338 1680 394; baseline -0.002 -13"><span class='ocrx_word' id='word_1_4' title='bbox 170 352 361 394; x_wconf 88' lang='lat' dir='ltr'>praeceps</span> <span class='ocrx_word' id='word_1_5' title='bbox 400 341 441 381; x_wconf 91' lang='lat' dir='ltr'>et</span> <span class='ocrx_word' id='word_1_6' title='bbox 480 339 702 392; x_wconf 87' lang='lat' dir='ltr'>abruptum</span> <span class='ocrx_word' id='word_1_7' title='bbox 746 338 966 380; x_wconf 89' lang='lat' dir='ltr'>criminum</span> <span class='ocrx_word' id='word_1_8' title='bbox 1011 349 1178 378; x_wconf 86' lang='lat' dir='ltr'>suorum</span> <span class='ocrx_word' id='word_1_9' title='bbox 1217 339 1335 379; x_wconf 88' lang='lat' dir='ltr'>nocte</span> <span class='ocrx_word' id='word_1_10' title='bbox 1377 338 1507 390; x_wconf 88' lang='lat' dir='ltr'>adque</span> <span class='ocrx_word' id='word_1_11' title='bbox 1548 350 1680 379; x_wconf 85' lang='lat' dir='ltr'>errore</span> 
     </span>
     <span class='ocr_line' id='line_1_3' title="bbox 172 409 401 462; baseline 0 -13"><span class='ocrx_word' id='word_1_12' title='bbox 172 409 401 462; x_wconf 72' lang='lat' dir='ltr'>rapiantur.</span> 
     </span>
    </p>

    <p class='ocr_par' dir='ltr' id='par_1_3' title="bbox 135 474 1735 1492">
     <span class='ocr_line' id='line_1_4' title="bbox 135 474 1681 528; baseline -0.001 -10"><span class='ocrx_word' id='word_1_13' title='bbox 135 479 159 519; x_wconf 79' lang='lat'><strong>3</strong></span> <span class='ocrx_word' id='word_1_14' title='bbox 230 477 316 518; x_wconf 88' lang='lat' dir='ltr'>Nec</span> <span class='ocrx_word' id='word_1_15' title='bbox 345 476 499 518; x_wconf 85' lang='lat' dir='ltr'>mirum</span> <span class='ocrx_word' id='word_1_16' title='bbox 522 476 557 517; x_wconf 91' lang='lat' dir='ltr'>si</span> <span class='ocrx_word' id='word_1_17' title='bbox 581 475 752 517; x_wconf 89' lang='lat' dir='ltr'>consilia</span> <span class='ocrx_word' id='word_1_18' title='bbox 779 475 917 516; x_wconf 91' lang='lat' dir='ltr'>nostra</span> <span class='ocrx_word' id='word_1_19' title='bbox 947 475 1019 516; x_wconf 88' lang='lat' dir='ltr'>aut</span> <span class='ocrx_word' id='word_1_20' title='bbox 1039 474 1208 516; x_wconf 82' lang='lat' dir='ltr'>Domini</span> <span class='ocrx_word' id='word_1_21' title='bbox 1235 476 1450 528; x_wconf 89' lang='lat' dir='ltr'>praecepta</span> <span class='ocrx_word' id='word_1_22' title='bbox 1480 489 1586 517; x_wconf 89' lang='lat' dir='ltr'>nunc</span> <span class='ocrx_word' id='word_1_23' title='bbox 1608 476 1681 517; x_wconf 89' lang='lat' dir='ltr'>ab-</span> 
     </span>
     <span class='ocr_line' id='line_1_5' title="bbox 173 544 1682 598; baseline 0.001 -12"><span class='ocrx_word' id='word_1_24' title='bbox 173 547 308 587; x_wconf 90' lang='lat' dir='ltr'>nuunt</span> <span class='ocrx_word' id='word_1_25' title='bbox 344 545 414 598; x_wconf 89' lang='lat' dir='ltr'>qui</span> <span class='ocrx_word' id='word_1_26' title='bbox 436 545 662 587; x_wconf 90' lang='lat' dir='ltr'>Dominum</span> <span class='ocrx_word' id='word_1_27' title='bbox 697 545 963 598; x_wconf 84' lang='lat' dir='ltr'>negauerunt.</span> <span class='ocrx_word' id='word_1_28' title='bbox 1002 544 1129 597; x_wconf 87' lang='lat' dir='ltr'>stipes</span> <span class='ocrx_word' id='word_1_29' title='bbox 1163 545 1204 586; x_wconf 91' lang='lat' dir='ltr'>et</span> <span class='ocrx_word' id='word_1_30' title='bbox 1237 545 1464 587; x_wconf 90' lang='lat' dir='ltr'>oblationes</span> <span class='ocrx_word' id='word_1_31' title='bbox 1499 547 1539 587; x_wconf 92' lang='lat' dir='ltr'>et</span> <span class='ocrx_word' id='word_1_32' title='bbox 1568 546 1682 587; x_wconf 86' lang='lat' dir='ltr'>lucra</span> 
     </span>
     <span class='ocr_line' id='line_1_6' title="bbox 175 612 1710 666; baseline -0.001 -11"><span class='ocrx_word' id='word_1_33' title='bbox 175 613 422 664; x_wconf 86' lang='lat' dir='ltr'>desiderant,</span> <span class='ocrx_word' id='word_1_34' title='bbox 455 614 603 666; x_wconf 88' lang='lat' dir='ltr'>quibus</span> <span class='ocrx_word' id='word_1_35' title='bbox 631 613 745 666; x_wconf 90' lang='lat' dir='ltr'>prius</span> <span class='ocrx_word' id='word_1_36' title='bbox 774 612 1030 654; x_wconf 68' lang='lat' dir='ltr'>insatiabiles</span> <span class='ocrx_word' id='word_1_37' title='bbox 1058 613 1323 663; x_wconf 70' lang='lat' dir='ltr'>incubabant,</span> <span class='ocrx_word' id='word_1_38' title='bbox 1355 614 1395 655; x_wconf 87' lang='lat' dir='ltr'>et</span> <span class='ocrx_word' id='word_1_39' title='bbox 1416 614 1524 655; x_wconf 90' lang='lat' dir='ltr'>cenis</span> <span class='ocrx_word' id='word_1_40' title='bbox 1549 614 1710 666; x_wconf 72' lang='lat' dir='ltr'>adques</span> 
     </span>
     <span class='ocr_line' id='line_1_7' title="bbox 175 681 1682 735; baseline 0 -12"><span class='ocrx_word' id='word_1_41' title='bbox 175 682 306 735; x_wconf 89' lang='lat' dir='ltr'>epulis</span> <span class='ocrx_word' id='word_1_42' title='bbox 337 683 462 723; x_wconf 87' lang='lat' dir='ltr'>etiam</span> <span class='ocrx_word' id='word_1_43' title='bbox 490 695 597 724; x_wconf 87' lang='lat' dir='ltr'>nunc</span> <span class='ocrx_word' id='word_1_44' title='bbox 625 682 799 735; x_wconf 84' lang='lat' dir='ltr'>inhiant,</span> <span class='ocrx_word' id='word_1_45' title='bbox 829 693 1003 734; x_wconf 86' lang='lat' dir='ltr'>quarum</span> <span class='ocrx_word' id='word_1_46' title='bbox 1032 681 1242 735; x_wconf 81' lang='lat' dir='ltr'>crapulam</span> <span class='ocrx_word' id='word_1_47' title='bbox 1269 694 1398 734; x_wconf 89' lang='lat' dir='ltr'>nuper</span> <span class='ocrx_word' id='word_1_48' title='bbox 1419 683 1682 735; x_wconf 67' lang='lat' dir='ltr'>superstitem</span> 
     </span>
     <span class='ocr_line' id='line_1_8' title="bbox 173 749 1683 803; baseline 0 -11"><span class='ocrx_word' id='word_1_49' title='bbox 173 751 217 792; x_wconf 90' lang='lat' dir='ltr'>in</span> <span class='ocrx_word' id='word_1_50' title='bbox 247 751 332 793; x_wconf 86' lang='lat' dir='ltr'>dies</span> <span class='ocrx_word' id='word_1_51' title='bbox 365 751 569 792; x_wconf 86' lang='lat' dir='ltr'>cruditate</span> <span class='ocrx_word' id='word_1_52' title='bbox 606 749 835 800; x_wconf 81' lang='lat' dir='ltr'>ructabant,</span> <span class='ocrx_word' id='word_1_53' title='bbox 874 762 982 791; x_wconf 89' lang='lat' dir='ltr'>nunc</span> <span class='ocrx_word' id='word_1_54' title='bbox 1018 749 1357 792; x_wconf 77' lang='lat' dir='ltr'>manifestissime</span> <span class='ocrx_word' id='word_1_55' title='bbox 1389 751 1683 803; x_wconf 88' lang='lat' dir='ltr'>conprobantes</span> 
     </span>
     <span class='ocr_line' id='line_1_9' title="bbox 175 818 1683 873; baseline -0.001 -12"><span class='ocrx_word' id='word_1_56' title='bbox 175 832 247 861; x_wconf 90' lang='lat' dir='ltr'>nec</span> <span class='ocrx_word' id='word_1_57' title='bbox 269 821 364 861; x_wconf 89' lang='lat' dir='ltr'>ante</span> <span class='ocrx_word' id='word_1_58' title='bbox 381 831 422 861; x_wconf 89' lang='lat' dir='ltr'>se</span> <span class='ocrx_word' id='word_1_59' title='bbox 438 818 642 873; x_wconf 81' lang='lat' dir='ltr'>religioni,</span> <span class='ocrx_word' id='word_1_60' title='bbox 666 818 737 860; x_wconf 88' lang='lat' dir='ltr'>sed</span> <span class='ocrx_word' id='word_1_61' title='bbox 757 818 892 859; x_wconf 90' lang='lat' dir='ltr'>uentri</span> <span class='ocrx_word' id='word_1_62' title='bbox 914 818 1052 870; x_wconf 90' lang='lat' dir='ltr'>potius</span> <span class='ocrx_word' id='word_1_63' title='bbox 1069 819 1109 859; x_wconf 93' lang='lat' dir='ltr'>et</span> <span class='ocrx_word' id='word_1_64' title='bbox 1126 819 1313 871; x_wconf 89' lang='lat' dir='ltr'>quaestui</span> <span class='ocrx_word' id='word_1_65' title='bbox 1334 819 1502 872; x_wconf 88' lang='lat' dir='ltr'>profana</span> <span class='ocrx_word' id='word_1_66' title='bbox 1524 819 1683 872; x_wconf 89' lang='lat' dir='ltr'>cupidi-</span> 
     </span>
     <span class='ocr_line' id='line_1_10' title="bbox 175 887 1683 941; baseline 0.001 -12"><span class='ocrx_word' id='word_1_67' title='bbox 175 889 262 930; x_wconf 86' lang='lat' dir='ltr'>tate</span> <span class='ocrx_word' id='word_1_68' title='bbox 290 889 478 929; x_wconf 90' lang='lat' dir='ltr'>seruisse.</span> <span class='ocrx_word' id='word_1_69' title='bbox 510 888 616 929; x_wconf 88' lang='lat' dir='ltr'>unde</span> <span class='ocrx_word' id='word_1_70' title='bbox 638 888 679 929; x_wconf 90' lang='lat' dir='ltr'>et</span> <span class='ocrx_word' id='word_1_71' title='bbox 699 888 833 941; x_wconf 88' lang='lat' dir='ltr'>ipsam</span> <span class='ocrx_word' id='word_1_72' title='bbox 865 887 1025 928; x_wconf 90' lang='lat' dir='ltr'>uenisse</span> <span class='ocrx_word' id='word_1_73' title='bbox 1052 887 1324 941; x_wconf 76' lang='lat' dir='ltr'>perspicimus</span> <span class='ocrx_word' id='word_1_74' title='bbox 1347 889 1388 929; x_wconf 91' lang='lat' dir='ltr'>et</span> <span class='ocrx_word' id='word_1_75' title='bbox 1409 889 1612 930; x_wconf 87' lang='lat' dir='ltr'>credimus</span> <span class='ocrx_word' id='word_1_76' title='bbox 1634 889 1683 930; x_wconf 87' lang='lat' dir='ltr'>de</span> 
     </span>
     <span class='ocr_line' id='line_1_11' title="bbox 177 956 1735 1010; baseline -0.002 -12"><span class='ocrx_word' id='word_1_77' title='bbox 177 957 253 998; x_wconf 89' lang='lat' dir='ltr'>Dei</span> <span class='ocrx_word' id='word_1_78' title='bbox 290 956 564 1010; x_wconf 85' lang='lat' dir='ltr'>exploratione</span> <span class='ocrx_word' id='word_1_79' title='bbox 600 968 825 1010; x_wconf 81' lang='lat' dir='ltr'>censuram,</span> <span class='ocrx_word' id='word_1_80' title='bbox 867 969 916 997; x_wconf 89' lang='lat' dir='ltr'>ne</span> <span class='ocrx_word' id='word_1_81' title='bbox 937 956 1046 1010; x_wconf 89' lang='lat' dir='ltr'>apud</span> <span class='ocrx_word' id='word_1_82' title='bbox 1083 957 1215 998; x_wconf 87' lang='lat' dir='ltr'>altare</span> <span class='ocrx_word' id='word_1_83' title='bbox 1252 957 1472 998; x_wconf 87' lang='lat' dir='ltr'>consistere</span> <span class='ocrx_word' id='word_1_84' title='bbox 1510 958 1550 998; x_wconf 92' lang='lat' dir='ltr'>et</span> <span class='ocrx_word' id='word_1_85' title='bbox 1586 969 1735 999; x_wconf 81' lang='lat' dir='ltr'>con-10—</span> 
     </span>
     <span class='ocr_line' id='line_1_12' title="bbox 176 1025 1683 1079; baseline -0.001 -12"><span class='ocrx_word' id='word_1_86' title='bbox 176 1027 354 1067; x_wconf 88' lang='lat' dir='ltr'>tractare</span> <span class='ocrx_word' id='word_1_87' title='bbox 389 1026 564 1066; x_wconf 89' lang='lat' dir='ltr'>ulterius</span> <span class='ocrx_word' id='word_1_88' title='bbox 600 1025 909 1079; x_wconf 89' lang='lat' dir='ltr'>perseuerarent</span> <span class='ocrx_word' id='word_1_89' title='bbox 943 1025 1142 1077; x_wconf 88' lang='lat' dir='ltr'>pudorem</span> <span class='ocrx_word' id='word_1_90' title='bbox 1172 1025 1331 1076; x_wconf 88' lang='lat' dir='ltr'>incesti,</span> <span class='ocrx_word' id='word_1_91' title='bbox 1369 1025 1492 1067; x_wconf 87' lang='lat' dir='ltr'>fidem</span> <span class='ocrx_word' id='word_1_92' title='bbox 1525 1025 1683 1079; x_wconf 90' lang='lat' dir='ltr'>perfidi,</span> 
     </span>
     <span class='ocr_line' id='line_1_13' title="bbox 177 1094 1683 1150; baseline 0 -14"><span class='ocrx_word' id='word_1_93' title='bbox 177 1094 419 1150; x_wconf 80' lang='lat' dir='ltr'>religionem</span> <span class='ocrx_word' id='word_1_94' title='bbox 440 1094 613 1147; x_wconf 86' lang='lat' dir='ltr'>profani,</span> <span class='ocrx_word' id='word_1_95' title='bbox 637 1094 779 1135; x_wconf 89' lang='lat' dir='ltr'>diuina</span> <span class='ocrx_word' id='word_1_96' title='bbox 799 1094 967 1145; x_wconf 88' lang='lat' dir='ltr'>terreni,</span> <span class='ocrx_word' id='word_1_97' title='bbox 990 1095 1131 1136; x_wconf 84' lang='lat' dir='ltr'>sancta</span> <span class='ocrx_word' id='word_1_98' title='bbox 1153 1094 1355 1148; x_wconf 80' lang='lat' dir='ltr'>sacrilegi.</span> <span class='ocrx_word' id='word_1_99' title='bbox 1380 1095 1487 1147; x_wconf 89' lang='lat' dir='ltr'>quod</span> <span class='ocrx_word' id='word_1_100' title='bbox 1507 1108 1557 1136; x_wconf 88' lang='lat' dir='ltr'>ne</span> <span class='ocrx_word' id='word_1_101' title='bbox 1579 1094 1683 1136; x_wconf 91' lang='lat' dir='ltr'>tales</span> 
     </span>
     <span class='ocr_line' id='line_1_14' title="bbox 178 1162 1682 1217; baseline 0 -13"><span class='ocrx_word' id='word_1_102' title='bbox 178 1164 229 1204; x_wconf 87' lang='lat' dir='ltr'>ad</span> <span class='ocrx_word' id='word_1_103' title='bbox 250 1162 395 1205; x_wconf 90' lang='lat' dir='ltr'>altaris</span> <span class='ocrx_word' id='word_1_104' title='bbox 416 1163 671 1215; x_wconf 87' lang='lat' dir='ltr'>inpiamenta</span> <span class='ocrx_word' id='word_1_105' title='bbox 687 1163 728 1204; x_wconf 92' lang='lat' dir='ltr'>et</span> <span class='ocrx_word' id='word_1_106' title='bbox 745 1163 933 1217; x_wconf 86' lang='lat' dir='ltr'>contagia</span> <span class='ocrx_word' id='word_1_107' title='bbox 953 1163 1130 1205; x_wconf 84' lang='lat' dir='ltr'>fratrum</span> <span class='ocrx_word' id='word_1_108' title='bbox 1151 1163 1281 1204; x_wconf 88' lang='lat' dir='ltr'>denuo</span> <span class='ocrx_word' id='word_1_109' title='bbox 1302 1163 1471 1204; x_wconf 87' lang='lat' dir='ltr'>redeant</span> <span class='ocrx_word' id='word_1_110' title='bbox 1492 1164 1682 1205; x_wconf 88' lang='lat' dir='ltr'>omnibus</span> 
     </span>
     <span class='ocr_line' id='line_1_15' title="bbox 178 1231 1685 1286; baseline -0.001 -13"><span class='ocrx_word' id='word_1_111' title='bbox 178 1232 336 1273; x_wconf 86' lang='lat' dir='ltr'>uiribus</span> <span class='ocrx_word' id='word_1_112' title='bbox 358 1232 640 1273; x_wconf 78' lang='lat' dir='ltr'>excubandum</span> <span class='ocrx_word' id='word_1_113' title='bbox 663 1232 738 1282; x_wconf 90' lang='lat' dir='ltr'>est,</span> <span class='ocrx_word' id='word_1_114' title='bbox 769 1231 880 1272; x_wconf 88' lang='lat' dir='ltr'>omni</span> <span class='ocrx_word' id='word_1_115' title='bbox 901 1231 1043 1286; x_wconf 85' lang='lat' dir='ltr'>uigore</span> <span class='ocrx_word' id='word_1_116' title='bbox 1064 1231 1280 1273; x_wconf 87' lang='lat' dir='ltr'>nitendum</span> <span class='ocrx_word' id='word_1_117' title='bbox 1302 1233 1349 1272; x_wconf 91' lang='lat' dir='ltr'>ut</span> <span class='ocrx_word' id='word_1_118' title='bbox 1371 1233 1571 1284; x_wconf 89' lang='lat' dir='ltr'>quantum</span> <span class='ocrx_word' id='word_1_119' title='bbox 1591 1243 1685 1285; x_wconf 92' lang='lat' dir='ltr'>pos-</span> 
     </span>
     <span class='ocr_line' id='line_1_16' title="bbox 179 1300 1732 1351; baseline -0.002 -8"><span class='ocrx_word' id='word_1_120' title='bbox 179 1314 321 1343; x_wconf 90' lang='lat' dir='ltr'>sumus</span> <span class='ocrx_word' id='word_1_121' title='bbox 353 1302 402 1343; x_wconf 92' lang='lat' dir='ltr'>ab</span> <span class='ocrx_word' id='word_1_122' title='bbox 434 1302 511 1343; x_wconf 86' lang='lat' dir='ltr'>hac</span> <span class='ocrx_word' id='word_1_123' title='bbox 550 1313 616 1342; x_wconf 88' lang='lat' dir='ltr'>eos</span> <span class='ocrx_word' id='word_1_124' title='bbox 655 1301 718 1343; x_wconf 88' lang='lat' dir='ltr'>sui</span> <span class='ocrx_word' id='word_1_125' title='bbox 754 1301 919 1343; x_wconf 87' lang='lat' dir='ltr'>sceleris</span> <span class='ocrx_word' id='word_1_126' title='bbox 956 1301 1128 1342; x_wconf 89' lang='lat' dir='ltr'>audacia</span> <span class='ocrx_word' id='word_1_127' title='bbox 1149 1300 1431 1351; x_wconf 87' lang='lat' dir='ltr'>retundamus,</span> <span class='ocrx_word' id='word_1_128' title='bbox 1469 1313 1518 1342; x_wconf 91' lang='lat' dir='ltr'>ne</span> <span class='ocrx_word' id='word_1_129' title='bbox 1554 1300 1685 1342; x_wconf 85' lang='lat' dir='ltr'>adhuc</span> <span class='ocrx_word' id='word_1_130' title='bbox 1700 1315 1732 1339; x_wconf 89' lang='lat'>15</span> 
     </span>
     <span class='ocr_line' id='line_1_17' title="bbox 179 1369 1686 1425; baseline -0.001 -13"><span class='ocrx_word' id='word_1_131' title='bbox 179 1384 298 1425; x_wconf 85' lang='lat' dir='ltr'>agere</span> <span class='ocrx_word' id='word_1_132' title='bbox 326 1382 398 1423; x_wconf 91' lang='lat' dir='ltr'>pro</span> <span class='ocrx_word' id='word_1_133' title='bbox 420 1370 628 1412; x_wconf 86' lang='lat' dir='ltr'>sacerdote</span> <span class='ocrx_word' id='word_1_134' title='bbox 650 1370 846 1411; x_wconf 89' lang='lat' dir='ltr'>conentur</span> <span class='ocrx_word' id='word_1_135' title='bbox 867 1369 938 1423; x_wconf 90' lang='lat' dir='ltr'>qui</span> <span class='ocrx_word' id='word_1_136' title='bbox 959 1370 1010 1411; x_wconf 86' lang='lat' dir='ltr'>ad</span> <span class='ocrx_word' id='word_1_137' title='bbox 1031 1370 1176 1411; x_wconf 88' lang='lat' dir='ltr'>mortis</span> <span class='ocrx_word' id='word_1_138' title='bbox 1199 1370 1382 1412; x_wconf 84' lang='lat' dir='ltr'>extrema</span> <span class='ocrx_word' id='word_1_139' title='bbox 1405 1369 1553 1411; x_wconf 89' lang='lat' dir='ltr'>deiecti</span> <span class='ocrx_word' id='word_1_140' title='bbox 1575 1369 1686 1411; x_wconf 90' lang='lat' dir='ltr'>ultra</span> 
     </span>
     <span class='ocr_line' id='line_1_18' title="bbox 179 1438 1292 1492; baseline -0.001 -11"><span class='ocrx_word' id='word_1_141' title='bbox 179 1440 314 1492; x_wconf 89' lang='lat' dir='ltr'>lapsos</span> <span class='ocrx_word' id='word_1_142' title='bbox 335 1439 463 1481; x_wconf 89' lang='lat' dir='ltr'>laicos</span> <span class='ocrx_word' id='word_1_143' title='bbox 484 1439 627 1480; x_wconf 89' lang='lat' dir='ltr'>ruinae</span> <span class='ocrx_word' id='word_1_144' title='bbox 649 1438 817 1480; x_wconf 89' lang='lat' dir='ltr'>maioris</span> <span class='ocrx_word' id='word_1_145' title='bbox 838 1439 1014 1492; x_wconf 85' lang='lat' dir='ltr'>pondere</span> <span class='ocrx_word' id='word_1_146' title='bbox 1035 1439 1292 1491; x_wconf 87' lang='lat' dir='ltr'>proruerunt.</span> 
     </span>
    </p>

    <p class='ocr_par' dir='ltr' id='par_1_4' title="bbox 142 1507 1735 1769">
     <span class='ocr_line' id='line_1_19' title="bbox 142 1507 1686 1561; baseline -0.002 -10"><span class='ocrx_word' id='word_1_147' title='bbox 142 1513 165 1552; x_wconf 80' lang='lat'>4</span> <span class='ocrx_word' id='word_1_148' title='bbox 238 1507 280 1550; x_wconf 84' lang='lat' dir='ltr'>Si</span> <span class='ocrx_word' id='word_1_149' title='bbox 301 1521 396 1550; x_wconf 87' lang='lat' dir='ltr'>uero</span> <span class='ocrx_word' id='word_1_150' title='bbox 425 1508 533 1561; x_wconf 82' lang='lat' dir='ltr'>apud</span> <span class='ocrx_word' id='word_1_151' title='bbox 561 1508 725 1549; x_wconf 87' lang='lat' dir='ltr'>insanos</span> <span class='ocrx_word' id='word_1_152' title='bbox 754 1508 867 1549; x_wconf 84' lang='lat' dir='ltr'>furor</span> <span class='ocrx_word' id='word_1_153' title='bbox 895 1507 1139 1549; x_wconf 89' lang='lat' dir='ltr'>insanabilis</span> <span class='ocrx_word' id='word_1_154' title='bbox 1168 1507 1495 1561; x_wconf 86' lang='lat' dir='ltr'>perseuerauerit</span> <span class='ocrx_word' id='word_1_155' title='bbox 1516 1509 1556 1549; x_wconf 92' lang='lat' dir='ltr'>et</span> <span class='ocrx_word' id='word_1_156' title='bbox 1577 1519 1686 1549; x_wconf 86' lang='lat' dir='ltr'>rece-</span> 
     </span>
     <span class='ocr_line' id='line_1_20' title="bbox 180 1577 1685 1631; baseline -0.001 -12"><span class='ocrx_word' id='word_1_157' title='bbox 180 1578 300 1619; x_wconf 89' lang='lat' dir='ltr'>dente</span> <span class='ocrx_word' id='word_1_158' title='bbox 332 1577 481 1631; x_wconf 87' lang='lat' dir='ltr'>spiritu</span> <span class='ocrx_word' id='word_1_159' title='bbox 511 1578 650 1618; x_wconf 89' lang='lat' dir='ltr'>sancto</span> <span class='ocrx_word' id='word_1_160' title='bbox 680 1589 782 1629; x_wconf 90' lang='lat' dir='ltr'>quae</span> <span class='ocrx_word' id='word_1_161' title='bbox 812 1577 944 1630; x_wconf 91' lang='lat' dir='ltr'>coepit</span> <span class='ocrx_word' id='word_1_162' title='bbox 973 1577 1146 1618; x_wconf 87' lang='lat' dir='ltr'>caecitas</span> <span class='ocrx_word' id='word_1_163' title='bbox 1176 1577 1219 1617; x_wconf 90' lang='lat' dir='ltr'>in</span> <span class='ocrx_word' id='word_1_164' title='bbox 1248 1589 1320 1618; x_wconf 89' lang='lat' dir='ltr'>sua</span> <span class='ocrx_word' id='word_1_165' title='bbox 1349 1578 1467 1618; x_wconf 87' lang='lat' dir='ltr'>nocte</span> <span class='ocrx_word' id='word_1_166' title='bbox 1497 1589 1685 1630; x_wconf 87' lang='lat' dir='ltr'>perman-</span> 
     </span>
     <span class='ocr_line' id='line_1_21' title="bbox 172 1644 1735 1699; baseline -0.002 -11"><span class='ocrx_word' id='word_1_167' title='bbox 172 1646 290 1697; x_wconf 90' lang='lat' dir='ltr'>serit,</span> <span class='ocrx_word' id='word_1_168' title='bbox 329 1646 547 1688; x_wconf 89' lang='lat' dir='ltr'>consilium</span> <span class='ocrx_word' id='word_1_169' title='bbox 584 1645 701 1687; x_wconf 91' lang='lat' dir='ltr'>nobis</span> <span class='ocrx_word' id='word_1_170' title='bbox 739 1646 818 1686; x_wconf 89' lang='lat' dir='ltr'>erit</span> <span class='ocrx_word' id='word_1_171' title='bbox 854 1645 1039 1699; x_wconf 87' lang='lat' dir='ltr'>singulos</span> <span class='ocrx_word' id='word_1_172' title='bbox 1076 1644 1222 1686; x_wconf 87' lang='lat' dir='ltr'>fratres</span> <span class='ocrx_word' id='word_1_173' title='bbox 1259 1645 1308 1686; x_wconf 91' lang='lat' dir='ltr'>ab</span> <span class='ocrx_word' id='word_1_174' title='bbox 1345 1658 1485 1687; x_wconf 89' lang='lat' dir='ltr'>eorum</span> <span class='ocrx_word' id='word_1_175' title='bbox 1520 1644 1686 1686; x_wconf 84' lang='lat' dir='ltr'>fallacia</span> <span class='ocrx_word' id='word_1_176' title='bbox 1700 1660 1735 1686; x_wconf 83' lang='lat'>20</span> 
     </span>
     <span class='ocr_line' id='line_1_22' title="bbox 176 1713 1688 1769; baseline -0.001 -13"><span class='ocrx_word' id='word_1_177' title='bbox 176 1727 360 1769; x_wconf 89' lang='lat' dir='ltr'>separare</span> <span class='ocrx_word' id='word_1_178' title='bbox 390 1716 443 1768; x_wconf 91' lang='lat' dir='ltr'>et,</span> <span class='ocrx_word' id='word_1_179' title='bbox 479 1728 529 1756; x_wconf 91' lang='lat' dir='ltr'>ne</span> <span class='ocrx_word' id='word_1_180' title='bbox 558 1715 650 1767; x_wconf 91' lang='lat' dir='ltr'>quis</span> <span class='ocrx_word' id='word_1_181' title='bbox 672 1715 714 1755; x_wconf 90' lang='lat' dir='ltr'>in</span> <span class='ocrx_word' id='word_1_182' title='bbox 736 1714 901 1766; x_wconf 87' lang='lat' dir='ltr'>laqueos</span> <span class='ocrx_word' id='word_1_183' title='bbox 935 1713 1082 1755; x_wconf 87' lang='lat' dir='ltr'>erroris</span> <span class='ocrx_word' id='word_1_184' title='bbox 1115 1714 1312 1764; x_wconf 87' lang='lat' dir='ltr'>incurrat,</span> <span class='ocrx_word' id='word_1_185' title='bbox 1349 1714 1398 1755; x_wconf 91' lang='lat' dir='ltr'>ab</span> <span class='ocrx_word' id='word_1_186' title='bbox 1423 1725 1562 1755; x_wconf 87' lang='lat' dir='ltr'>eorum</span> <span class='ocrx_word' id='word_1_187' title='bbox 1595 1725 1688 1755; x_wconf 91' lang='lat' dir='ltr'>con-</span> 
     </span>
    </p>
   </div>
   <div class='ocr_carea' id='block_1_3' title="bbox 172 1930 1682 2148">
    <p class='ocr_par' dir='ltr' id='par_1_5' title="bbox 172 1930 1682 2148">
     <span class='ocr_line' id='line_1_23' title="bbox 246 1930 1680 1976; baseline -0.001 -11"><span class='ocrx_word' id='word_1_188' title='bbox 246 1932 264 1965; x_wconf 87' lang='lat'>1</span> <span class='ocrx_word' id='word_1_189' title='bbox 282 1931 459 1976; x_wconf 86' lang='lat' dir='ltr'>praeceps]</span> <span class='ocrx_word' id='word_1_190' title='bbox 478 1941 617 1975; x_wconf 83' lang='lat' dir='ltr'>praeces</span> <span class='ocrx_word' id='word_1_191' title='bbox 639 1930 669 1976; x_wconf 99' lang='lat' dir='ltr'><strong><em>Q</em></strong></span> <span class='ocrx_word' id='word_1_192' title='bbox 844 1941 906 1975; x_wconf 87' lang='lat' dir='ltr'>per</span> <span class='ocrx_word' id='word_1_193' title='bbox 924 1931 1115 1976; x_wconf 85' lang='lat' dir='ltr'>abruptum</span> <span class='ocrx_word' id='word_1_194' title='bbox 1133 1942 1163 1972; x_wconf 83' lang='lat' dir='ltr'>v,</span> <span class='ocrx_word' id='word_1_195' title='bbox 1184 1931 1334 1975; x_wconf 86' lang='lat' dir='ltr'>abrupto</span> <span class='ocrx_word' id='word_1_196' title='bbox 1354 1931 1389 1965; x_wconf 87' lang='lat' dir='ltr'><strong><em>P</em></strong></span> <span class='ocrx_word' id='word_1_197' title='bbox 1566 1930 1680 1975; x_wconf 87' lang='lat' dir='ltr'>nocte]</span> 
     </span>
     <span class='ocr_line' id='line_1_24' title="bbox 172 1977 1641 2034; baseline -0.001 -11"><span class='ocrx_word' id='word_1_198' title='bbox 172 1991 274 2024; x_wconf 86' lang='lat' dir='ltr'>necte</span> <span class='ocrx_word' id='word_1_199' title='bbox 294 1989 324 2034; x_wconf 87' lang='lat' dir='ltr'><strong><em>Q</em></strong></span> <span class='ocrx_word' id='word_1_200' title='bbox 462 1989 574 2033; x_wconf 84' lang='lat' dir='ltr'>adque</span> <span class='ocrx_word' id='word_1_201' title='bbox 593 1988 717 2033; x_wconf 84' lang='lat' dir='ltr'>errore]</span> <span class='ocrx_word' id='word_1_202' title='bbox 738 1988 921 2032; x_wconf 85' lang='lat' dir='ltr'>adquirere</span> <span class='ocrx_word' id='word_1_203' title='bbox 945 1989 975 2024; x_wconf 81' lang='lat'><em>0</em></span> <span class='ocrx_word' id='word_1_204' title='bbox 1109 1989 1130 2022; x_wconf 82' lang='lat'>3</span> <span class='ocrx_word' id='word_1_205' title='bbox 1148 1977 1231 2022; x_wconf 63' lang='lat' dir='ltr'>&lt;iffi</span> <span class='ocrx_word' id='word_1_206' title='bbox 1255 1988 1284 2033; x_wconf 88' lang='lat' dir='ltr'><strong><em>Q</em></strong></span> <span class='ocrx_word' id='word_1_207' title='bbox 1428 1987 1589 2022; x_wconf 88' lang='lat' dir='ltr'>adnuunt</span> <span class='ocrx_word' id='word_1_208' title='bbox 1606 1988 1641 2022; x_wconf 90' lang='lat' dir='ltr'><strong><em>L</em></strong></span> 
     </span>
     <span class='ocr_line' id='line_1_25' title="bbox 173 2045 1591 2082; baseline -0.002 0"><span class='ocrx_word' id='word_1_209' title='bbox 173 2049 194 2082; x_wconf 83' lang='lat'>5</span> <span class='ocrx_word' id='word_1_210' title='bbox 212 2047 475 2082; x_wconf 87' lang='lat' dir='ltr'>insatiabiliter</span> <span class='ocrx_word' id='word_1_211' title='bbox 500 2058 544 2081; x_wconf 72' lang='lat' dir='ltr'>ex</span> <span class='ocrx_word' id='word_1_212' title='bbox 569 2046 777 2080; x_wconf 86' lang='lat' dir='ltr'>insatiabile</span> <span class='ocrx_word' id='word_1_213' title='bbox 800 2047 830 2081; x_wconf 79' lang='lat' dir='ltr'><em>C</em></span> <span class='ocrx_word' id='word_1_214' title='bbox 1038 2045 1316 2080; x_wconf 88' lang='lat' dir='ltr'>succumbebant</span> <span class='ocrx_word' id='word_1_215' title='bbox 1342 2045 1371 2081; x_wconf 81' lang='grc' dir='ltr'><strong><em>Ο</em></strong></span> <span class='ocrx_word' id='word_1_216' title='bbox 1393 2045 1456 2080; x_wconf 81' lang='lat' dir='ltr'>sed</span> <span class='ocrx_word' id='word_1_217' title='bbox 1474 2056 1491 2079; x_wconf 92' lang='lat' dir='ltr'>e</span> <span class='ocrx_word' id='word_1_218' title='bbox 1509 2055 1553 2079; x_wconf 58' lang='grc' dir='ltr'>εκ</span> <span class='ocrx_word' id='word_1_219' title='bbox 1571 2055 1591 2079; x_wconf 88' lang='lat' dir='ltr'>a</span> 
     </span>
     <span class='ocr_line' id='line_1_26' title="bbox 174 2103 1682 2148; baseline -0.001 -9"><span class='ocrx_word' id='word_1_220' title='bbox 174 2106 195 2139; x_wconf 82' lang='lat'>6</span> <span class='ocrx_word' id='word_1_221' title='bbox 215 2105 334 2139; x_wconf 89' lang='lat' dir='ltr'>iniant</span> <span class='ocrx_word' id='word_1_222' title='bbox 352 2105 412 2146; x_wconf 82' lang='lat' dir='ltr'>L¹‚</span> <span class='ocrx_word' id='word_1_223' title='bbox 431 2104 575 2138; x_wconf 87' lang='lat' dir='ltr'>hiniant</span> <span class='ocrx_word' id='word_1_224' title='bbox 599 2104 636 2145; x_wconf 79' lang='lat'>0,</span> <span class='ocrx_word' id='word_1_225' title='bbox 656 2103 807 2137; x_wconf 88' lang='lat' dir='ltr'>initiant</span> <span class='ocrx_word' id='word_1_226' title='bbox 825 2104 861 2138; x_wconf 91' lang='lat' dir='ltr'><strong><em>P</em></strong></span> <span class='ocrx_word' id='word_1_227' title='bbox 1045 2103 1237 2148; x_wconf 86' lang='lat' dir='ltr'>superstite</span> <span class='ocrx_word' id='word_1_228' title='bbox 1255 2113 1365 2147; x_wconf 88' lang='lat' dir='ltr'>nuper</span> <span class='ocrx_word' id='word_1_229' title='bbox 1384 2114 1413 2144; x_wconf 86' lang='lat' dir='ltr'>v,</span> <span class='ocrx_word' id='word_1_230' title='bbox 1434 2104 1618 2147; x_wconf 85' lang='lat' dir='ltr'>nuperstet</span> <span class='ocrx_word' id='word_1_231' title='bbox 1636 2103 1682 2144; x_wconf 80' lang='lat' dir='ltr'>R,</span> 
     </span>
    </p>
   </div>
   <div class='ocr_carea' id='block_1_4' title="bbox 174 2161 1685 2492">
    <p class='ocr_par' dir='ltr' id='par_1_6' title="bbox 175 2161 1683 2263">
     <span class='ocr_line' id='line_1_27' title="bbox 175 2161 1683 2206; baseline -0.001 -10"><span class='ocrx_word' id='word_1_232' title='bbox 175 2162 370 2206; x_wconf 85' lang='lat' dir='ltr'>superstite</span> <span class='ocrx_word' id='word_1_233' title='bbox 388 2173 433 2196; x_wconf 75' lang='lat' dir='ltr'>eoe</span> <span class='ocrx_word' id='word_1_234' title='bbox 449 2162 656 2206; x_wconf 85' lang='lat' dir='ltr'>nupcrstate</span> <span class='ocrx_word' id='word_1_235' title='bbox 680 2161 709 2195; x_wconf 80' lang='lat' dir='ltr'><em>G</em></span> <span class='ocrx_word' id='word_1_236' title='bbox 832 2161 851 2194; x_wconf 82' lang='lat'>7</span> <span class='ocrx_word' id='word_1_237' title='bbox 870 2161 1127 2205; x_wconf 84' lang='lat' dir='ltr'>conprobanter</span> <span class='ocrx_word' id='word_1_238' title='bbox 1150 2161 1180 2196; x_wconf 80' lang='grc' dir='ltr'><em>Ο</em></span> <span class='ocrx_word' id='word_1_239' title='bbox 1301 2161 1322 2194; x_wconf 84' lang='grc'>8</span> <span class='ocrx_word' id='word_1_240' title='bbox 1339 2171 1402 2194; x_wconf 86' lang='lat' dir='ltr'>nec</span> <span class='ocrx_word' id='word_1_241' title='bbox 1420 2161 1517 2205; x_wconf 88' lang='lat' dir='ltr'>ante]</span> <span class='ocrx_word' id='word_1_242' title='bbox 1536 2170 1683 2204; x_wconf 83' lang='lat' dir='ltr'>negasse</span> 
     </span>
     <span class='ocr_line' id='line_1_28' title="bbox 176 2217 1640 2263; baseline -0.001 -10"><span class='ocrx_word' id='word_1_243' title='bbox 176 2229 219 2253; x_wconf 78' lang='lat' dir='ltr'>ex</span> <span class='ocrx_word' id='word_1_244' title='bbox 237 2221 391 2263; x_wconf 81' lang='lat' dir='ltr'>negante</span> <span class='ocrx_word' id='word_1_245' title='bbox 415 2219 444 2254; x_wconf 84' lang='lat'><em>0</em></span> <span class='ocrx_word' id='word_1_246' title='bbox 546 2217 735 2262; x_wconf 81' lang='lat' dir='ltr'>religionis</span> <span class='ocrx_word' id='word_1_247' title='bbox 754 2217 825 2263; x_wconf 87' lang='lat' dir='ltr'>LQ</span> <span class='ocrx_word' id='word_1_248' title='bbox 918 2218 990 2262; x_wconf 85' lang='lat' dir='ltr'>sed]</span> <span class='ocrx_word' id='word_1_249' title='bbox 1010 2219 1045 2252; x_wconf 87' lang='lat' dir='ltr'>et</span> <span class='ocrx_word' id='word_1_250' title='bbox 1063 2218 1098 2253; x_wconf 97' lang='lat' dir='ltr'>L</span> <span class='ocrx_word' id='word_1_251' title='bbox 1192 2219 1227 2252; x_wconf 89' lang='lat' dir='ltr'>et</span> <span class='ocrx_word' id='word_1_252' title='bbox 1244 2229 1309 2252; x_wconf 85' lang='lat' dir='ltr'>om.</span> <span class='ocrx_word' id='word_1_253' title='bbox 1332 2218 1361 2263; x_wconf 91' lang='lat' dir='ltr'><strong><em>Q</em></strong></span> <span class='ocrx_word' id='word_1_254' title='bbox 1470 2218 1491 2252; x_wconf 84' lang='lat'>9</span> <span class='ocrx_word' id='word_1_255' title='bbox 1509 2217 1590 2252; x_wconf 88' lang='lat' dir='ltr'>inde</span> <span class='ocrx_word' id='word_1_256' title='bbox 1610 2217 1640 2262; x_wconf 87' lang='lat' dir='ltr'><strong><em>Q</em></strong></span> 
     </span>
    </p>

    <p class='ocr_par' dir='ltr' id='par_1_7' title="bbox 174 2275 1685 2492">
     <span class='ocr_line' id='line_1_29' title="bbox 174 2275 1685 2321; baseline -0.001 -11"><span class='ocrx_word' id='word_1_257' title='bbox 174 2277 213 2311; x_wconf 91' lang='lat' dir='ltr'>in</span> <span class='ocrx_word' id='word_1_258' title='bbox 230 2278 309 2321; x_wconf 90' lang='lat' dir='ltr'>ipsa</span> <span class='ocrx_word' id='word_1_259' title='bbox 327 2277 376 2311; x_wconf 86' lang='lat' dir='ltr'><em>M</em></span> <span class='ocrx_word' id='word_1_260' title='bbox 391 2276 520 2321; x_wconf 87' lang='lat' dir='ltr'>(ipsam</span> <span class='ocrx_word' id='word_1_261' title='bbox 543 2276 584 2320; x_wconf 84' lang='lat' dir='ltr'>Q)</span> <span class='ocrx_word' id='word_1_262' title='bbox 695 2275 929 2320; x_wconf 84' lang='lat' dir='ltr'>prespicimus</span> <span class='ocrx_word' id='word_1_263' title='bbox 948 2276 984 2311; x_wconf 83' lang='lat' dir='ltr'><em>R</em></span> <span class='ocrx_word' id='word_1_264' title='bbox 1094 2276 1138 2310; x_wconf 88' lang='grc'>10</span> <span class='ocrx_word' id='word_1_265' title='bbox 1154 2276 1210 2320; x_wconf 89' lang='lat' dir='ltr'>ne]</span> <span class='ocrx_word' id='word_1_266' title='bbox 1229 2287 1293 2310; x_wconf 85' lang='lat' dir='ltr'>nec</span> <span class='ocrx_word' id='word_1_267' title='bbox 1310 2276 1359 2310; x_wconf 88' lang='lat' dir='ltr'><em>M</em></span> <span class='ocrx_word' id='word_1_268' title='bbox 1368 2275 1428 2320; x_wconf 87' lang='lat' dir='ltr'>¹Q¹</span> <span class='ocrx_word' id='word_1_269' title='bbox 1534 2275 1685 2309; x_wconf 88' lang='lat' dir='ltr'>altarem</span> 
     </span>
     <span class='ocr_line' id='line_1_30' title="bbox 180 2331 1682 2379; baseline -0.002 -10"><span class='ocrx_word' id='word_1_270' title='bbox 180 2333 315 2379; x_wconf 82' lang='lat' dir='ltr'>C¹L¹Q</span> <span class='ocrx_word' id='word_1_271' title='bbox 447 2335 667 2368; x_wconf 85' lang='lat' dir='ltr'>contrectare</span> <span class='ocrx_word' id='word_1_272' title='bbox 687 2333 851 2368; x_wconf 79' lang='lat' dir='ltr'><em>GNPRv</em></span> <span class='ocrx_word' id='word_1_273' title='bbox 989 2333 1032 2367; x_wconf 84' lang='lat'>11</span> <span class='ocrx_word' id='word_1_274' title='bbox 1049 2333 1180 2378; x_wconf 87' lang='lat' dir='ltr'>pudore</span> <span class='ocrx_word' id='word_1_275' title='bbox 1195 2333 1291 2378; x_wconf 78' lang='lat' dir='ltr'>C²Q²</span> <span class='ocrx_word' id='word_1_276' title='bbox 1307 2332 1490 2377; x_wconf 86' lang='lat' dir='ltr'>(pudorem</span> <span class='ocrx_word' id='word_1_277' title='bbox 1505 2332 1534 2367; x_wconf 80' lang='lat' dir='ltr'><strong><em>C</em></strong></span> <span class='ocrx_word' id='word_1_278' title='bbox 1545 2331 1682 2377; x_wconf 86' lang='lat' dir='ltr'>¹MQ¹);</span> 
     </span>
     <span class='ocr_line' id='line_1_31' title="bbox 174 2390 1685 2435; baseline -0.001 -10"><span class='ocrx_word' id='word_1_279' title='bbox 174 2392 259 2426; x_wconf 75' lang='lat' dir='ltr'>item</span> <span class='ocrx_word' id='word_1_280' title='bbox 277 2390 344 2425; x_wconf 82' lang='lat' dir='ltr'>fide</span> <span class='ocrx_word' id='word_1_281' title='bbox 361 2402 394 2435; x_wconf 89' lang='lat' dir='ltr'>p.</span> <span class='ocrx_word' id='word_1_282' title='bbox 413 2391 585 2435; x_wconf 81' lang='lat' dir='ltr'>religione</span> <span class='ocrx_word' id='word_1_283' title='bbox 604 2390 703 2435; x_wconf 78' lang='lat' dir='ltr'>G²Q²</span> <span class='ocrx_word' id='word_1_284' title='bbox 828 2391 872 2424; x_wconf 78' lang='lat'>12</span> <span class='ocrx_word' id='word_1_285' title='bbox 888 2391 1046 2435; x_wconf 80' lang='lat' dir='ltr'>profanis</span> <span class='ocrx_word' id='word_1_286' title='bbox 1069 2390 1098 2435; x_wconf 88' lang='lat' dir='ltr'><strong><em>Q</em></strong></span> <span class='ocrx_word' id='word_1_287' title='bbox 1206 2391 1357 2424; x_wconf 88' lang='lat' dir='ltr'>terrenis</span> <span class='ocrx_word' id='word_1_288' title='bbox 1378 2390 1407 2435; x_wconf 88' lang='lat' dir='ltr'><strong><em>Q</em></strong></span> <span class='ocrx_word' id='word_1_289' title='bbox 1532 2390 1575 2424; x_wconf 85' lang='lat'>13</span> <span class='ocrx_word' id='word_1_290' title='bbox 1593 2390 1685 2424; x_wconf 88' lang='lat' dir='ltr'>alta-</span> 
     </span>
     <span class='ocr_line' id='line_1_32' title="bbox 174 2447 1682 2492; baseline 0 -11"><span class='ocrx_word' id='word_1_291' title='bbox 174 2458 229 2481; x_wconf 91' lang='lat' dir='ltr'>res</span> <span class='ocrx_word' id='word_1_292' title='bbox 247 2448 291 2489; x_wconf 89' lang='lat' dir='ltr'>L,</span> <span class='ocrx_word' id='word_1_293' title='bbox 313 2448 426 2482; x_wconf 82' lang='lat' dir='ltr'>altare</span> <span class='ocrx_word' id='word_1_294' title='bbox 443 2448 521 2483; x_wconf 89' lang='lat' dir='ltr'>NP</span> <span class='ocrx_word' id='word_1_295' title='bbox 637 2448 868 2492; x_wconf 86' lang='lat' dir='ltr'>impiamente</span> <span class='ocrx_word' id='word_1_296' title='bbox 885 2448 973 2482; x_wconf 84' lang='lat' dir='ltr'>LP¹</span> <span class='ocrx_word' id='word_1_297' title='bbox 1083 2447 1262 2482; x_wconf 83' lang='lat' dir='ltr'>fratruum</span> <span class='ocrx_word' id='word_1_298' title='bbox 1279 2447 1323 2489; x_wconf 97' lang='lat' dir='ltr'>L,</span> <span class='ocrx_word' id='word_1_299' title='bbox 1350 2447 1499 2481; x_wconf 83' lang='lat' dir='ltr'>fratrem</span> <span class='ocrx_word' id='word_1_300' title='bbox 1518 2447 1574 2488; x_wconf 79' lang='lat'>0¹,</span> <span class='ocrx_word' id='word_1_301' title='bbox 1592 2447 1682 2481; x_wconf 88' lang='lat' dir='ltr'>fruc-</span> 
     </span>
    </p>
   </div>
   <div class='ocr_carea' id='block_1_5' title="bbox 174 2504 1684 2837">
    <p class='ocr_par' dir='ltr' id='par_1_8' title="bbox 174 2504 1684 2837">
     <span class='ocr_line' id='line_1_33' title="bbox 174 2504 1684 2550; baseline -0.001 -11"><span class='ocrx_word' id='word_1_302' title='bbox 174 2506 276 2539; x_wconf 87' lang='lat' dir='ltr'>tuum</span> <span class='ocrx_word' id='word_1_303' title='bbox 294 2504 329 2540; x_wconf 82' lang='lat' dir='ltr'><em>R</em></span> <span class='ocrx_word' id='word_1_304' title='bbox 445 2505 489 2539; x_wconf 82' lang='lat'>14</span> <span class='ocrx_word' id='word_1_305' title='bbox 506 2506 572 2550; x_wconf 84' lang='lat' dir='ltr'>est]</span> <span class='ocrx_word' id='word_1_306' title='bbox 592 2506 646 2539; x_wconf 91' lang='lat' dir='ltr'>est</span> <span class='ocrx_word' id='word_1_307' title='bbox 663 2506 699 2538; x_wconf 87' lang='lat' dir='ltr'>ct</span> <span class='ocrx_word' id='word_1_308' title='bbox 719 2517 740 2540; x_wconf 83' lang='lat' dir='ltr'><em>v</em></span> <span class='ocrx_word' id='word_1_309' title='bbox 855 2505 953 2539; x_wconf 90' lang='lat' dir='ltr'>omni</span> <span class='ocrx_word' id='word_1_310' title='bbox 969 2505 1091 2550; x_wconf 88' lang='lat' dir='ltr'>uigore</span> <span class='ocrx_word' id='word_1_311' title='bbox 1108 2505 1295 2539; x_wconf 86' lang='lat' dir='ltr'>nitendum</span> <span class='ocrx_word' id='word_1_312' title='bbox 1312 2515 1377 2540; x_wconf 82' lang='lat' dir='ltr'>om.</span> <span class='ocrx_word' id='word_1_313' title='bbox 1403 2505 1455 2540; x_wconf 82' lang='lat' dir='ltr'>Vv</span> <span class='ocrx_word' id='word_1_314' title='bbox 1577 2505 1621 2539; x_wconf 83' lang='lat'>15</span> <span class='ocrx_word' id='word_1_315' title='bbox 1638 2504 1684 2539; x_wconf 89' lang='lat' dir='ltr'>ab</span> 
     </span>
     <span class='ocr_line' id='line_1_34' title="bbox 175 2561 1679 2607; baseline -0.001 -11"><span class='ocrx_word' id='word_1_316' title='bbox 175 2561 255 2607; x_wconf 88' lang='lat' dir='ltr'>hac]</span> <span class='ocrx_word' id='word_1_317' title='bbox 275 2563 311 2596; x_wconf 89' lang='lat' dir='ltr'>et</span> <span class='ocrx_word' id='word_1_318' title='bbox 328 2561 420 2596; x_wconf 86' lang='lat' dir='ltr'>hanc</span> <span class='ocrx_word' id='word_1_319' title='bbox 438 2573 482 2597; x_wconf 75' lang='lat' dir='ltr'>ex</span> <span class='ocrx_word' id='word_1_320' title='bbox 499 2562 544 2596; x_wconf 87' lang='lat' dir='ltr'>ad</span> <span class='ocrx_word' id='word_1_321' title='bbox 560 2563 627 2596; x_wconf 90' lang='lat' dir='ltr'>hac</span> <span class='ocrx_word' id='word_1_322' title='bbox 645 2562 674 2597; x_wconf 80' lang='lat' dir='ltr'><em>G</em></span> <span class='ocrx_word' id='word_1_323' title='bbox 776 2574 832 2598; x_wconf 89' lang='lat' dir='ltr'>eos</span> <span class='ocrx_word' id='word_1_324' title='bbox 849 2573 914 2597; x_wconf 81' lang='lat' dir='ltr'>om.</span> <span class='ocrx_word' id='word_1_325' title='bbox 935 2562 963 2597; x_wconf 83' lang='lat' dir='ltr'><strong>O</strong></span> <span class='ocrx_word' id='word_1_326' title='bbox 1063 2563 1136 2596; x_wconf 90' lang='lat' dir='ltr'>suis</span> <span class='ocrx_word' id='word_1_327' title='bbox 1154 2562 1232 2607; x_wconf 88' lang='lat' dir='ltr'>PQ,</span> <span class='ocrx_word' id='word_1_328' title='bbox 1252 2562 1307 2596; x_wconf 87' lang='lat' dir='ltr'>uis</span> <span class='ocrx_word' id='word_1_329' title='bbox 1326 2562 1361 2597; x_wconf 87' lang='lat' dir='ltr'><em>L</em></span> <span class='ocrx_word' id='word_1_330' title='bbox 1456 2562 1580 2596; x_wconf 89' lang='lat' dir='ltr'>celeris</span> <span class='ocrx_word' id='word_1_331' title='bbox 1598 2561 1679 2602; x_wconf 89' lang='lat' dir='ltr'>LP,</span> 
     </span>
     <span class='ocr_line' id='line_1_35' title="bbox 176 2619 1640 2663; baseline 0.001 -10"><span class='ocrx_word' id='word_1_332' title='bbox 176 2619 280 2653; x_wconf 89' lang='lat' dir='ltr'>scelis</span> <span class='ocrx_word' id='word_1_333' title='bbox 298 2619 327 2654; x_wconf 82' lang='grc' dir='ltr'><strong><em>Ο</em></strong></span> <span class='ocrx_word' id='word_1_334' title='bbox 479 2619 663 2654; x_wconf 85' lang='lat' dir='ltr'>audaciam</span> <span class='ocrx_word' id='word_1_335' title='bbox 681 2620 710 2655; x_wconf 81' lang='lat' dir='ltr'>O</span> <span class='ocrx_word' id='word_1_336' title='bbox 869 2621 912 2655; x_wconf 86' lang='grc'>16</span> <span class='ocrx_word' id='word_1_337' title='bbox 929 2619 1061 2654; x_wconf 86' lang='lat' dir='ltr'>detecti</span> <span class='ocrx_word' id='word_1_338' title='bbox 1080 2620 1123 2654; x_wconf 80' lang='lat'>0¹</span> <span class='ocrx_word' id='word_1_339' title='bbox 1279 2619 1321 2653; x_wconf 83' lang='lat'>17</span> <span class='ocrx_word' id='word_1_340' title='bbox 1339 2619 1460 2663; x_wconf 87' lang='lat' dir='ltr'>lapsus</span> <span class='ocrx_word' id='word_1_341' title='bbox 1477 2619 1591 2653; x_wconf 89' lang='lat' dir='ltr'>laicus</span> <span class='ocrx_word' id='word_1_342' title='bbox 1611 2619 1640 2654; x_wconf 72' lang='lat' dir='ltr'>(J</span> 
     </span>
     <span class='ocr_line' id='line_1_36' title="bbox 176 2676 1682 2720; baseline 0.001 -11"><span class='ocrx_word' id='word_1_343' title='bbox 176 2677 310 2711; x_wconf 87' lang='lat' dir='ltr'>maiore</span> <span class='ocrx_word' id='word_1_344' title='bbox 329 2677 373 2712; x_wconf 79' lang='lat'>0¹</span> <span class='ocrx_word' id='word_1_345' title='bbox 550 2677 741 2712; x_wconf 85' lang='lat' dir='ltr'>deruerunt</span> <span class='ocrx_word' id='word_1_346' title='bbox 759 2678 788 2713; x_wconf 80' lang='lat' dir='ltr'><em>O</em></span> <span class='ocrx_word' id='word_1_347' title='bbox 964 2678 1008 2711; x_wconf 88' lang='grc'>18</span> <span class='ocrx_word' id='word_1_348' title='bbox 1025 2677 1150 2711; x_wconf 87' lang='lat' dir='ltr'>insano</span> <span class='ocrx_word' id='word_1_349' title='bbox 1171 2677 1290 2711; x_wconf 86' lang='lat' dir='ltr'>furore</span> <span class='ocrx_word' id='word_1_350' title='bbox 1308 2677 1343 2711; x_wconf 88' lang='lat' dir='ltr'><strong><em>P</em></strong></span> <span class='ocrx_word' id='word_1_351' title='bbox 1521 2677 1563 2711; x_wconf 85' lang='lat'>19</span> <span class='ocrx_word' id='word_1_352' title='bbox 1581 2676 1682 2720; x_wconf 86' lang='lat' dir='ltr'>quae]</span> 
     </span>
     <span class='ocr_line' id='line_1_37' title="bbox 177 2733 1684 2779; baseline 0.001 -12"><span class='ocrx_word' id='word_1_353' title='bbox 177 2736 285 2777; x_wconf 83' lang='lat' dir='ltr'>quate</span> <span class='ocrx_word' id='word_1_354' title='bbox 304 2734 333 2769; x_wconf 79' lang='lat' dir='ltr'><em>O</em></span> <span class='ocrx_word' id='word_1_355' title='bbox 482 2734 577 2779; x_wconf 87' lang='lat' dir='ltr'>cepit</span> <span class='ocrx_word' id='word_1_356' title='bbox 595 2735 727 2769; x_wconf 87' lang='lat' dir='ltr'>cecitas</span> <span class='ocrx_word' id='word_1_357' title='bbox 746 2735 790 2776; x_wconf 89' lang='lat' dir='ltr'>L,</span> <span class='ocrx_word' id='word_1_358' title='bbox 810 2735 1008 2779; x_wconf 86' lang='lat' dir='ltr'>coephitica</span> <span class='ocrx_word' id='word_1_359' title='bbox 1025 2734 1211 2769; x_wconf 87' lang='lat' dir='ltr'>coecitatis</span> <span class='ocrx_word' id='word_1_360' title='bbox 1230 2734 1259 2769; x_wconf 79' lang='grc' dir='ltr'>Ο</span> <span class='ocrx_word' id='word_1_361' title='bbox 1412 2734 1457 2768; x_wconf 82' lang='grc'>20</span> <span class='ocrx_word' id='word_1_362' title='bbox 1474 2733 1626 2778; x_wconf 87' lang='lat' dir='ltr'>singulis</span> <span class='ocrx_word' id='word_1_363' title='bbox 1644 2733 1684 2772; x_wconf 79' lang='lat' dir='ltr'>C,</span> 
     </span>
     <span class='ocr_line' id='line_1_38' title="bbox 178 2790 1637 2837; baseline 0 -13"><span class='ocrx_word' id='word_1_364' title='bbox 178 2790 215 2824; x_wconf 92' lang='lat' dir='ltr'>in</span> <span class='ocrx_word' id='word_1_365' title='bbox 234 2791 395 2836; x_wconf 83' lang='lat' dir='ltr'>singulos</span> <span class='ocrx_word' id='word_1_366' title='bbox 417 2791 446 2836; x_wconf 85' lang='lat' dir='ltr'><strong><em>Q</em></strong></span> <span class='ocrx_word' id='word_1_367' title='bbox 562 2792 605 2826; x_wconf 77' lang='lat'>21</span> <span class='ocrx_word' id='word_1_368' title='bbox 623 2803 666 2826; x_wconf 92' lang='lat' dir='ltr'>ne</span> <span class='ocrx_word' id='word_1_369' title='bbox 685 2792 778 2837; x_wconf 84' lang='lat' dir='ltr'>quis]</span> <span class='ocrx_word' id='word_1_370' title='bbox 797 2792 959 2837; x_wconf 84' lang='lat' dir='ltr'>quisquis</span> <span class='ocrx_word' id='word_1_371' title='bbox 978 2792 1008 2827; x_wconf 81' lang='lat' dir='ltr'><em>O</em></span> <span class='ocrx_word' id='word_1_372' title='bbox 1022 2792 1083 2827; x_wconf 82' lang='lat' dir='ltr'>sed</span> <span class='ocrx_word' id='word_1_373' title='bbox 1101 2791 1181 2835; x_wconf 86' lang='lat' dir='ltr'>quis</span> <span class='ocrx_word' id='word_1_374' title='bbox 1198 2802 1224 2826; x_wconf 78' lang='lat' dir='ltr'>s.</span> <span class='ocrx_word' id='word_1_375' title='bbox 1245 2792 1265 2826; x_wconf 81' lang='lat' dir='ltr'>Z.</span> <span class='ocrx_word' id='word_1_376' title='bbox 1384 2791 1574 2825; x_wconf 85' lang='lat' dir='ltr'>incurrerit</span> <span class='ocrx_word' id='word_1_377' title='bbox 1592 2790 1637 2824; x_wconf 77' lang='lat'>02</span> 
     </span>
    </p>
   </div>
   <div class='ocr_carea' id='block_1_6' title="bbox 178 2848 470 2892">
    <p class='ocr_par' dir='ltr' id='par_1_9' title="bbox 178 2848 470 2892">
     <span class='ocr_line' id='line_1_39' title="bbox 178 2848 470 2892; baseline 0.007 -10"><span class='ocrx_word' id='word_1_378' title='bbox 178 2848 408 2892; x_wconf 82' lang='lat' dir='ltr'>contagiones</span> <span class='ocrx_word' id='word_1_379' title='bbox 427 2849 470 2884; x_wconf 72' lang='grc' dir='ltr'>(1ι</span> 
     </span>
    </p>
   </div>
  </div>
 </body>
</html>
