1912 3152
243 173 325 214 144
793 168 983 204 Caecilii
1009 169 1221 214 Cypriani

250 277 378 318 Item
410 276 463 316 in
485 274 705 316 Actibus
737 275 1114 328 apostolorum:
1147 275 1329 327 Inpleuit
1344 274 1513 317 Satanas
1536 275 1757 326 cortuum,

249 344 415 386 mentiri
450 344 491 385 te
528 343 636 397 apud
666 342 868 396 Spiritum
891 345 1092 394 sanctum,
1116 356 1209 384 cum
1231 344 1336 385 esset
1358 343 1507 385 fundus
1529 344 1571 384 in
1592 344 1664 384 tua
1685 355 1758 397 po-

250 414 431 455 testate?
461 424 540 454 non
568 412 802 454 hominibus
823 413 1023 454 mentitus
1045 425 1087 454 es
1110 412 1178 453 sed
1195 413 1291 453 Deo.
1334 413 1463 454 Item
1494 412 1544 453 in
1574 412 1704 453 Hier
1718 425 1760 454 e-

244 482 376 525 mia:
411 482 661 524 Maledictus
681 483 750 536 qui
772 482 872 523 facit
893 494 1014 536 opera
1035 482 1111 523 Dei
1131 482 1408 535 neglegenter.

406 585 508 626 EVM
541 597 619 635 QVI
650 597 744 627 NON
776 597 1056 626 CREDIDERIT
1087 598 1171 626 IAM
1202 596 1459 626 IVDICATVM
1490 595 1611 626 ESSE.

175 671 227 711 31
306 664 361 707 In
406 666 687 719 euangelio
727 666 1008 707 secundum
1052 665 1346 706 Iohannem:
1399 664 1477 715 Qui
1510 677 1589 706 non
1623 665 1754 706 credi-

248 734 354 775 derit
384 734 469 776 iam
503 734 711 776 iudicatus
739 736 819 786 est,
853 735 950 788 quia
971 747 1049 776 non
1072 734 1246 776 credidit
1280 735 1323 775 in
1359 734 1523 776 nomine
1545 734 1653 775 unici
1674 733 1751 774 filii

249 802 339 844 Dei.
372 803 448 844 hoc
470 804 608 844 autem
646 804 707 845 est
745 803 968 853 iudicium,
1001 804 1192 856 quoniam
1227 803 1296 844 lux
1332 803 1447 844 uenit
1466 804 1509 844 in
1529 803 1752 853 saeculum,

250 872 291 913 et
311 872 446 926 magis
468 872 697 913 dilexerunt
719 872 906 913 tenebras
929 885 1052 925 quam
1073 872 1219 913 lucem.
1260 872 1391 913 Item
1413 872 1462 913 in
1491 872 1683 925 psalmo
1715 871 1756 912 I:

249 939 472 993 Propterea
492 952 571 981 non
592 941 812 994 resurgunt
833 940 952 994 impii
974 940 1016 981 in
1038 940 1188 981 iudicio
1210 953 1338 994 neque
1355 941 1585 993 peccatores
1602 940 1646 981 111
1663 952 1757 981 con·
1775 957 1808 982 10

250 1008 342 1050 silio
364 1008 579 1050 iustorum.

481 1101 549 1142 DE
580 1113 703 1144 BONO
735 1113 1048 1144 VIRGINITATIS
1080 1114 1137 1143 ET
1169 1113 1523 1144 CONTINENTIAE.

181 1188 232 1228 32
306 1180 362 1221 In
396 1179 599 1224 Genesi:
647 1182 934 1236 Multiplicans
957 1183 1243 1236 multiplicabo
1264 1183 1458 1224 tristitias
1480 1184 1573 1224 tuas
1602 1183 1641 1224 et
1678 1195 1747 1236 ge-

251 1248 378 1290 mitus
401 1252 514 1292 tuos:
546 1251 588 1292 in
609 1251 784 1293 tristitia
805 1251 937 1304 paries
959 1251 1086 1302 filios,
1118 1253 1159 1293 et
1190 1252 1397 1293 conuersio
1425 1252 1496 1293 tua
1527 1251 1578 1292 ad
1607 1251 1743 1291 uirum

251 1318 391 1368 tuum,
425 1318 464 1360 et
485 1318 572 1371 ipse
601 1318 662 1359 tui
686 1319 976 1360 dominabitur.
1024 1319 1153 1361 Item
1183 1319 1233 1360 in
1264 1318 1538 1373 euangelio
1570 1330 1747 1359 secun·
1772 1334 1805 1359 15

251 1385 276 1426 d
286 1400 365 1427 um
396 1387 569 1428 Matth
583 1400 721 1429 aeum
739 1402 747 1427 :
779 1387 872 1428 Non
893 1399 1032 1429 omnes
1054 1388 1220 1441 capiunt
1242 1388 1414 1429 uerbum
1435 1388 1561 1437 istud,
1599 1388 1669 1429 sed
1690 1386 1753 1427 illi

254 1454 403 1507 quibus
426 1457 569 1498 datum
591 1457 663 1497 est.
698 1458 793 1498 sunt
816 1457 924 1498 enim
946 1457 1143 1510 spadones
1165 1457 1235 1510 qui
1266 1469 1312 1498 ex
1343 1457 1457 1498 utero
1488 1456 1633 1498 matris
1664 1455 1752 1497 nati

250 1525 345 1565 sunt
366 1525 445 1575 sic,
469 1527 509 1566 et
531 1527 626 1567 sunt
662 1527 858 1579 spadones
888 1526 957 1579 qui
981 1526 1109 1567 coacti
1130 1527 1224 1567 sunt
1246 1527 1295 1567 ab
1318 1525 1573 1576 hominibus,
1595 1526 1635 1566 et
1657 1525 1752 1566 sunt

250 1593 449 1645 spadones
471 1594 541 1647 qui
574 1595 740 1647 seipsos
762 1596 1043 1637 castrauerunt
1063 1596 1227 1648 propter
1247 1608 1421 1648 regnum
1443 1595 1659 1636 caelorum.
1683 1594 1752 1646 qui

249 1660 384 1712 potest
406 1675 547 1716 capere
570 1663 716 1716 capiat.
758 1664 889 1706 Item
921 1664 1199 1705 secundum
1230 1664 1435 1705 Lucam:
1467 1663 1565 1703 Filii
1588 1662 1738 1704 saeculi
1770 1671 1803 1697 20

250 1727 373 1771 huius
407 1733 603 1784 generant
634 1733 674 1773 et
706 1734 963 1786 generantur.
997 1733 1066 1785 qui
1083 1734 1223 1774 autem
1239 1732 1457 1774 habuerint
1473 1731 1753 1786 dignationem

251 1800 401 1841 saeculi
424 1801 538 1842 illius
561 1802 601 1843 et
623 1802 929 1844 resurrectionis
950 1815 973 1843 a
994 1802 1187 1853 mortuis,
1219 1814 1298 1843 non
1327 1802 1488 1844 nubunt
1519 1813 1648 1854 neque
1675 1814 1752 1841 nu-

391 1959 409 1992 1
434 1959 512 1994 Act.
532 1960 563 2001 5,
583 1961 604 1995 3
623 1971 672 2005 sq.
767 1961 789 1995 4
813 1961 910 1995 Hier.
929 1961 983 2003 48,
1004 1963 1056 1996 10.
1152 1963 1173 1996 6
1198 1962 1245 1995 Io.
1265 1963 1296 2003 3,
1317 1963 1359 1996 18
1377 1973 1427 2006 sq.
1525 1961 1568 1995 10
1594 1960 1654 1995 Ps.
1672 1962 1705 2005 1,
1723 1962 1754 1996 5.

254 2017 300 2052 13
326 2015 411 2050 Gen.
429 2017 460 2058 3,
481 2018 533 2052 16.
606 2018 649 2052 16
673 2018 805 2052 Matth.
825 2019 877 2060 19,
899 2019 940 2052 11
961 2029 1011 2063 sq.
1082 2020 1127 2053 20
1151 2020 1234 2054 Luc.
1254 2020 1308 2061 20,
1327 2020 1371 2054 34
1389 2030 1439 2062 sq.

322 2143 341 2176 1
367 2142 457 2176 actis
476 2143 647 2178 WLMB
731 2155 791 2179 cur
808 2145 974 2188 impleuit
992 2146 1040 2179 M
1043 2157 1059 2180 υ
1153 2147 1174 2180 2
1199 2146 1349 2179 mentire
1369 2146 1402 2179 A
1490 2147 1576 2190 aput
1593 2145 1759 2189 spiritum

255 2202 415 2234 sanctum
428 2201 592 2242 AVLB,
613 2201 758 2245 spiritui
776 2204 896 2236 sancto
916 2203 963 2237 W
966 2203 1013 2237 M
1017 2214 1033 2238 v
1101 2207 1183 2247 post
1200 2203 1329 2237 fundus
1347 2203 1430 2237 (cdd.
1444 2204 1489 2237 M
1495 2204 1506 2221 ²
1524 2203 1690 2237 uenditus

254 2268 332 2292 cuni
365 2285 371 2290 .
389 2259 593 2303 potestate]
612 2270 725 2293 nonne
743 2270 888 2293 manens
906 2260 976 2293 tibi
991 2260 1155 2294 manebat
1169 2263 1204 2294 ct
1218 2261 1346 2295 fundus
1361 2261 1397 2294 in
1415 2262 1478 2294 tua
1492 2262 1569 2294 erat
1582 2262 1758 2304 potestate

259 2316 316 2356 W,
344 2326 421 2349 cum
440 2317 532 2349 essct
549 2316 679 2350 fundus
696 2316 864 2350 uenditus
883 2317 919 2351 in
937 2319 1000 2351 tua
1018 2319 1095 2352 erat
1118 2320 1295 2362 potestate
1320 2318 1433 2352 (Mon.
1507 2319 1528 2351 3
1555 2329 1589 2351 cs
1608 2317 1760 2351 homini-

256 2372 320 2406 bus
339 2373 510 2406 mentitus
523 2374 574 2408 W.
654 2374 741 2407 item
760 2385 823 2408 om.
842 2375 975 2410 WLM
1056 2375 1147 2419 apud
1165 2376 1370 2409 hieremiam
1388 2377 1438 2411 W
1438 2375 1579 2410 LMBv
1673 2376 1759 2419 aput

264 2458 269 2463 .
286 2457 292 2462 .
310 2430 554 2474 .ncglcgentcr
574 2432 623 2465 W
638 2442 663 2465 s.
679 2431 699 2464 Z.
719 2442 763 2465 m.
782 2433 808 2465 2
894 2433 914 2465 5
940 2432 1155 2466 crediderint
1170 2434 1231 2466 M¹
1317 2434 1404 2477 esse]
1424 2435 1478 2466 cst
1496 2433 1531 2467 B
1602 2433 1620 2466 7
1647 2432 1757 2466 credi-

256 2488 349 2522 derit
367 2489 417 2529 L,
445 2487 556 2521 credit
574 2489 659 2523 WB
754 2489 807 2522 fili
825 2490 931 2525 AW¹
1040 2491 1061 2523 ὃ
1087 2491 1223 2524 saeculo
1243 2491 1291 2525 W
1385 2491 1405 2524 9
1432 2491 1629 2524 dilexerunt
1647 2490 1760 2523 1101111-

255 2557 316 2580 nes
334 2546 422 2590 Mv;
441 2546 506 2588 cfr.
527 2551 603 2581 test.
623 2546 649 2579 Ι
664 2549 685 2580 7
780 2547 823 2579 10
849 2549 1032 2592 resurgent
1050 2548 1154 2582 LMo
1247 2547 1417 2581 iudicium
1436 2548 1471 2582 L
1555 2548 1596 2581 13
1622 2547 1653 2580 si
1673 2547 1762 2581 mul-

258 2603 427 2647 tiplicans
437 2604 472 2637 A
536 2604 688 2648 gemitos
703 2603 738 2637 B
804 2605 848 2639 14
871 2607 954 2639 tuus
966 2606 998 2639 L
1061 2607 1096 2639 et
1113 2605 1149 2638 111
1167 2605 1521 2640 tristitiaIVLJIBO
1570 2605 1617 2649 ct]
1637 2606 1672 2638 et
1689 2604 1758 2638 erit

256 2661 323 2696 Mo
395 2661 437 2694 16
456 2662 612 2705 capiunt]
631 2663 728 2706 capit
747 2664 856 2696 unoA
920 2663 1016 2697 istud
1033 2674 1097 2696 om.
1109 2663 1298 2697 WLMBo
1361 2662 1436 2696 illis
1451 2663 1537 2697 AM
1546 2663 1550 2680 ¹
1624 2662 1666 2696 18
1682 2662 1760 2695 nati

258 2720 340 2752 sunt
367 2718 416 2752 sic
426 2719 551 2760 ALB,
579 2730 661 2753 suae
685 2720 734 2754 sic
757 2721 835 2754 nati
854 2722 937 2753 sunt
955 2722 1014 2763 Hs,
1042 2720 1119 2753 nati
1144 2722 1226 2753 sunt
1247 2720 1312 2754 ille*
1383 2720 1424 2753 21
1452 2720 1556 2754 huius
1575 2730 1639 2753 om.
1655 2720 1689 2752 A

257 2777 431 2819 generunt
449 2777 484 2809 ct
500 2778 717 2820 generuntur
738 2778 771 2812 Α
865 2778 1030 2812 habuerit
1048 2778 1204 2819 W¹LM‚
1234 2777 1432 2811 habuerunt
1447 2789 1465 2809 r1>
1559 2777 1603 2810 :22
1627 2776 1759 2810 nubent

258 2843 369 2876 neque
385 2833 561 2867 nubentur
578 2834 626 2868 M
