1838 3152
536 246 750 291 Epistula
782 244 1181 281 xv111.—xv1111.
1523 249 1608 292 525

415 427 929 501 EPISTVLA
979 427 1310 500 XVIIII.

177 564 448 600 CYPRIANVS
472 564 793 599 PRESBYTERIS
818 564 877 599 ET
902 564 1194 600 DIACONIBVS
1220 564 1486 599 FRATRIBVS
1512 565 1543 600 S.

163 691 263 747 Legi
277 691 437 733 litteras
449 692 621 741 uestras,
640 691 786 733 fratres
803 691 1019 742 carissimi,
1037 690 1185 745 quibus
1202 691 1427 745 scripsistis
1443 692 1608 735 salubre
1625 694 1641 734 Ι

108 761 326 804 consilium
363 762 548 802 uestrum
586 772 664 802 non
705 761 844 803 deesse
883 760 1081 803 fratribus
1110 761 1275 811 nostris,
1314 762 1360 802 ut
1390 761 1609 804 temeraria

79 829 368 872 efestinatione
405 829 590 882 deposita
625 829 863 883 religiosam
899 829 1143 882 patientiam
1173 829 1258 871 Deo
1289 829 1523 882 praebeant,
1562 830 1610 872 ut

106 897 264 951 quando
285 898 328 939 in
350 910 477 939 unum
498 910 569 950 per
589 897 676 939 eius
707 898 1030 940 misericordiam
1062 898 1308 949 uenerimus,
1341 898 1391 940 de
1419 897 1610 940 omnibus

106 966 316 1021 speciebus
338 966 562 1008 secundum
583 966 903 1009 ecclesiasticam
921 967 1180 1020 disciplinam
1198 967 1375 1009 tractare
1390 967 1609 1020 possimus,

106 1035 285 1077 maxime
322 1047 417 1076 cum
455 1034 656 1089 scriptum
687 1034 768 1077 sit:
808 1036 1057 1078 memento
1096 1036 1226 1077 unde
1266 1035 1523 1078 cecideris
1561 1035 1610 1077 et

107 1115 199 1158 age
229 1103 621 1156 paenitentiam.
653 1103 952 1157 paenitentiam
983 1105 1122 1146 autem
1154 1103 1225 1145 ille
1255 1104 1345 1159 agit
1375 1103 1446 1157 qui
1477 1102 1610 1145 diuini

63 1186 94 1211 ιο
107 1172 311 1225 praecepti
354 1184 510 1214 memor
548 1172 664 1214 mitis
694 1172 735 1214 et
764 1172 926 1225 patiens
957 1174 1000 1214 et
1030 1172 1311 1214 sacerdotibus
1341 1172 1418 1214 Dei
1449 1170 1614 1213 obtem:

106 1251 250 1293 perans
290 1240 496 1294 obsequiis
527 1241 613 1283 suis
644 1241 685 1283 et
714 1241 903 1295 operibus
933 1241 1055 1283 iustis
1085 1241 1311 1283 Dominum
1341 1241 1610 1295 promeretur.

164 1307 366 1359 Quoniam
397 1312 534 1351 tamen
565 1309 830 1365 significastis
860 1309 1059 1363 quosdam
1089 1310 1366 1352 inmoderatos
1388 1321 1475 1352 esse
1497 1310 1538 1351 et
1559 1308 1650 1351 adz

107 1377 520 1420 communicationem
549 1378 828 1433 accipiendam
857 1378 1101 1421 festinanter
1121 1391 1309 1433 urguere,
1335 1379 1376 1420 et
1405 1377 1611 1420 desidera-

109 1445 185 1486 stis
215 1446 258 1487 in
288 1445 394 1488 hanc
434 1459 522 1488 rem
560 1446 737 1489 formam
774 1446 892 1489 uobis
921 1460 946 1489 a
975 1459 1041 1489 me
1071 1447 1172 1497 dari,
1206 1447 1307 1489 satis
1337 1446 1456 1501 plene
1486 1445 1612 1499 scrip-

65 1528 96 1553 ιε»
111 1513 212 1556 sisse
242 1526 307 1556 me
337 1515 389 1557 ad
410 1514 514 1557 hanc
542 1527 628 1557 rem
658 1515 855 1570 proximis
885 1515 1039 1558 litteris
1068 1516 1120 1558 ad
1148 1527 1220 1557 uos
1252 1515 1371 1558 factis
1402 1514 1533 1565 credo,
1564 1515 1613 1555 ut

109 1583 179 1637 qui
218 1583 409 1626 libellum
439 1596 463 1626 a
492 1583 747 1639 martyribus
784 1586 1026 1638 acceperunt
1057 1585 1099 1626 et
1129 1585 1282 1626 auxilio
1322 1595 1462 1626 eorum
1492 1582 1612 1624 adiu-

109 1652 198 1694 uari
237 1652 345 1706 apud
374 1652 598 1695 Dominum
635 1653 677 1694 in
709 1653 871 1695 delictis
911 1653 996 1695 suis
1033 1654 1216 1706 possunt,
1257 1651 1292 1693 si
1330 1651 1461 1705 premi
1497 1649 1612 1692 infir-

108 1720 256 1762 mitate
286 1721 425 1774 aliqua
456 1723 497 1763 et
525 1721 704 1775 periculo
736 1722 954 1776 coeperint,
985 1721 1257 1775 exomologesi
1288 1719 1397 1762 facta
1426 1721 1467 1761 et
1487 1731 1611 1762 manu

108 1789 166 1830 eis
196 1801 220 1831 a
250 1789 367 1831 uobis
406 1789 449 1831 in
485 1789 780 1844 paenitentiam
819 1790 996 1843 inposita
1033 1802 1126 1832 cum
1167 1802 1265 1843 pace
1302 1802 1326 1831 a
1355 1788 1611 1844 martyribus

64 1857 192 1900 eosibi
230 1858 432 1912 promissa
461 1859 511 1900 ad
542 1858 767 1901 Dominum
798 1859 1080 1901 remittantur.
1113 1858 1237 1900 ceteri
1269 1869 1364 1900 uero
1397 1857 1467 1910 qui
1497 1856 1612 1898 nullo

245 2018 267 2053 8
290 2018 395 2062 Apoc.
421 2018 456 2063 2,
481 2019 513 2053 5.

176 2167 290 2212 Epist.
314 2167 470 2203 XVIIII.
498 2187 540 2192 —
565 2167 699 2212 Incipit
730 2167 768 2202 in
799 2178 869 2212 qua
901 2167 1064 2203 rescribit
1098 2169 1166 2211 (res
1200 2168 1343 2213 scripsit
1372 2168 1415 2207 T)
1449 2167 1540 2202 clero
1569 2166 1613 2201 dc

109 2226 165 2260 his
189 2226 251 2271 qui
275 2225 320 2260 ad
344 2236 465 2271 pacem
491 2226 666 2260 festinant
690 2225 830 2270 EQTo,
866 2235 931 2261 om.
959 2238 996 2260 ω.
1024 2245 1066 2251 -
1091 2225 1114 2260 2
1137 2225 1358 2270 diaconibus]
1383 2213 1443 2260 δῖ
1461 2224 1491 2270 Q

107 2282 129 2317 5
154 2282 328 2328 disposita
344 2282 478 2328 E¹QT
566 2285 608 2317 ut
631 2293 696 2318 om.
715 2283 767 2317 1⁴1¹
779 2283 838 2329 ρω
942 2283 963 2318 6
989 2282 1145 2328 quando]
1170 2294 1248 2318 cum
1276 2294 1294 2318 v
1387 2283 1462 2317 eius
1487 2292 1553 2316 om.
1572 2294 1610 2322 ω,

108 2340 183 2375 eius
208 2340 244 2375 in
274 2341 307 2376 T
407 2340 607 2375 ueniremus
635 2340 703 2386 ΩΤ
802 2342 825 2375 8
850 2342 1063 2375 memento„
1092 2341 1125 2375 T
1225 2341 1247 2375 9
1272 2340 1326 2374 ait
1356 2340 1388 2375 T
1476 2338 1611 2373 diuinis

107 2397 304 2442 praeceptis
337 2397 412 2433 E²o
538 2398 583 2432 10
615 2408 748 2432 memor
780 2408 846 2433 om.
880 2397 1036 2443 EQTocu
1158 2397 1461 2442 obtemperantias
1491 2397 1523 2431 T

110 2453 154 2490 11
179 2443 255 2489 ‹sffo‘
266 2454 359 2500 E’Q
384 2443 482 2498 (dfiffi
497 2455 557 2498 M)
652 2455 696 2490 12
721 2454 890 2500 quosdam
910 2481 918 2489 .
933 2482 939 2488 .
955 2480 965 2490 .
983 2454 1192 2490 desideratis
1217 2465 1282 2489 om.
1314 2467 1341 2487 ω
1434 2455 1470 2487 et
1494 2453 1538 2487 ad
1555 2452 1610 2494 M,

108 2528 142 2546 t*
166 2511 211 2546 ad
231 2512 272 2557 Q,
297 2511 341 2546 ad
360 2512 428 2554 Eo,
453 2514 489 2546 et
509 2513 611 2556 va;
637 2512 684 2556 cf.
711 2523 763 2557 ep.
791 2514 837 2547 55
861 2523 889 2547 c.
916 2514 940 2546 3
1034 2512 1076 2546 13
1100 2511 1291 2546 desiderati
1313 2512 1346 2546 T
1368 2510 1399 2544 ti
1424 2511 1466 2545 in
1490 2520 1564 2545 ras.

108 2569 152 2603 14
175 2568 242 2603 hac
266 2579 302 2603 rc
329 2580 347 2603 υ
448 2568 669 2604 formandam
694 2569 735 2603 E
827 2580 848 2603 a
872 2579 927 2603 me
951 2569 1052 2603 uobis
1077 2580 1098 2604 v
1199 2569 1288 2602 satis
1314 2567 1461 2613 MQ'T,
1487 2566 1610 2601 sciatis

108 2624 240 2670 EQ²w‚
267 2626 308 2658 ut
333 2625 455 2659 sciatis
480 2636 500 2660 ο
608 2625 652 2660 15
677 2625 720 2660 ad
745 2636 807 2661 uos
833 2636 899 2660 om.
926 2639 954 2659 ω
1060 2625 1175 2660 factis.
1203 2624 1314 2660 Credo
1339 2625 1392 2659 ita
1416 2623 1610 2669 distinquit

107 2681 200 2728 EoQ
224 2673 346 2726 (fa'c'tis
370 2682 472 2717 credo
497 2682 557 2727 M)
676 2684 719 2718 18
743 2683 865 2727 aliqua
889 2683 1099 2717 infirmitate
1125 2693 1145 2717 ο
1260 2681 1539 2725 exhomologisin
1567 2680 1607 2726 Q,

106 2739 390 2785 exhomologesin
418 2739 509 2774 ETo
603 2740 646 2774 19
679 2740 835 2785 inposita
859 2751 880 2774 a
904 2739 1004 2774 uobis
1029 2740 1066 2774 in
1092 2739 1348 2784 poenitentiam
1374 2749 1394 2772 ο
1487 2737 1608 2782 paeni-

107 2796 222 2831 tentia
250 2797 283 2832 T
394 2796 440 2831 20
464 2796 547 2841 sibi]
573 2796 604 2831 si
633 2798 666 2832 T
779 2796 824 2832 ad
847 2807 915 2833 om.
941 2797 1074 2842 E¹QT
1186 2795 1414 2830 remittentur
1438 2805 1458 2829 ο
1571 2793 1608 2827 in

107 2852 204 2888 nullo
228 2863 249 2889 ο
