1912 3152
269 184 349 225 136
808 178 1002 215 Caecilii
1028 179 1239 224 Cypriani

266 285 396 326 Item
427 283 562 325 illio:
594 283 648 325 Et
681 282 768 324 uidi
805 283 932 324 alium
965 283 1157 337 angelum
1178 282 1385 323 uolantem
1406 282 1540 323 medio
1562 281 1670 323 caelo
1692 282 1765 324 ha-

264 353 429 394 bentem
452 352 709 406 euangelium
730 364 903 404 perenne
925 351 1202 406 euangelizare
1224 350 1460 392 sedentibus
1477 350 1766 404 superterram

265 422 306 462 et
342 421 383 461 in
419 433 556 462 omnes
592 421 776 462 nationes
813 421 853 461 et
887 420 1020 461 tribus
1051 421 1092 461 et
1127 420 1291 474 linguas
1312 421 1352 461 et
1372 420 1541 473 populos
1563 419 1765 461 dicentem

265 501 361 531 uoce
382 502 555 544 magna:
587 490 730 531 timete
752 490 885 530 Deum
922 490 962 530 et
998 489 1092 530 date
1122 488 1158 529 ei
1186 489 1399 538 honorem,
1441 488 1632 541 quoniam
1653 488 1766 529 uenit

263 557 361 598 hora
391 558 534 599 iudicii
566 559 672 608 eiuS‚
706 559 746 600 et
777 558 940 599 adorate
974 570 1066 599 eum
1089 557 1159 610 qui
1180 557 1278 599 fecit
1300 558 1460 599 caelum
1482 558 1521 598 et
1542 558 1695 598 terram
1725 557 1765 598 et
1795 575 1809 599 5

263 639 374 667 mare
404 627 444 667 et
473 626 604 668 fontes
634 640 843 679 aquarum.
897 626 1028 667 Item
1059 626 1199 667 illic:
1246 625 1300 666 Et
1320 625 1407 666 uidi
1429 625 1546 678 quasi
1567 638 1680 667 mare
1701 625 1765 666 ui-

263 698 399 736 treum
421 696 598 737 mixtum
630 695 738 750 igni,
772 697 812 736 et
835 695 1011 737 uictores
1037 694 1188 736 bestiae
1210 694 1251 735 et
1271 694 1465 748 imaginis
1488 694 1595 745 eius,
1629 694 1669 735 61
1689 707 1765 735 1111-

262 777 398 806 merus
420 764 596 805 nominis
626 765 711 806 eius
737 764 930 805 CXLHH
952 765 1105 805 stantes
1127 775 1250 816 supra
1270 776 1380 804 mare
1402 763 1582 805 uitreum
1611 762 1766 804 haben-

263 834 325 874 tes
348 833 526 874 citharas
548 833 625 874 Dei
648 833 688 874 et
709 833 919 873 cantantes
942 832 1145 873 canticum
1167 832 1299 886 Moysi
1322 832 1429 873 serui
1451 831 1528 873 Dei
1564 832 1604 872 et
1640 831 1766 873 canti-

263 913 356 942 cum
378 901 473 955 agni
496 901 696 942 dicentes:
729 913 880 955 magna
901 902 941 942 et
961 900 1171 942 mirabilia
1192 912 1312 953 opera
1332 901 1426 950 tua,
1459 899 1634 941 Domine
1655 900 1766 942 Deus
1780 915 1811 940 lo

262 970 536 1023 omnipotens,
569 970 701 1011 iustae
724 971 764 1011 et
785 982 904 1011 uerae
934 969 1024 1011 uiae
1053 971 1146 1010 tuae
1176 970 1291 1020 sunt,
1324 982 1392 1011 rex
1430 969 1629 1024 gentium.
1675 969 1765 1022 quis

263 1051 342 1079 non
364 1039 510 1080 timeat
532 1040 572 1080 et
594 1038 662 1079 det
684 1038 878 1080 honorem
898 1038 1054 1080 nomini
1076 1040 1169 1088 tuo,
1202 1038 1298 1090 quia
1328 1038 1437 1079 solus
1472 1038 1565 1091 pius
1597 1039 1638 1080 et
1667 1050 1766 1091 quo-

263 1108 374 1149 niam
397 1119 535 1149 omnes
556 1108 739 1150 nationes
761 1108 927 1149 uenient
944 1109 984 1149 et
1001 1109 1228 1150 adorabunt
1249 1108 1290 1149 in
1313 1110 1530 1161 conspectu
1551 1109 1642 1159 tuo,
1665 1120 1765 1161 quo-

261 1177 372 1217 niam
413 1176 599 1219 iustitiae
641 1178 736 1219 tuae
783 1177 1072 1219 manifestatae
1112 1178 1219 1219 sunt.
1272 1178 1402 1219 Item
1441 1177 1491 1218 in
1529 1178 1764 1219 Daniele:

259 1245 359 1286 Fuit
380 1245 444 1287 uir
465 1246 656 1287 habitans
678 1246 720 1287 in
741 1246 970 1300 Babylone,
993 1246 1058 1287 cui
1078 1258 1225 1288 nomen
1246 1247 1332 1287 erat
1352 1246 1556 1293 Ioachim,
1589 1247 1630 1287 et
1651 1258 1764 1288 acce·
1777 1262 1810 1287 15

259 1314 322 1367 pit
343 1326 510 1356 uxorem
530 1315 692 1356 nomine
715 1314 940 1356 Susannam
962 1315 1091 1356 filiam
1121 1315 1319 1356 Helchiae
1342 1314 1563 1357 formosam
1584 1315 1704 1357 ualde
1726 1316 1764 1356 61

259 1383 477 1425 1111161116111
505 1384 750 1425 Dominum:
784 1385 824 1425 et
846 1385 961 1425 erant
982 1386 1169 1437 parentes
1206 1384 1292 1426 eius
1328 1384 1428 1426 iusti
1465 1385 1505 1425 61
1541 1384 1765 1426 docuerunt

258 1452 389 1493 filiam
412 1466 529 1494 suam
560 1453 783 1495 secundum
819 1453 952 1508 legem
989 1454 1134 1508 Moysi.
1182 1454 1311 1495 Item
1343 1454 1392 1494 in
1422 1453 1659 1495 Daniele:
1711 1454 1765 1495 Et

259 1533 401 1563 sumus
423 1521 601 1563 humiles
624 1522 667 1562 in
689 1522 800 1563 omni
821 1523 929 1564 terra
949 1522 1068 1563 hodie
1090 1523 1253 1575 propter
1270 1526 1436 1575 peccata
1451 1523 1602 1573 nostra,
1626 1524 1667 1564 et
1687 1533 1766 1563 non

260 1592 321 1631 est
343 1590 417 1631 hoc
438 1591 619 1642 tempore
643 1591 827 1643 princeps
856 1604 984 1644 neque
1021 1592 1219 1645 propheta
1255 1604 1383 1644 neque
1419 1592 1601 1644 potestas
1636 1602 1764 1644 neque
1779 1605 1811 1631 20

258 1659 339 1699 <lux
355 1671 484 1712 neque
506 1660 744 1701 holocausta
764 1672 892 1713 neque
909 1660 1042 1701 hostia
1059 1673 1187 1713 neque
1205 1660 1357 1702 oblatio
1375 1673 1503 1713 neque
1519 1660 1615 1702 thus
1636 1672 1766 1713 neque

258 1727 371 1769 locus
388 1728 612 1770 sacrificare
631 1741 765 1770 coram
783 1730 823 1770 te
842 1729 962 1771 hodie
980 1730 1020 1771 et
1038 1729 1220 1771 inuenire
1237 1729 1561 1771 misericordiam
1578 1742 1601 1770 a
1618 1730 1672 1779 te,
1696 1729 1765 1771 sed

259 1796 302 1837 in
333 1797 470 1839 anima
506 1799 546 1838 et
582 1798 729 1850 spiritu
750 1798 1004 1840 humilitatis
1026 1799 1211 1851 acceptos
1232 1810 1304 1840 nos
1325 1798 1427 1840 habe
1445 1799 1492 1839 ut
1507 1798 1766 1840 holocaustos

260 1865 452 1907 uictimas
475 1866 652 1907 arietum
674 1867 715 1908 et
736 1867 947 1908 taurorum
969 1868 1009 1908 et
1030 1867 1147 1920 quasi
1169 1868 1305 1909 multa
1326 1867 1444 1909 milia
1467 1879 1667 1922 agnorum
1689 1867 1759 1920 qui

258 1935 353 1975 sunt
373 1935 650 1989 pinguissimi.
685 1935 743 1977 sie
764 1935 837 1977 fiat
857 1935 991 1977 hostia
1011 1936 1150 1978 nostra
1172 1948 1306 1978 coram
1327 1937 1368 1977 te
1388 1936 1526 1987 hodie,
1558 1937 1599 1977 61
1620 1948 1765 1978 consu-
1778 1950 1810 1977 25

258 2005 394 2044 metui·
414 2005 594 2057 potestas
610 2004 730 2055 haec⁷
753 2005 946 2057 quoniam
966 2017 1046 2046 non
1068 2004 1306 2047 erubescent
1328 2005 1397 2058 qui
1419 2005 1626 2047 confidunt
1647 2004 1690 2046 in
1710 2005 1764 2046 16.

257 2074 298 2113 61
319 2085 425 2114 1111116
445 2073 655 2126 sequimur
676 2075 716 2115 16
738 2085 784 2114 ex
805 2074 892 2114 toto
914 2073 1033 2115 corde
1054 2075 1190 2115 nostro
1213 2076 1254 2116 et
1275 2074 1471 2115 timemus
1500 2075 1540 2115 te
1571 2075 1611 2115 et
1639 2086 1764 2127 quae-

258 2141 388 2182 rimus
410 2141 557 2183 faciem
579 2143 707 2183 tuam.
740 2154 788 2183 ne
809 2154 880 2183 nos
902 2142 944 2183 in
967 2143 1231 2196 obprobrium
1253 2143 1414 2194 tradas,
1448 2143 1517 2183 scd
1539 2142 1603 2184 fac
1623 2143 1763 2185 nobis-

397 2279 415 2313 1
435 2278 540 2322 Apoc.
562 2279 621 2320 14,
640 2279 662 2315 6
681 2290 731 2323 sq.
782 2279 804 2316 6
823 2281 929 2324 Apoc.
953 2280 1010 2321 15,
1027 2280 1050 2315 2
1067 2290 1116 2323 sq.
1192 2280 1240 2317 15
1259 2280 1419 2313 Susanna
1435 2279 1539 2315 1—3.
1615 2278 1664 2315 18
1682 2280 1765 2314 Pre-

257 2346 314 2370 ces
331 2336 429 2370 Asar.
453 2336 499 2372 13
519 2347 569 2381 sq.

326 2440 344 2472 1
372 2439 459 2483 illic]
478 2439 530 2473 ibi
552 2440 602 2474 W
671 2450 732 2484 per
749 2440 903 2474 medium
922 2440 1059 2474 caelum
1076 2451 1096 2474 v
1168 2439 1191 2475 3
1218 2439 1336 2473 dicens
1353 2438 1391 2473 in
1408 2449 1491 2473 11066
1505 2439 1557 2474 W
1626 2439 1648 2476 6
1674 2439 1763 2484 11116]

256 2497 368 2532 ibiW
427 2498 448 2533 7
466 2498 631 2541 uictores]
648 2499 832 2542 pascentes
846 2508 865 2531 v
929 2499 964 2531 et
978 2497 1161 2542 imaginis]
1178 2508 1255 2531 cum
1269 2497 1372 2542 agnis
1386 2509 1407 2533 v
1470 2497 1493 2533 9
1512 2499 1660 2532 cantant
1676 2509 1697 2532 v

257 2555 432 2590 canticum
448 2555 551 2590 moisi
569 2556 661 2589 serui
674 2555 712 2589 di
727 2556 778 2590 W
790 2565 816 2589 3.
832 2555 852 2589 Z.
871 2566 915 2589 m.
928 2557 953 2589 2
1027 2555 1075 2590 14
1092 2554 1281 2589 manifeste
1299 2557 1355 2590 W¹
1426 2555 1528 2600 item]
1544 2556 1579 2589 et
1592 2555 1642 2590 W
1703 2554 1763 2588 da-

256 2613 389 2647 nielum
406 2613 457 2648 W
527 2614 574 2651 15
593 2612 816 2657 babyloniav
889 2612 936 2648 16
963 2612 1117 2646 celchiae
1135 2612 1186 2647 W
1255 2612 1303 2648 17
1329 2612 1431 2647 deum
1449 2624 1470 2648 v
1551 2612 1599 2648 18
1625 2611 1763 2646 danielo

261 2671 311 2705 W
402 2671 454 2706 20
477 2670 664 2715 prophetes
681 2682 702 2705 v
806 2680 918 2714 neque
934 2671 1090 2713 potestas
1108 2680 1172 2704 om.
1187 2681 1210 2704 v
1303 2669 1351 2705 21
1377 2680 1490 2714 neque
1506 2670 1639 2704 oblatio
1653 2679 1764 2713 neque

256 2728 374 2762 hostia
387 2740 408 2763 υ
470 2728 520 2764 22
538 2727 664 2762 hodiae
678 2728 736 2769 W,
754 2738 818 2762 om.
833 2738 854 2761 v
917 2726 990 2771 sed]
1011 2728 1047 2760 et
1063 2738 1084 2762 υ
1147 2726 1196 2763 23
1214 2726 1399 2763 habereW
1461 2727 1658 2762 holocausti
1675 2739 1695 2762 v

257 2786 306 2823 25
325 2787 584 2820 consummetur
597 2786 648 2820 W
739 2784 789 2821 26
807 2785 905 2829 haec]
921 2784 1065 2819 illorum
1083 2796 1103 2819 v
1197 2784 1246 2820 27
1263 2785 1300 2818 te
1318 2795 1357 2818 ex
1372 2794 1436 2819 om.
1455 2796 1476 2820 v
1547 2787 1583 2819 te
1597 2796 1662 2820 om.
1678 2796 1697 2821 v

257 2843 307 2878 28
324 2846 423 2877 tuam
441 2843 558 2877 uidere
577 2844 621 2876 W
