1838 3152
209 213 291 255 592
727 210 921 244 Caecilii
948 209 1163 254 Cypriani

209 315 390 368 ceptione
429 314 653 364 uerterunt,
693 314 740 354 ut
777 325 918 367 aegros
958 314 998 354 et
1029 313 1185 354 saucios
1225 313 1265 353 et
1305 312 1355 353 ad
1395 311 1589 363 capienda
1625 310 1708 351 for-

209 383 315 424 tiora
354 381 524 424 consilia
559 395 631 434 per
669 382 951 423 calamitatem
990 381 1133 422 ruinae
1173 393 1266 421 suae
1304 380 1441 421 minus
1472 379 1636 420 idoneos
1668 381 1710 421 et

210 452 346 492 minus
387 450 538 492 solidos
577 463 600 492 a
630 450 807 492 medella
847 450 1030 491 uulneris
1072 450 1135 491 sui
1176 449 1345 490 auocent
1383 450 1424 489 et
1461 448 1709 490 intermissis

209 519 397 573 precibus
419 521 459 560 et
481 519 731 560 orationibus
763 518 911 571 quibus
933 518 1134 559 Dominus
1165 517 1288 571 longa
1311 519 1351 558 et
1374 517 1565 558 continua
1586 517 1709 559 satis-

209 588 386 629 factione
407 588 630 641 placandus
648 588 710 629 est
727 587 777 628 ad
794 586 1009 628 exitiosam
1030 586 1309 627 temeritatem
1326 586 1536 627 mendacio
1555 586 1709 639 captio·
1724 598 1739 622 ⁵

210 669 276 698 sae
307 656 419 710 pacis
451 657 641 698 innitent.

172 727 195 767 3
269 725 347 767 Sed
379 739 446 767 oro
478 737 562 777 uos,
603 725 763 775 fratres,
803 724 976 779 uigilate
1014 725 1153 766 contra
1182 725 1353 766 insidias
1385 723 1539 765 diaboli
1570 724 1611 764 et
1640 734 1711 775 pro

211 796 349 836 uestra
389 795 520 835 salute
560 793 729 835 solliciti
769 795 910 835 contra
941 793 1198 835 mortiferam
1229 793 1438 835 fallaciam
1469 791 1712 845 diligentius

211 863 418 905 excubate.
453 863 679 916 persecutio
711 863 773 904 est
803 862 902 904 haec
933 862 1016 904 alia
1046 863 1086 904 et
1106 862 1188 904 alia
1207 862 1269 904 est
1289 862 1510 915 temptatio
1532 861 1572 902 et
1593 861 1712 914 quin-

210 946 287 986 que
324 933 396 973 isti
434 931 662 986 presbyteri
701 931 805 972 nihil
844 931 958 973 aliud
997 932 1093 973 sunt
1133 944 1257 984 quam
1295 931 1474 984 quinque
1512 931 1711 983 primores
1726 945 1760 970 10

209 1000 273 1041 illi
312 999 380 1052 qui
417 999 549 1040 edicto
588 1011 715 1051 nuper
753 998 1068 1051 magistratibus
1100 997 1263 1039 fuerant
1294 997 1487 1050 copulati,
1520 997 1567 1038 ut
1589 997 1713 1038 fidem

211 1070 394 1110 nostram
424 1068 677 1115 subruerent,
709 1069 756 1109 ut
777 1067 948 1121 gracilia
975 1068 1150 1109 fratrum
1172 1067 1292 1109 corda
1313 1067 1364 1108 ad
1384 1067 1528 1108 letales
1549 1066 1715 1119 laqueos

210 1137 556 1190 praeuaricatione
594 1136 784 1178 ueritatis
817 1137 1062 1178 auerterent.
1104 1136 1246 1178 eadem
1277 1149 1385 1178 nunc
1415 1136 1532 1186 ratio,
1574 1135 1714 1177 eadem

210 1218 351 1248 rursus
390 1206 544 1247 euersio
583 1219 654 1258 per
694 1206 873 1259 quinque
913 1205 1171 1259 presbyteros
1202 1206 1462 1247 Felicissimo
1504 1205 1714 1257 copulatos

211 1275 263 1317 ad
279 1275 442 1316 ruinam
464 1275 612 1317 salutis
635 1275 855 1325 inducitur,
879 1276 925 1316 ut
946 1286 1025 1316 non
1046 1275 1212 1329 rogetur
1228 1275 1338 1316 Deus
1360 1287 1434 1316 nec
1455 1274 1525 1327 qui
1546 1273 1715 1328 negauit
1729 1286 1762 1311 15

212 1344 424 1386 Christum
464 1345 636 1385 eundem
669 1343 879 1385 Christum
919 1356 1040 1396 quem
1077 1345 1301 1397 negauerat
1332 1343 1584 1397 deprecetur,
1624 1342 1717 1395 post

212 1413 376 1465 culpam
415 1413 597 1454 criminis
637 1413 812 1454 tollatur
842 1413 883 1453 et
913 1412 1179 1466 paenitentia,
1219 1424 1291 1453 nec
1330 1425 1401 1465 per
1437 1412 1644 1466 episcopos
1676 1411 1718 1452 et

213 1482 436 1523 sacerdotes
465 1482 642 1523 Domini
670 1481 845 1523 Domino
877 1481 1065 1532 satisfiat,
1098 1481 1168 1523 sed
1197 1481 1354 1523 relictis
1384 1480 1553 1523 Domini
1584 1493 1717 1522 sacer-

213 1551 377 1592 dotibus
409 1552 549 1592 contra
579 1551 859 1604 euangelicam
890 1551 1153 1603 disciplinam
1174 1563 1281 1592 noua
1302 1550 1471 1591 traditio
1494 1550 1718 1603 sacrilegae

215 1621 493 1663 institutionis
525 1622 708 1675 exurgat,
742 1633 917 1673 cumque
948 1620 1074 1662 semel
1105 1620 1308 1674 placuerit
1338 1621 1427 1661 tam
1457 1619 1574 1661 nobis
1596 1631 1719 1672 quam
1733 1631 1767 1657 20

215 1690 509 1731 confessoribus
531 1691 573 1731 et
595 1690 752 1731 clericis
783 1689 948 1740 urbicis,
981 1689 1083 1730 item
1113 1689 1317 1730 uniuersis
1349 1688 1548 1742 episcopis
1579 1688 1647 1729 uel
1675 1687 1719 1728 in

214 1760 353 1800 nostra
391 1759 602 1811 prouincia
639 1759 706 1800 uel
737 1760 850 1800 trans
874 1771 986 1799 mare
1018 1758 1257 1800 constitutis
1289 1758 1336 1798 ut
1365 1757 1471 1799 nihil
1500 1757 1719 1798 innouetur

215 1828 319 1869 circa
356 1828 564 1880 lapsorum
603 1840 782 1878 causam,
820 1827 901 1869 nisi
937 1839 1075 1869 omnes
1106 1827 1149 1868 in
1179 1840 1307 1868 unum
1339 1826 1648 1868 conuenerimus
1679 1825 1721 1867 et

215 1897 388 1938 conlatis
420 1896 601 1938 consiliis
634 1910 728 1939 cum
761 1896 979 1951 disciplina
1011 1896 1166 1950 pariter
1187 1897 1228 1937 et
1248 1895 1530 1937 misericordia
1560 1896 1719 1947 tempe-

214 1966 347 2007 ratam
374 1966 621 2007 sententiam
643 1965 866 2017 fixerimus,
888 1966 1027 2007 contra
1047 1967 1122 2008 hoc
1144 1965 1361 2007 consilium
1382 1965 1568 2006 nostrum
1589 1963 1719 2004 rebel·
1733 1975 1766 2000 25

214 2034 323 2076 letur
352 2035 391 2076 et
413 2035 544 2076 omnis
576 2035 840 2077 sacerdotalis
871 2034 1095 2077 auctoritas
1127 2036 1169 2077 et
1198 2034 1380 2087 potestas
1411 2033 1595 2075 factiosis
1626 2044 1721 2074 con-

215 2103 508 2156 spirationibus
540 2104 788 2146 destruatur.

286 2254 304 2287 1
323 2254 358 2287 et
376 2252 431 2296 ad]
453 2251 496 2286 ad
517 2252 546 2296 Q
638 2252 660 2286 2
676 2254 801 2286 ruinae
818 2262 883 2287 om.
903 2253 939 2287 Β
1032 2253 1086 2287 sui
1105 2263 1149 2287 ecc
1167 2263 1226 2286 sue
1244 2252 1279 2286 Β
1371 2253 1392 2286 3
1412 2251 1546 2285 medela
1564 2250 1675 2284 BP²v

216 2312 404 2345 auocarent
422 2310 457 2344 Β
546 2310 568 2344 5
585 2309 628 2343 ad
646 2320 710 2343 om.
732 2310 767 2344 P
859 2311 880 2345 9
898 2312 952 2345 est
968 2311 1159 2355 temptatio
1178 2310 1224 2352 Β,
1244 2309 1480 2354 etemptation
1498 2309 1532 2342 L
1549 2308 1586 2352 (n
1603 2308 1721 2351 eras),

214 2370 405 2414 temptatio
424 2367 555 2413 NPQv
675 2371 711 2403 et
729 2379 792 2403 om.
814 2380 834 2404 v
960 2369 1002 2403 11
1021 2369 1137 2402 fuerat
1154 2368 1189 2402 Β
1315 2367 1358 2401 12
1377 2366 1623 2400 subuerterent
1646 2364 1681 2399 V

216 2429 368 2474 gracilia
385 2429 428 2464 N
431 2428 470 2473 Q,
488 2428 678 2473 gracilium
697 2428 742 2469 Β,
761 2427 910 2471 gratiali
929 2437 972 2461 ex
989 2426 1108 2471 gratia
1125 2426 1169 2466 P,
1188 2424 1336 2469 fragilia
1354 2423 1429 2458 LV
1519 2422 1562 2457 ad
1579 2421 1721 2466 letales]

216 2486 260 2520 ad
285 2486 434 2521 lectares
452 2486 537 2526 LN,
569 2485 737 2520 allectare
762 2486 792 2518 is
811 2485 846 2518 P
977 2484 1123 2528 laqucas
1141 2483 1186 2524 L,
1217 2482 1354 2526 laqueis
1373 2482 1409 2516 P
1538 2481 1582 2514 13
1607 2480 1722 2513 uerte—

216 2545 295 2578 rent
309 2544 344 2578 Β
439 2544 482 2578 15
498 2532 613 2588 dfiE'Q
707 2542 748 2576 17
767 2541 1028 2586 paenitentiam
1042 2541 1085 2575 N
1087 2540 1116 2585 Q
1210 2540 1253 2574 18
1270 2538 1404 2573 domini
1422 2539 1562 2572 domino
1579 2536 1721 2580 scripsi,

217 2591 517 2646 dnTLNPQ1M‚
536 2590 727 2645 dffi‘BQ2v
811 2599 968 2633 satisfiat
985 2598 1046 2633 sed
1062 2598 1201 2633 relictis
1218 2597 1352 2632 domini
1370 2608 1435 2631 om.
1453 2596 1502 2630 M
1515 2596 1609 2640 (exli.
1631 2594 1676 2639 Q)

218 2649 296 2693 (11Τᾶ
308 2659 370 2704 (2¹,
391 2648 479 2693 ‹hffff
493 2658 527 2693 L
658 2658 703 2692 20
720 2657 870 2702 placerit
886 2657 935 2690 M
949 2656 1140 2700 (placuerit
1160 2655 1204 2700 Q)
1330 2654 1374 2688 21
1392 2654 1480 2687 item
1497 2664 1529 2687 u.
1550 2651 1723 2696 episcopis

219 2727 284 2751 om.
304 2717 338 2750 Β
461 2716 506 2750 23
524 2726 629 2750 causa
648 2716 683 2749 Β
799 2714 1065 2748 conueniremus
1088 2713 1117 2758 Q
1240 2712 1285 2746 24
1302 2710 1580 2745 misericordiam
1603 2709 1632 2754 Q

218 2775 263 2808 25
287 2774 494 2818 rebelletur]
525 2774 708 2808 reueretur
726 2772 838 2807 LNP
968 2771 1012 2805 26
1036 2772 1071 2805 et
1099 2770 1185 2814 pot]
1218 2769 1278 2804 sed
1302 2770 1373 2813 pot.
1394 2768 1467 2803 LP
1596 2766 1638 2800 27
1665 2765 1722 2800 de-

220 2831 373 2866 struitur
391 2832 426 2865 P
