1912 3152
548 251 606 286 De
631 250 920 286 mortalitate
944 261 971 286 c.
997 251 1144 287 23-26.
1540 254 1626 296 313

133 359 275 402 loeiter
303 355 550 399 recedamus.
590 355 625 396 si
655 355 698 396 in
728 354 965 397 habitaculo
995 355 1067 397 tuo
1088 354 1262 408 parietes
1283 356 1490 399 uetustate
1511 357 1632 398 nuta-

131 428 244 477 rent,
275 427 384 468 tecta
412 424 583 478 desuper
613 424 856 476 tremerent,
888 423 1035 466 domus
1066 423 1150 466 iam
1181 423 1380 480 fatigata,
1412 425 1496 468 iam
1524 425 1632 469 lassa

130 495 324 539 aedificiis
345 494 553 537 senectute
569 493 803 535 labentibus
820 493 982 535 ruinam
998 492 1227 548 proximam
1243 493 1482 545 minaretur,
1499 505 1630 537 nonne

126 564 235 607 omni
257 563 465 606 celeritate
495 562 725 616 migrares?
754 562 789 604 si
819 561 1042 617 nauigante
1071 562 1113 604 te
1143 561 1309 604 turbida
1331 562 1372 603 01
1406 562 1630 615 procellosa

81 642 96 667 ⁵
127 633 349 686 tempestas
370 631 565 673 fiuctibus
587 630 809 673 uiolentius
831 630 1021 673 excitatis
1042 631 1347 684 praenuntiaret
1368 630 1509 674 futura
1529 644 1631 674 nau·

125 701 281 757 fragia,
313 712 443 742 nonne
471 700 636 753 portum
672 698 853 742 uelocius
881 700 1068 754 peteres?
1098 699 1276 742 mundus
1310 711 1400 742 ecce
1435 700 1555 743 nutat
1591 701 1632 743 et

123 770 281 812 labitur
302 770 343 812 et
365 768 525 810 ruinam
548 768 611 810 sui
633 779 712 810 non
733 767 816 810 iam
844 768 1052 811 senectute
1081 781 1217 810 rerum
1239 767 1309 811 sed
1331 768 1409 811 fine
1430 769 1628 811 testatur:

121 840 163 882 et
184 841 230 881 tu
252 851 330 881 non
351 839 436 880 Deo
457 837 611 893 gratias
643 837 752 892 agis,
784 849 862 879 non
892 837 973 880 tibi
1003 837 1230 892 gratularis
1261 837 1367 891 quod
1399 837 1510 880 exitu
1541 850 1630 880 ma-

120 907 273 950 turiore
294 906 526 950 subtractus
562 906 691 949 ruinis
728 906 769 948 et
804 905 1033 962 naufragiis
1068 907 1109 950 et
1142 906 1278 962 plagis
1314 906 1629 949 imminentibus

1 996 8 1019 1
75 991 108 1017 1ο
124 976 313 1020 exuaris?

175 1044 521 1087 Considerandum
552 1046 634 1097 est,
667 1044 815 1087 fratres
851 1043 1134 1097 dilectissimi,
1174 1046 1215 1087 et
1249 1044 1477 1087 identidem
1513 1045 1626 1101 cogi·
1641 1051 1694 1092 26

118 1114 291 1157 tandum
312 1113 568 1156 renuntiasse
584 1126 656 1156 nos
679 1114 833 1156 mundo
850 1114 891 1155 et
907 1114 1120 1167 tamquam
1137 1113 1319 1168 hospites
1336 1114 1377 1156 et
1392 1114 1626 1169 peregrinos

116 1183 183 1225 hic
205 1183 372 1225 interim
392 1183 551 1238 degere.
583 1183 883 1238 amplectamur
904 1182 1015 1225 diem
1037 1183 1108 1237 qui
1130 1182 1322 1238 adsignat
1343 1183 1527 1238 singulos
1550 1183 1623 1225 do-

115 1252 270 1294 micilio
292 1264 388 1303 3110,
421 1252 491 1305 qui
519 1263 591 1294 nos
619 1252 743 1295 istinc
773 1252 933 1306 ereptos
964 1252 1006 1294 et
1026 1251 1185 1305 laqueis
1207 1251 1487 1294 saecularibus
1509 1264 1623 1294 exso-

70 1322 223 1364 15111103
243 1321 431 1375 paradiso
453 1321 637 1364 restituit
672 1323 714 1364 et
749 1332 884 1377 regno.
925 1321 1017 1375 quis
1052 1333 1132 1363 non
1167 1333 1336 1376 peregre
1372 1321 1623 1364 constitutus

115 1391 303 1444 properet
324 1390 366 1432 in
386 1390 566 1444 patriam
588 1390 778 1445 regredi?
808 1390 899 1444 quis
919 1401 999 1432 non
1021 1389 1073 1432 ad
1094 1401 1188 1432 suos
1207 1390 1404 1446 nauigare
1424 1389 1622 1433 festinans

115 1461 285 1501 uentum
306 1471 544 1513 prosperum
566 1459 754 1513 cupidius
775 1460 909 1513 optet,
941 1459 989 1501 ut
1010 1459 1209 1501 uelociter
1231 1470 1345 1501 caros
1373 1459 1496 1501 liceat
1529 1471 1619 1501 am-

116 1528 271 1582 plecti?
301 1527 479 1582 patriam
510 1539 582 1570 nos
613 1529 799 1571 nostram
830 1527 1070 1583 paradisum
1101 1529 1394 1582 conputamuS‚
1432 1528 1620 1583 parentes

114 1597 364 1652 patriarchas
385 1597 533 1640 habere
553 1597 636 1639 iam
659 1598 887 1651 coepimus:
920 1597 1020 1651 quid
1041 1609 1121 1640 non
1141 1609 1404 1651 properamus
1425 1598 1467 1639 et
1489 1597 1620 1639 curri-

67 1684 101 1711 20
114 1680 225 1718 mus,
248 1669 295 1710 ut
316 1668 493 1721 patriam
514 1668 698 1709 nostram
719 1666 880 1718 uidere,
912 1667 959 1709 ut
978 1667 1165 1720 parentes
1186 1666 1367 1710 salutare
1386 1666 1622 1720 possimus?

19 1746 24 1786 q
113 1748 285 1791 magnus
306 1736 394 1779 illic
414 1748 486 1778 nos
507 1748 693 1779 carorum
714 1748 908 1778 numerus
929 1736 1116 1790 expectat
1135 1768 1145 1787 ‚
1167 1736 1406 1789 parentum,
1429 1735 1620 1787 fratrum,

111 1805 289 1848 filiorum
324 1805 512 1859 frequens
532 1817 605 1848 nos
626 1805 667 1848 et
688 1805 847 1859 copiosa
867 1805 990 1848 turba
1011 1804 1215 1847 desiderat
1235 1804 1318 1847 iam
1341 1805 1391 1847 de
1413 1818 1487 1847 sua
1508 1805 1621 1847 inco·

111 1874 301 1917 lumitate
322 1886 474 1926 secura,
497 1874 629 1917 adhuc
649 1874 698 1917 de
719 1876 857 1917 nostra
877 1874 1011 1917 salute
1043 1873 1232 1916 sollicita.
1265 1874 1315 1916 ad
1346 1874 1492 1915 horum
1524 1885 1620 1916 con-

21 1927 27 1987 1
112 1945 297 1997 spectum
319 1945 360 1986 et
390 1943 630 1997 conplexum
667 1943 807 1986 uenire
837 1944 992 1998 quanta
1028 1943 1069 1986 et
1103 1943 1189 1985 illis
1218 1944 1259 1985 et
1286 1943 1404 1986 nobis
1434 1943 1477 1985 in
1507 1954 1620 1986 com-

22 1991 27 2088 }
65 2027 98 2053 25
111 2024 231 2054 mune
252 2012 411 2054 laetitia
433 2013 512 2063 est,
546 2012 681 2066 qualis
702 2012 790 2054 illic
811 2012 1053 2055 caelestium
1074 2024 1295 2068 regnorum
1317 2012 1508 2066 uoluptas
1530 2012 1618 2055 sine

23 2090 27 2114 ³
110 2080 255 2124 timore
276 2081 476 2124 moriendi
498 2082 538 2124 et
559 2094 652 2124 cum
674 2082 918 2124 aeternitate
939 2081 1109 2124 uiuendi
1131 2093 1255 2135 quam
1278 2093 1442 2124 summa
1462 2082 1504 2124 et
1524 2094 1618 2137 per-

23 2121 28 2199 i
109 2151 230 2203 petua
252 2149 449 2193 felicitas!
482 2150 570 2194 illic
599 2151 878 2205 apostolorum
907 2150 1109 2206 gloriosus
1139 2150 1305 2202 chorus,
1337 2150 1426 2193 illic
1447 2150 1620 2205 prophe-

24 2219 29 2248 ι

180 2278 198 2310 1
225 2287 286 2311 3110
308 2276 337 2312 Ο
424 2276 573 2321 parietis
591 2276 621 2312 S
713 2278 841 2312 nutent
864 2277 914 2313 W
1002 2278 1024 2312 4
1050 2279 1086 2312 te
1104 2287 1168 2313 om.
1189 2278 1240 2314 W
1321 2278 1342 2312 6
1367 2277 1523 2313 uelocius
1542 2276 1618 2318 SV,

113 2333 280 2368 uelociter
299 2333 440 2369 OWGv
511 2334 530 2367 7
559 2333 632 2379 sed]
651 2344 758 2379 quam
781 2334 814 2370 G·
883 2335 906 2370 8
931 2335 994 2370 deo
1012 2345 1082 2369 non
1103 2335 1135 2369 G
1205 2335 1408 2380 gratulares
1428 2334 1474 2371 0¹
1546 2345 1618 2370 ma-

27 2398 31 2435 1
112 2393 230 2425 turore
248 2391 277 2426 S
368 2393 389 2425 9
414 2393 450 2425 et
467 2391 582 2426 ruinis
599 2394 635 2426 01
658 2391 690 2427 G
785 2392 913 2437 plagus
937 2392 966 2428 O
1060 2392 1105 2427 10
1129 2392 1282 2438 exuaris]
1300 2393 1465 2428 eximaris
1482 2393 1620 2438 recepit

27 2437 31 2498 ¹!
112 2448 255 2492 leovum
282 2448 329 2492 cf.
343 2459 381 2493 1).
398 2451 480 2490 328,
500 2451 547 2484 10
564 2451 689 2484 exutus
763 2450 805 2484 11
831 2449 1039 2495 identidem]
1057 2449 1150 2485 idem
1169 2450 1198 2486 S
1271 2449 1315 2485 13
1340 2450 1411 2496 hic]
1430 2450 1512 2485 istic
1529 2461 1550 2486 v

29 2514 31 2542 !
110 2507 226 2549 tegere
244 2505 293 2540 W
405 2506 496 2541 diem
527 2506 602 2552 qui]
633 2506 762 2551 diemq.
790 2506 820 2542 S
942 2508 985 2542 14
1010 2507 1129 2553 istinc]
1155 2508 1273 2553 string
1298 2507 1329 2543 S
1442 2508 1486 2543 15
1510 2518 1618 2553 regno

29 2549 32 2606 1
110 2561 262 2598 SOWG
277 2565 473 2609 etAuqust.
490 2565 638 2608 (contra
655 2564 751 2599 duas
768 2565 870 2609 epist.
886 2564 964 2600 Pel.
981 2565 1048 2607 IV,
1064 2568 1100 2607 8,
1114 2567 1200 2610 22),
1219 2576 1329 2611 regno
1342 2565 1516 2601 coelorum
1530 2576 1551 2601 v

29 2611 33 2637 ἵ
110 2618 153 2652 16
169 2623 374 2664 properaret
387 2620 492 2656 OWv
563 2622 605 2655 17
625 2622 768 2666 optaret
781 2621 887 2658 OWv
950 2623 1005 2668 ut]
1020 2624 1056 2658 et
1072 2622 1102 2659 0
1165 2622 1290 2658 liceret
1305 2623 1371 2664 Gv,
1387 2623 1506 2658 liciret
1520 2623 1549 2659 O

30 2697 34 2728 3
110 2676 153 2710 18
169 2686 230 2711 1103
244 2687 308 2712 om.
324 2677 388 2712 OG
395 2690 412 2713 v
459 2679 688 2723 conputemus
705 2678 734 2714 O
799 2679 846 2714 20
860 2680 900 2714 111
913 2681 1076 2724 parentes
1090 2679 1211 2716 OWG
1222 2680 1240 2722 ¹,
1255 2681 1291 2715 et
1303 2691 1335 2725 p.
1347 2680 1411 2716 SG
1417 2681 1429 2700 ²
1475 2680 1519 2715 21
1539 2680 1617 2715 11110

31 2734 34 2790 3
108 2742 172 2768 om.
182 2733 211 2768 Ο
279 2735 325 2769 22
343 2735 589 2770 incolumitate
598 2746 720 2771 secura
730 2735 761 2772 S
765 2736 795 2773 Ο
801 2737 883 2773 WG
892 2737 965 2773 Vet
974 2737 1127 2784 Auyust.
1139 2739 1158 2782 (
1157 2737 1201 2773 de
1209 2738 1394 2782 praedest.
1404 2742 1616 2774 sanctorum

31 2814 34 2819 -
108 2799 136 2825 c.
157 2793 211 2831 14,
230 2793 313 2834 28),
343 2791 615 2828 immortalitate
634 2804 755 2830 secura
772 2795 809 2829 01
826 2805 846 2830 υ
915 2794 961 2830 24
986 2794 1086 2830 1101113
1106 2796 1142 2829 01
1159 2794 1234 2830 11113
1260 2794 1290 2832 Ο
1375 2796 1421 2831 25
1445 2796 1615 2832 uoluntas

32 2841 35 2905 ’1
111 2846 214 2884 SGO
283 2849 328 2884 26
353 2849 599 2886 aeternitatem
617 2850 648 2887 S
715 2862 891 2888 summam
909 2851 954 2889 S¹
1023 2852 1067 2888 27
1093 2851 1209 2888 illic..
1224 2852 1367 2889 ‚chorus
1384 2863 1450 2889 om.
1472 2852 1501 2889 O

1 2998 5 3012 ·
34 2993 37 3028 z
