1838 3152
608 253 843 299 Epistulae
867 253 1189 289 LXV1.c.4—7.
1561 257 1640 298 731

148 359 418 413 simpliciores
440 359 481 400 et
501 358 690 400 meliores
718 358 835 400 uobis
863 359 960 399 sunt
979 358 1127 400 brutae
1148 359 1320 412 pecudes
1341 360 1382 401 et
1410 360 1526 401 muta
1554 359 1643 401 ani-

150 428 278 470 malia
298 428 339 469 et
360 427 521 470 cruenti
550 427 648 469 licet
669 440 716 469 ac
736 427 918 468 furentes
940 426 1048 468 inter
1068 427 1227 481 gladios
1248 428 1378 481 adque
1400 428 1507 470 inter
1527 440 1642 469 arma

147 497 398 551 praedones?
435 496 690 549 praepositus
720 495 809 537 illic
839 495 1076 549 agnoscitur
1106 496 1146 536 et
1175 496 1359 546 timetur,
1401 508 1523 549 quem
1562 508 1641 537 non

150 565 355 607 sententia
374 565 516 606 diuina
536 564 769 614 constituit,
792 564 862 605 sed
883 563 926 605 in
948 575 1071 616 quem
1093 563 1216 605 factio
1237 564 1398 617 perdita
1426 565 1468 605 et
1495 576 1642 606 nocens

118 651 133 675 5
148 635 313 675 caterua
334 634 547 675 consensit.

201 701 355 743 Dixisti
378 714 471 743 sane
493 702 734 756 scrupulum
755 701 833 742 tibi
855 713 943 742 esse
963 696 1193 742 tollendum
1214 700 1264 742 de
1285 701 1433 751 anim0,
1456 701 1498 742 in
1519 714 1641 754 quem
1656 709 1679 750 7

149 770 345 812 incidisti.
370 770 566 824 incidisti,
589 769 659 811 sed
688 770 760 811 tua
787 768 1033 811 credulitate
1062 769 1309 823 inreligiosa.
1341 769 1538 819 incidisti,
1570 770 1640 811 sed

147 841 222 881 tua
240 840 378 880 mente
399 839 439 881 et
459 839 673 881 uoluntate
703 838 921 892 sacrilega:
955 839 1055 880 dum
1076 838 1244 888 incesta,
1266 838 1354 879 tum
1378 837 1518 890 impia,
1540 838 1640 880 dum

146 907 323 950 nefanda
351 908 492 949 contra
513 907 696 957 fratrem,
731 908 871 949 contra
893 907 1144 950 sacerdotem
1166 907 1285 948 facile
1306 906 1436 956 audis,
1466 906 1641 948 libenter

99 991 133 1016 ιο
147 978 187 1018 et
207 976 350 1026 credis,
387 976 519 1017 aliena
548 975 760 1017 mendacia
789 976 906 1029 quasi
927 976 1091 1029 propria
1113 976 1153 1017 et
1173 976 1336 1029 priuata
1357 975 1541 1017 defendis
1568 987 1641 1016 nec

143 1045 367 1087 recordaris
416 1044 615 1097 scriptum
656 1056 761 1086 esse:
815 1044 959 1098 saepi
1009 1056 1156 1086 aures
1206 1046 1321 1086 tuas
1371 1044 1538 1098 spinis
1591 1044 1642 1085 et

142 1113 250 1155 noli
297 1113 476 1155 audire
521 1112 751 1167 linguam
791 1126 1025 1166 nequam,
1065 1114 1105 1154 et
1142 1114 1314 1155 iterum:
1363 1114 1530 1155 malus
1561 1113 1642 1154 ob-

142 1181 293 1224 audit
330 1182 539 1236 linguae
576 1181 894 1234 iniquorum,
936 1182 1110 1223 iustus
1141 1183 1312 1224 autem
1342 1194 1437 1224 non
1475 1182 1640 1224 inten-

143 1251 224 1292 dit
255 1250 415 1292 labiis
447 1250 798 1292 mendacibus.
843 1263 966 1304 quare
987 1251 1029 1292 in
1058 1251 1165 1293 hunc
1196 1251 1435 1305 scrupulum
1465 1264 1544 1293 non
1575 1251 1640 1292 in-

101 1337 132 1361 15
149 1319 335 1361 ciderunt
363 1320 567 1373 martyres
597 1321 736 1361 sancto
767 1319 915 1372 spiritu
945 1319 1054 1372 pleni
1085 1321 1126 1361 et
1144 1321 1195 1361 ad
1217 1320 1479 1373 conspectum
1500 1320 1577 1362 Dei
1598 1322 1642 1362 et

143 1387 298 1429 Christi
320 1388 406 1429 eius
428 1388 616 1442 passione
635 1388 718 1430 iam
740 1388 926 1440 proximi,
958 1389 1027 1441 qui
1051 1388 1102 1430 ad
1125 1388 1374 1443 Cyprianum
1404 1388 1640 1443 episcopum

140 1456 300 1498 litteras
343 1456 391 1497 de
430 1468 587 1498 carcere
618 1457 865 1507 direxerunt,
908 1457 1158 1498 sacerdotem
1190 1457 1267 1498 Dei
1305 1458 1568 1511 agnoscentes
1598 1458 1641 1498 et

138 1527 414 1567 contestantes
450 1526 515 1567 ei‘?
556 1538 678 1579 quare
717 1526 759 1567 in
789 1526 896 1568 hunc
935 1526 1174 1579 scrupulum
1205 1537 1284 1567 non
1314 1526 1547 1567 inciderunt
1577 1526 1642 1568 tot

140 1595 366 1648 coepiscopi
390 1594 572 1649 collegae
592 1595 687 1648 mei,
719 1595 790 1647 qui
819 1595 887 1636 uel
918 1608 1012 1636 cum
1043 1596 1093 1637 de
1123 1595 1258 1636 medio
1290 1596 1520 1637 recederent
1548 1606 1639 1647 pro-

98 1681 132 1706 20
146 1664 290 1718 scripti
320 1665 415 1705 sunt
443 1665 511 1705 uel
539 1664 779 1717 adprehensi
807 1664 850 1705 in
881 1677 1039 1706 carcere
1060 1666 1101 1706 et
1121 1665 1163 1706 in
1185 1665 1338 1706 catenis
1369 1663 1536 1705 fuerunt
1567 1665 1640 1705 aut

140 1733 209 1786 qui
244 1733 286 1774 in
326 1732 496 1774 exilium
537 1733 711 1787 relegati
749 1732 917 1774 inlustri
947 1733 1093 1774 itinere
1123 1733 1175 1774 ad
1205 1733 1429 1774 Dominum
1467 1732 1639 1786 profecti

139 1802 234 1843 sunt
264 1802 335 1842 aut
363 1801 433 1854 qui
462 1801 708 1854 quibusdam
737 1801 836 1842 locis
865 1801 1142 1844 animaduersi
1175 1802 1370 1844 caelestes
1392 1813 1556 1843 coronas
1591 1801 1641 1842 de

139 1869 310 1912 Domini
350 1869 639 1911 clarificatione
679 1871 972 1923 sumpserunt?
1012 1883 1135 1923 quare
1174 1871 1215 1912 in
1252 1870 1360 1911 hunc
1401 1870 1640 1923 scrupulum

279 2006 321 2040 11
348 2007 414 2042 Sir.
439 2007 496 2048 28,
522 2007 576 2041 24.
672 2006 715 2040 12
741 2005 843 2043 Prou.
870 2008 923 2049 17,
948 2007 981 2042 4.

208 2121 225 2154 1
246 2120 463 2165 simpliciora
480 2121 536 2154 Ηπ
684 2123 829 2157 meliora
846 2124 887 2158 H
1025 2123 1107 2156 sunt
1126 2131 1190 2155 om.
1210 2120 1271 2154 Ho
1411 2121 1516 2155 bruta
1534 2120 1593 2154 Ηο

139 2178 320 2221 pecudes-
334 2178 432 2222 licet]
451 2181 486 2212 et
506 2179 662 2214 crudeles
680 2182 718 2213 H
865 2183 990 2214 mutua
1009 2180 1052 2220 Β,
1071 2179 1177 2214 bruta
1195 2179 1237 2212 N
1383 2178 1405 2212 2
1421 2180 1545 2212 eruent
1563 2177 1639 2212 illic

136 2237 171 2269 ct
189 2246 228 2269 ac
247 2236 282 2270 L
412 2236 563 2270 furentis
583 2237 628 2278 B,
645 2237 802 2271 florentis
825 2239 857 2272 T
988 2238 1080 2272 inter
1097 2247 1162 2271 o‘m.
1183 2236 1217 2270 L
1355 2236 1377 2269 5
1394 2235 1536 2270 caterba
1554 2235 1596 2269 N

136 2293 313 2327 consentit
329 2293 426 2327 ΗΡο
565 2295 586 2328 6
604 2305 678 2328 essc
695 2306 760 2329 om.
776 2296 816 2329 N
953 2295 989 2328 in
1008 2305 1073 2329 om.
1089 2295 1132 2329 N
1267 2294 1285 2327 7
1303 2294 1460 2327 alterum
1478 2292 1637 2326 incidisti

135 2361 200 2383 om.
220 2350 463 2386 BHLNPTo
595 2351 653 2385 sed
674 2378 681 2384 .
697 2379 703 2385 .
720 2378 726 2385 .
748 2351 906 2386 incidisti
923 2363 987 2386 om.
1008 2363 1028 2386 o
1158 2351 1366 2386 crudelitate
1386 2350 1463 2384 ΒΗ
1470 2350 1594 2384 ¹LNP

134 2406 339 2451 inreligiose
357 2407 389 2441 T
471 2408 492 2442 9
509 2411 632 2443 contra
650 2409 797 2443 fratrem
815 2420 879 2443 om.
895 2409 931 2443 Β
1018 2410 1054 2442 et
1069 2408 1222 2442 libenter
1240 2419 1270 2449 o,
1289 2408 1441 2442 libenter
1458 2407 1592 2442 BHTv

135 2464 177 2497 13
194 2464 329 2498 iustum
351 2465 385 2499 L
547 2466 590 2499 15
607 2477 628 2500 a
646 2468 834 2510 conspectu
850 2466 907 2501 dei
924 2466 972 2507 N,
991 2468 1214 2510 conspectum
1231 2454 1346 2500 dnT'T
1495 2464 1540 2498 16
1557 2475 1636 2509 pas-

133 2521 224 2555 sioni
242 2522 303 2555 Ho
431 2522 516 2567 iarn]
534 2525 609 2557 tam
627 2534 647 2558 ο
780 2523 821 2557 17
840 2523 1043 2558 dirixerunt
1060 2524 1103 2565 P,
1121 2514 1286 2558 dixerunt
1304 2522 1374 2556 BL
1503 2521 1635 2556 direxe-

133 2580 217 2612 runt
237 2577 278 2612 de
296 2589 432 2613 carcere
451 2580 492 2613 H
660 2580 858 2615 sacerdotes
876 2581 913 2614 N
1079 2583 1114 2615 et
1131 2583 1372 2615 contestantes
1390 2582 1429 2614 H
1442 2580 1504 2614 sed
1521 2583 1556 2613 et
1573 2590 1635 2613 con

132 2646 157 2668 s.
178 2635 211 2677 l.,
231 2638 267 2669 et
284 2637 487 2670 constantes
505 2637 541 2671 Β
719 2638 762 2672 19
779 2638 934 2683 episcopi
951 2639 1035 2673 Ηου
1217 2638 1272 2672 uel
1293 2665 1299 2671 .
1315 2664 1323 2671 .
1339 2665 1344 2670 .
1368 2640 1453 2671 sunt
1470 2648 1534 2672 om.
1555 2637 1590 2671 Β

131 2694 347 2726 recesserunt
366 2693 422 2727 1³0
577 2694 622 2728 20
639 2694 854 2738 adprehendi
873 2695 908 2729 B
1063 2705 1233 2729 carcerem
1253 2695 1367 2729 BLN
1368 2695 1446 2734 PT,
1463 2704 1633 2728 carcerem

131 2749 277 2783 coniecti
299 2762 316 2784 v
493 2752 543 2795 ct]
562 2753 625 2785 aut
642 2752 677 2786 B
851 2753 886 2786 in
905 2753 1053 2797 catenis]
1072 2752 1294 2786 incathenati
1313 2763 1332 2786 o
1510 2752 1552 2785 21
1574 2752 1635 2795 qui

129 2818 193 2840 om.
216 2807 250 2840 Β
413 2807 519 2842 exilio
535 2808 614 2843 BN
764 2810 909 2854 religati
929 2810 1002 2845 BP
1156 2809 1297 2843 itineris
1316 2809 1351 2843 Β
1511 2809 1556 2843 22
1574 2808 1635 2852 qui

129 2866 194 2898 aut
211 2864 254 2905 L,
274 2866 337 2898 aut
355 2865 446 2899 BTo
587 2866 632 2899 23
650 2866 685 2900 in
703 2878 769 2901 οηι.
788 2867 820 2901 L
