1838 3152
511 238 722 283 Epistula
746 237 1164 273 XLVII.—XLVIII.
1500 240 1581 282 607

87 342 332 399 ignorabant
353 343 452 396 quid
472 342 588 384 nobis
605 342 646 384 in
663 354 876 384 commune
897 342 1130 395 placuisset.
1154 343 1197 384 at
1218 342 1290 384 ubi
1310 354 1381 385 nos
1404 342 1446 384 in
1466 354 1582 395 prae-

88 411 220 454 sentia
250 411 454 461 uenimus,
487 411 677 464 conperto
709 410 876 453 consilio
905 411 1042 452 nostro
1071 411 1150 463 ipsi
1172 423 1330 464 quoque
1350 411 1393 452 id
1414 411 1522 464 quod
1542 412 1583 452 et

89 480 211 524 ceteri
246 479 463 522 obseruare
499 481 729 534 coeperunt,
767 480 814 521 ut
845 479 887 520 in
920 479 1035 520 nullo
1067 479 1331 521 ecclesiarum
1362 480 1458 521 istic
1487 491 1583 521 con-

89 549 323 592 sistentium
345 548 551 593 consensio
573 547 831 601 discreparet.

61 630 76 654 ⁵
146 616 324 668 Quidam
359 618 496 659 tamen
531 617 686 658 mentes
721 628 1028 669 nonnumquam
1064 617 1105 657 et
1135 615 1294 657 animos
1329 616 1622 658 sermonibu83

88 687 172 728 suis
194 686 373 737 turbant,
396 686 495 727 dum
515 685 635 727 aliter
652 685 852 738 quaedam
869 697 992 737 quam
1009 697 1050 726 se
1067 684 1191 726 habet
1207 685 1360 727 ueritas
1376 686 1583 727 nuntiant.

88 767 158 798 nos
175 756 283 797 enim
305 755 480 809 singulis
500 753 805 809 nauigantibus
827 766 877 795 ne
894 766 988 795 cum
1009 753 1198 795 scandalo
1219 753 1304 795 ullo
1325 754 1583 808 nauigarent,

88 824 284 866 rationem
315 824 540 875 reddentes,
570 835 641 865 nos
670 823 821 864 scimus
840 822 1025 864 hortatos
1048 834 1134 864 esse
1156 822 1203 864 ut
1224 822 1417 864 ecclesiae
1443 823 1584 864 catho-

89 893 191 935 licae
218 893 432 934 matricem
453 894 494 934 et
514 892 695 934 radicem
715 892 981 946 agnoscerent
1002 903 1048 932 ac
1068 892 1263 933 tenerent.
1300 892 1371 933 sed
1392 891 1584 945 quoniam

45 975 78 1000 10
90 962 215 1004 latius
245 962 335 1004 fusa
356 963 417 1004 est
438 961 577 1003 nostra
596 960 818 1015 prouincia,
849 960 973 1002 habet
995 960 1120 1001 etiam
1140 960 1382 1003 Numidiam
1404 962 1445 1003 et
1465 960 1586 1002 Mau-

90 1030 282 1072 ritaniam
314 1030 393 1071 sibi
415 1029 688 1079 cohaerenteS,
717 1042 767 1071 ne
788 1029 830 1070 in
851 1028 951 1070 urbe
973 1029 1150 1071 schisma
1170 1029 1328 1071 factum
1350 1030 1584 1072 absentium

88 1099 245 1141 animos
279 1100 433 1141 incerta
467 1099 652 1152 opinione
687 1097 965 1151 confunderet,
1002 1097 1160 1151 placuit
1192 1099 1238 1140 ut
1270 1111 1340 1152 per
1378 1099 1585 1153 episcopos

90 1169 248 1210 retenta
276 1182 299 1210 a
326 1168 443 1210 nobis
478 1168 536 1209 rei
567 1167 742 1209 ueritate
772 1168 813 1208 et
843 1166 895 1208 ad
927 1167 1253 1220 conprobandam
1289 1168 1586 1210 ordinationem

89 1238 205 1278 tuam
239 1236 348 1278 facta
377 1236 620 1278 auctoritate
653 1235 819 1285 maiore,
852 1236 950 1277 tunc
985 1236 1152 1277 demum
1183 1236 1372 1290 scrupulo
1404 1236 1515 1278 omni
1536 1237 1586 1278 de

47 1321 78 1345 ιε,
92 1306 348 1361 singulorum
380 1305 612 1359 pectoribus
643 1316 821 1354 excuss0‚
855 1317 926 1358 per
957 1315 1096 1346 omnes
1125 1305 1287 1346 omnino
1316 1305 1411 1347 istic
1432 1304 1586 1358 positos

91 1374 254 1416 litterae
275 1375 430 1425 fierent,
452 1374 576 1416 sicuti
597 1374 713 1424 fiunt,
736 1375 784 1416 ut
801 1374 842 1415 te
859 1373 1040 1415 uniuersi
1062 1373 1243 1427 collegae
1263 1374 1393 1415 nostri
1415 1374 1455 1414 et
1475 1386 1587 1415 com-

91 1444 409 1485 municationem
440 1444 555 1484 tuam
578 1442 620 1483 id
642 1444 704 1484 est
724 1443 945 1484 catholicae
977 1442 1171 1484 ecclesiae
1200 1443 1403 1484 unitatem
1432 1442 1588 1496 pariter

78 1512 132 1555 ,et
153 1512 367 1553 caritatem
395 1511 612 1565 probarent
640 1511 814 1553 firmiter
834 1524 880 1553 ac
900 1512 1097 1553 tenerent.
1129 1511 1235 1564 quod
1265 1511 1469 1552 diuinitus
1491 1523 1586 1553 eue-

91 1581 198 1622 nisse
219 1582 260 1622 et
280 1580 497 1622 consilium
518 1581 703 1622 nostrum
724 1580 986 1634 prouidenter
1005 1580 1249 1633 processisse
1269 1580 1508 1634 gaudemus.

44 1660 79 1687 20
148 1650 214 1690 Ita
244 1649 352 1691 enim
383 1662 489 1691 nunc
519 1650 776 1704 episcopatus
806 1649 870 1692 tui
901 1651 942 1691 et
970 1649 1125 1691 ueritas
1155 1649 1308 1702 pariter
1343 1649 1384 1690 et
1404 1648 1626 1703 dignitas4

92 1719 351 1772 apertissima
391 1718 493 1772 luce,
534 1718 875 1761 manifestissima
915 1719 957 1760 et
996 1717 1233 1760 firmissima
1274 1717 1587 1770 conprobatione

162 1933 179 1966 1
198 1932 411 1977 ignorabant
428 1933 521 1967 cnim
538 1933 594 1977 Ζμ
704 1932 748 1967 ad
767 1932 815 1967 L*
826 1933 862 1967 P
965 1932 1164 1976 praesentia
1181 1943 1211 1973 o,
1228 1933 1465 1977 praesentiam
1484 1934 1587 1978 1125»,

93 1990 270 2034 praesenti
287 1991 357 2038 Pz'Q
376 1991 425 2034 (in
444 1990 644 2035 praesentia
661 1990 780 2024 uenire
793 2000 864 2035 pro
882 1990 917 2024 in
936 2000 1102 2034 praesens
1119 2001 1151 2024 u.
1171 1990 1308 2025 dictum
1325 1990 1490 2035 uidetur)

93 2047 114 2081 2
132 2047 278 2082 consilio
296 2050 462 2093 conperto
481 2049 514 2083 L
619 2059 776 2092 quaeque
795 2061 819 2092 μ
925 2047 961 2082 id
979 2059 1043 2083 orm.
1062 2048 1119 2093 Ζμ
1212 2050 1248 2082 et
1264 2059 1330 2082 cm.
1347 2048 1380 2082 Z
1479 2049 1501 2082 3
1518 2059 1589 2082 ser-

93 2116 176 2140 uare
194 2119 218 2150 μ
335 2106 418 2140 istic
435 2117 499 2140 om.
518 2106 552 2140 Z
670 2107 692 2140 5
709 2105 865 2150 quidam]
885 2106 946 2149 qui
965 2106 1036 2140 LP
1159 2106 1180 2139 6
1199 2107 1234 2139 et
1250 2105 1333 2140 dum
1351 2106 1384 2140 Z
1495 2106 1514 2139 7
1533 2106 1587 2150 ne]

94 2174 155 2198 nee
174 2178 193 2210 ρ
325 2163 410 2209 ullo]
436 2164 499 2198 illo
516 2175 536 2198 o
673 2164 695 2197 8
712 2163 911 2208 reddentes]
942 2163 1111 2198 redidisse
1134 2164 1191 2209 '²7⁰9
1324 2164 1452 2198 scimus
1478 2174 1539 2198 nos
1557 2175 1587 2206 v,

94 2220 222 2255 scimus
239 2221 295 2266 Ζμ
435 2222 597 2255 hortatos
627 2232 689 2255 nos
715 2232 772 2256 eos
789 2235 824 2266 μ,
855 2221 1016 2256 hortatos
1045 2232 1101 2256 eos
1119 2233 1151 2265 v,
1180 2222 1369 2256 honoratos
1394 2232 1451 2256 eos
1468 2222 1502 2256 Z

94 2288 166 2313 esse
184 2292 207 2323 μ
225 2289 250 2313 s.
271 2281 290 2312 l.
310 2290 354 2313 m.
372 2281 395 2314 2
511 2279 564 2323 ut]
583 2278 644 2323 qui
662 2279 695 2313 Z
818 2279 840 2313 9
857 2278 1010 2313 radicem
1028 2281 1064 2313 et
1080 2279 1263 2313 matricem
1281 2280 1344 2320 Zv,
1362 2280 1535 2314 rationem
1553 2281 1589 2314 et

94 2336 277 2370 matricem
295 2349 319 2380 μ
414 2336 464 2381 ac]
484 2338 519 2370 et
537 2350 557 2382 ρ
662 2336 707 2370 10
723 2336 844 2381 etiam]
864 2336 957 2370 enim
975 2336 1027 2372 Ζυ
1120 2336 1326 2382 numidiam]
1346 2337 1382 2371 in
1399 2336 1497 2371 india
1514 2337 1547 2371 Z

94 2394 337 2427 mauretaneas
354 2393 442 2428 duas
459 2393 499 2434 Z,
518 2394 763 2428 mauretcnam
780 2393 867 2428 duas
885 2407 909 2438 μ
1038 2394 1080 2428 11
1098 2405 1141 2428 ne
1159 2405 1222 2428 om.
1243 2394 1349 2428 LPZ
1461 2394 1589 2428 scisma

95 2450 196 2484 Plio
335 2450 378 2484 12
406 2450 553 2495 incerta]
585 2450 720 2485 sincera
736 2451 770 2485 Z
904 2452 945 2485 ut
973 2462 1036 2485 om.
1062 2451 1229 2496 LPZVu
1371 2452 1413 2486 13
1437 2452 1587 2497 retenta]

95 2510 231 2542 recente
249 2521 273 2552 μ
368 2507 555 2542 ueritatem
574 2522 597 2552 μ
691 2509 727 2542 et
744 2507 800 2552 ad]
821 2507 865 2542 ad
882 2509 918 2555 ip
1010 2508 1267 2543 ordinationem
1283 2510 1382 2543 tuam
1400 2521 1464 2544 om.
1486 2510 1535 2545 1)Ι

97 2564 139 2598 14
154 2566 231 2598 tum
249 2578 274 2609 μ
391 2565 434 2598 15
450 2567 588 2609 pectore
605 2567 642 2599 οι
755 2566 910 2610 excusso]
937 2566 1074 2600 excluso
1100 2567 1132 2600 V
1237 2566 1332 2611 istic]
1353 2567 1389 2601 in
1407 2567 1589 2611 prouincia

96 2621 166 2655 ista
183 2622 240 2667 iop
372 2623 418 2667 1Q
433 2622 525 2657 sicut
543 2623 599 2669 Ρρ
730 2625 771 2657 ut
787 2623 835 2668 te]
856 2624 950 2657 uitae
969 2637 993 2668 μ
1125 2624 1282 2658 uniuersi
1299 2624 1336 2658 L
1349 2636 1378 2658 s.
1397 2625 1418 2659 l.
1437 2636 1481 2658 m.
1500 2627 1526 2659 2

98 2679 138 2713 17
156 2681 253 2714 tuam
271 2691 336 2715 om.
355 2680 387 2714 Z
500 2679 535 2714 id
553 2682 607 2714 est
623 2691 688 2715 om.
708 2681 775 2722 L¹‚
795 2680 828 2714 ·i·
848 2694 871 2725 μ
999 2681 1194 2716 catholicae
1210 2692 1274 2716 om.
1294 2682 1327 2716 Z
1452 2682 1494 2716 19
1513 2693 1589 2726 pro-

70 2736 253 2782 ,cessisse]
283 2737 472 2782 profecisse
490 2738 546 2782 Ζμ
686 2739 732 2772 20
748 2738 812 2783 ita]
840 2739 890 2772 sic
906 2739 974 2785 ιὀρ,
1005 2739 1053 2772 sit
1072 2740 1107 2773 P
1243 2739 1377 2773 ueritas
1403 2750 1446 2774 ecc
1472 2740 1588 2774 uirtus

97 2793 132 2827 L
147 2805 190 2828 m.
208 2796 232 2829 2
346 2795 389 2829 21
408 2795 485 2829 luce
501 2797 538 2829 et
554 2795 669 2841 Ρίορυ
785 2798 838 2830 est
856 2796 1138 2840 comprobatione
1156 2796 1306 2831 fundata
1323 2798 1367 2838 io,
1395 2798 1449 2831 est
1466 2797 1589 2832 confir-

96 2850 251 2887 matione
268 2851 416 2886 fundata
434 2867 465 2900 ρ,
483 2852 690 2898 probatione
707 2853 728 2887 f.
748 2854 803 2888 est
821 2853 887 2899 Ζμ,
906 2853 1176 2898 conprobatione
1195 2853 1344 2888 fundata
1364 2855 1398 2889 P
