1912 3152
232 214 316 255 216
764 213 958 248 Caecilii
984 215 1204 260 Cypriani

230 328 402 370 regnum
424 316 510 358 eius
533 316 573 358 et
594 316 767 370 populus
789 317 1060 369 scinderetur,
1093 318 1246 361 Achias
1268 319 1465 373 propheta
1485 319 1734 361 Hieroboam

231 385 318 438 regi
350 385 496 426 obuius
527 385 662 427 factus
690 386 733 427 in
755 398 896 440 campo
919 387 961 428 in
983 387 1199 429 duodecim
1221 388 1420 429 scissuras
1443 388 1738 429 uestimentum

229 466 350 494 suum
388 453 553 495 discidit
589 454 745 496 dicens:
793 468 931 497 sume
963 455 1068 497 tibi
1101 456 1271 498 decem
1303 456 1578 507 scissuras,
1619 456 1738 509 quia

228 522 352 563 haec
394 522 525 564 dicit
556 523 823 565 Dominus:
872 536 982 566 ecce
1014 524 1200 565 scindo
1241 537 1453 579 regnum
1492 524 1551 566 de
1589 537 1739 565 manu

229 588 519 632 Salomonis
549 592 596 633 et
618 592 746 634 dabo
769 592 869 633 tibi
891 593 1065 634 decem
1087 593 1316 645 sceptra,
1341 593 1389 634 et
1410 593 1504 634 duo
1527 594 1740 646 sceptra
1770 607 1785 630 5

231 660 384 700 erunt
430 660 474 701 ei
518 661 727 714 propter
771 673 972 702 seruum
1018 674 1181 702 meum
1222 661 1390 703 Dauid
1437 662 1485 703 et
1530 663 1707 715 propte
1722 675 1741 702 r

229 728 557 770 Hierusalem
589 729 864 771 ciuitatem
887 743 1037 783 quam
1070 730 1227 784 elegi,
1261 731 1316 771 ut
1346 742 1525 782 ponam
1557 741 1742 771 nomen

230 810 390 839 meum
422 798 553 840 illic.
593 811 686 840 cuni
718 798 934 840 duodecim
964 799 1097 840 tribus
1128 799 1258 841 Israel
1280 799 1579 850 scinderentur,
1612 799 1742 840 uesti-

229 867 417 908 mentum
455 879 576 908 suurn
611 867 808 920 propheta
842 868 996 909 Achias
1033 868 1212 910 discidit.
1246 868 1288 908 at
1326 879 1420 908 uero
1458 867 1554 920 quia
1589 866 1742 908 Christi

229 936 402 989 populus
438 948 517 977 non
559 936 694 989 potest
725 936 878 987 scindi,
924 937 1065 979 tunica
1102 937 1189 979 eius
1225 949 1296 990 per
1329 937 1467 978 totum
1503 935 1661 977 textilis
1703 937 1741 976 et
1759 949 1789 974 ιο

226 1005 443 1047 cohaerens
480 1004 614 1046 diuisa
649 1017 672 1046 a
703 1005 1006 1057 possidentibus
1043 1018 1121 1047 non
1158 1006 1238 1047 est:
1272 1005 1507 1055 indiuidua,
1540 1004 1742 1056 copulata,

227 1085 375 1115 conexa
411 1073 590 1115 ostendit
625 1073 767 1127 populi
803 1074 933 1116 nostri
968 1074 1038 1128 qui
1075 1073 1286 1116 Christum
1336 1074 1546 1115 induimus
1580 1085 1743 1114 concor-

227 1142 340 1184 diam
369 1142 664 1184 cohaerentem.
698 1144 950 1185 sacramento
972 1143 1100 1185 uestis
1137 1144 1177 1184 et
1213 1143 1328 1199 signo
1366 1142 1593 1185 declarauit
1615 1142 1744 1183 eccle-

231 1211 314 1253 siae
336 1212 552 1253 unitatem.

192 1288 214 1328 8
288 1280 388 1331 Quis
411 1293 506 1335 ergo
529 1281 586 1322 sic
608 1281 830 1323 sceleratus
852 1282 893 1323 et
914 1282 1110 1334 perfidus,
1144 1282 1235 1335 quis
1258 1282 1316 1323 sic
1347 1281 1572 1323 discordiae
1609 1281 1742 1322 surore
1760 1300 1791 1325 15

232 1363 426 1399 uesanus,
458 1350 505 1391 ut
527 1350 597 1391 aut
619 1350 758 1391 credat
780 1351 912 1392 scindi
933 1363 1048 1403 posse
1066 1352 1137 1392 aut
1159 1351 1308 1392 audeat
1331 1350 1512 1392 scindere
1534 1349 1740 1391 unitatem

232 1419 331 1469 Dei,
356 1420 513 1461 uestem
534 1419 721 1469 Domini,
746 1419 962 1461 ecclesiam
985 1419 1168 1461 Christi?
1190 1420 1329 1460 monet
1358 1419 1443 1472 ipse
1464 1419 1507 1459 in
1529 1417 1741 1471 euangelio

232 1500 304 1530 suo
326 1488 366 1529 et
389 1488 506 1529 docet
535 1488 691 1529 dicens:
732 1489 781 1529 et
813 1489 959 1530 erunt
990 1502 1116 1529 unus
1149 1501 1270 1542 grex
1302 1489 1350 1529 et
1385 1500 1511 1528 unus
1552 1487 1744 1540 pastor.

232 1557 272 1598 et
305 1569 391 1599 esse
421 1569 536 1609 posse
568 1569 647 1598 uno
678 1557 720 1597 in
751 1557 837 1599 loco
869 1557 1019 1610 aliquis
1051 1556 1260 1598 existimat
1292 1558 1363 1597 aut
1385 1556 1538 1597 multos
1560 1556 1744 1608 pastores

234 1628 306 1668 aut
328 1638 472 1680 greges
508 1626 675 1678 plures?
709 1626 916 1680 apostolus
952 1626 1054 1668 item
1090 1626 1245 1667 Paulus
1282 1625 1387 1667 hanc
1419 1625 1588 1666 eandem
1624 1624 1741 1666 nobis
1760 1640 1795 1665 ρο

232 1695 444 1737 insinuans
467 1696 668 1737 unitatem
691 1697 877 1737 obsecrat
907 1697 947 1737 et
967 1696 1154 1736 hortatur
1175 1696 1216 1736 et
1238 1694 1360 1735 dicit:
1405 1694 1641 1742 obsecro,
1686 1692 1747 1733 in-

233 1765 344 1818 quit,
397 1776 504 1815 uos,
553 1764 770 1815 fratres,
817 1778 905 1818 per
949 1776 1128 1805 nomen
1174 1763 1380 1805 Domini
1418 1762 1597 1803 nostri
1630 1762 1746 1803 Iesu

232 1831 459 1883 Christi,
483 1833 537 1874 ut
565 1833 615 1873 id
644 1833 812 1886 ipsum
834 1832 1029 1874 dicatis
1052 1845 1221 1874 omnes
1253 1833 1304 1874 et
1334 1845 1431 1874 11011
1460 1832 1565 1873 sint
1593 1832 1643 1872 in
1665 1842 1745 1872 110-

232 1901 314 1943 bis
337 1902 643 1944 schismata:
677 1902 805 1943 sitis
828 1903 999 1943 autem
1021 1901 1309 1954 compositi
1331 1902 1380 1943 in
1403 1902 1574 1943 eodem
1595 1913 1744 1942 sensu

232 1973 281 2013 et
312 1972 361 2012 in
394 1973 564 2013 eadem
596 1971 873 2013 sententia.
908 1971 1120 2012 etiterum
1142 1971 1265 2013 dicit:
1312 1971 1640 2013 sustinentes
1674 1969 1790 2010 in-25

371 2086 391 2119 3
409 2085 427 2119 I
445 2085 530 2130 fleg.
552 2086 605 2126 11,
624 2085 680 2126 31,
697 2085 751 2127 32,
771 2085 824 2119 36.
900 2085 943 2118 18
960 2084 1008 2118 Io.
1029 2085 1081 2125 10,
1100 2085 1152 2119 16.
1224 2085 1267 2118 21
1286 2084 1304 2119 Ι
1323 2084 1397 2119 Cor.
1419 2085 1449 2125 1,
1466 2083 1517 2118 10.
1592 2083 1636 2117 25
1654 2081 1743 2126 Eph.

232 2142 265 2184 4,
284 2144 305 2177 2
324 2154 372 2187 sq.

305 2235 323 2268 1
350 2236 519 2279 populum
538 2235 574 2270 R
658 2235 760 2273 amia
778 2235 834 2277 M,
853 2245 951 2269 aczas
971 2246 1015 2269 cac
1032 2234 1169 2269 acazias
1188 2234 1223 2269 R
1294 2234 1496 2268 ihcroboam
1521 2234 1552 2268 G
1638 2234 1659 2267 2
1685 2232 1746 2266 ob·

234 2293 330 2326 uiam
355 2292 440 2327 GM
505 2294 526 2326 3
551 2292 721 2327 discindit
738 2293 782 2333 R,
811 2292 941 2327 scindit
958 2293 1005 2326 M
1073 2291 1291 2327 tibi*****W
1360 2292 1382 2326 5
1408 2293 1545 2335 sceptra
1563 2291 1681 2325 decem
1698 2290 1743 2330 R,

234 2360 255 2383 x
273 2349 390 2384 tribus
401 2350 447 2383 M
509 2351 544 2383 et
560 2350 626 2383 duo
641 2360 685 2384 sc.
702 2350 742 2393 c.]
757 2350 865 2384 Porro
880 2361 949 2383 una
963 2349 1079 2384 tribus
1093 2349 1293 2383 remanebit
1312 2349 1359 2382 M
1368 2349 1431 2383 secl
1446 2360 1489 2383 m.
1506 2351 1530 2383 2
1548 2350 1589 2383 in
1603 2359 1674 2382 fras,

233 2408 255 2441 6
273 2407 306 2441 01
328 2407 377 2441 W
386 2411 418 2441 et
436 2407 482 2440 M
497 2417 523 2440 s.
545 2407 566 2440 l.
585 2418 629 2441 m.
647 2409 673 2441 2
743 2408 886 2452 propter
903 2409 1046 2452 propter
1063 2407 1172 2441 dauid
1191 2418 1332 2441 seruum
1350 2417 1466 2440 meum
1487 2406 1518 2441 G
1591 2406 1608 2439 ῖ
1629 2406 1745 2440 iheru-

234 2465 346 2499 salem
369 2464 401 2499 G
487 2466 596 2509 ponat
613 2465 649 2500 R
735 2465 756 2498 8
782 2475 878 2499 cum.
893 2492 902 2499 .
917 2465 1041 2499 ‚israel
1059 2475 1122 2499 om.
1144 2464 1178 2499 R
1264 2464 1381 2498 tribus
1400 2475 1462 2499 om.
1484 2464 1533 2499 W
1612 2463 1745 2497 scinde-

234 2524 331 2556 retur
348 2522 383 2557 R
453 2524 474 2556 9
500 2522 641 2556 achaias
660 2523 727 2564 ΕΙ,
747 2522 830 2556 ahia
848 2523 898 2556 M
964 2522 1097 2556 scindit
1115 2522 1162 2556 M
1231 2522 1273 2555 11
1300 2522 1503 2556 coherentes
1524 2521 1573 2555 G¹
1653 2520 1745 2555 111111-

233 2579 378 2614 uiduam
397 2581 597 2625 copulatam
616 2591 805 2615 connexam
829 2580 864 2615 V
979 2581 1020 2614 13
1046 2580 1249 2614 coherentes
1269 2580 1304 2615 R
1413 2579 1587 2613 declaruit
1606 2579 1657 2613 W
1661 2581 1670 2600 ¹

234 2639 277 2671 15
304 2639 352 2672 sic
372 2640 426 2673 cst
443 2650 463 2674 v
550 2639 591 2672 17
618 2639 764 2683 domini]
784 2638 997 2672 dominicam
1023 2638 1055 2672 G
1127 2638 1171 2671 18
1196 2639 1231 2671 et
1249 2638 1350 2681 (conte
1364 2637 1476 2681 docet)
1495 2636 1605 2671 om.R
1677 2636 1745 2670 erit

241 2698 383 2733 GMRU
455 2697 498 2730 19
523 2696 635 2741 posse]
657 2707 691 2730 se
711 2696 746 2731 R
841 2696 878 2729 in
896 2706 962 2729 uno
982 2696 1031 2730 M
1123 2695 1309 2728 exestimct
1333 2694 1365 2728 G
1457 2694 1502 2728 20
1526 2694 1644 2738 plures
1662 2704 1742 2738 gre-

233 2766 295 2799 ges
313 2767 329 2789 v
400 2754 493 2788 idem
507 2754 555 2788 M
625 2754 671 2790 21
690 2755 725 2787 ct
741 2753 863 2788 0111.le
932 2756 966 2787 et
984 2752 1083 2796 dicit]
1099 2752 1217 2786 dicens
1237 2764 1253 2787 1·
1325 2752 1369 2785 22
1386 2752 1459 2796 per]
1477 2751 1673 2796 propteer

231 2812 277 2846 23
304 2812 339 2846 id
358 2812 406 2846 Μ
419 2823 447 2846 s.
467 2812 487 2846 l.
509 2823 551 2846 m.
567 2813 592 2846 „9
663 2811 760 2855 ipsut
778 2810 813 2845 R
884 2811 929 2845 25
954 2810 1138 2844 sustinetis
1158 2810 1222 2844 1ἷῖι
