1912 3152
253 254 308 295 84
800 251 993 287 Caecilii
1019 251 1234 296 Cypriani

251 357 426 407 cisset,
451 356 641 399 statuit
663 355 864 397 Samuel
886 357 933 397 et
954 354 1249 408 appellauit
1269 367 1445 396 nomen
1467 356 1574 396 eius
1595 355 1754 397 Aben-

249 438 396 467 nozer
426 425 475 466 id
507 425 583 466 est
614 424 750 477 lapis
782 424 1078 466 auxiliator.

335 539 464 591 QVOD
496 553 669 583 DEINDE
701 553 816 582 IDEM
847 551 977 581 LAPIS
1009 552 1130 582 MONS
1162 552 1324 582 FIERET
1355 552 1412 581 ET
1443 551 1670 581 INPLERET

803 622 957 651 TOTAM
989 621 1186 650 TERRAM.

183 692 229 732 17
304 690 452 743 Apud
474 691 802 733 Danihelem:
827 691 879 731 Et
901 702 990 732 ecce
1012 690 1148 744 imago
1170 689 1295 730 nimis
1317 701 1485 742 magna,
1510 688 1550 729 et
1572 688 1753 729 contem·
1784 698 1798 723 5

245 758 373 812 platio
404 758 491 800 eius
523 759 715 813 imaginis
747 758 964 800 metuenda
996 760 1036 799 et
1067 759 1173 799 elata
1204 757 1341 798 stabat
1373 757 1511 798 contra
1541 758 1604 798 te:
1637 756 1752 798 cuius

245 828 365 880 caput
387 827 467 869 fuit
488 840 534 869 ex
555 839 651 868 auro
674 828 776 869 bono
794 860 802 878 ,
835 828 976 880 pectus
999 828 1039 867 et
1059 826 1227 868 brachia
1248 826 1335 867 eius
1365 827 1577 880 argentea,
1611 827 1753 867 uenter

245 897 285 937 et
316 895 469 937 femora
500 909 637 945 aerea,
670 897 789 949 pedes
829 897 966 938 autem
996 908 1041 937 ex
1063 897 1180 949 parte
1202 895 1368 948 quidem
1390 895 1534 946 ferrei,
1568 908 1614 936 ex
1635 896 1750 947 parte

243 966 383 1006 autem
404 964 575 1015 fictiles,
609 965 870 1017 quoadusque
892 964 1073 1006 abscisus
1107 965 1167 1005 est
1198 964 1300 1017 lapis
1324 964 1372 1005 de
1394 965 1532 1005 monte
1554 964 1639 1005 sine
1661 977 1749 1005 ma-

242 1033 362 1074 nibus
385 1033 683 1075 concidentium
706 1034 745 1074 et
767 1033 966 1086 percussit
988 1033 1212 1087 imaginem
1235 1045 1355 1086 super
1376 1033 1497 1085 pedes
1527 1032 1677 1074 ferreos
1710 1033 1750 1074 et
1765 1048 1796 1072 10

241 1102 386 1144 fictiles
409 1104 449 1144 et
470 1102 713 1144 comminuit
735 1114 801 1144 eos
824 1102 1063 1143 minutatim
1083 1135 1090 1150 ,
1116 1104 1157 1143 et
1179 1102 1337 1144 factum
1360 1103 1422 1143 est
1444 1102 1570 1143 simul
1591 1101 1747 1143 ferrum

241 1173 280 1213 et
302 1172 407 1213 testa
429 1173 469 1213 et
490 1173 768 1214 aeramentum
791 1173 830 1213 et
852 1173 1069 1227 argentum
1092 1172 1131 1212 et
1153 1184 1318 1221 aurum,
1341 1170 1449 1212 facta
1471 1171 1566 1212 sunt
1587 1170 1748 1211 minuta

240 1240 355 1293 quasi
378 1241 494 1294 palea
515 1242 586 1282 aut
608 1240 746 1293 puluis
769 1241 811 1281 in
833 1253 924 1282 area
947 1242 1122 1290 aestate,
1157 1242 1196 1282 et
1226 1240 1450 1282 uentilauit
1480 1239 1553 1280 illa
1586 1239 1745 1289 uentus,

240 1310 298 1351 ita
329 1311 374 1351 ut
405 1310 508 1351 nihil
539 1310 778 1353 remanserit
809 1311 975 1361 inillis,
1008 1312 1048 1353 et
1068 1311 1172 1364 lapis
1204 1310 1274 1363 qui
1302 1309 1501 1362 percussit
1522 1308 1747 1362 imaginem

240 1378 372 1420 factus
395 1380 455 1420 est
473 1391 587 1420 mons
610 1393 784 1434 magnus
807 1382 848 1421 et
870 1380 1043 1432 inpleuit
1064 1380 1196 1421 totam
1218 1381 1382 1421 terram.
1760 1397 1791 1421 15

239 1494 369 1545 Qvo»
420 1508 465 1537 nx*
516 1506 772 1537 NOVISSIMIS
813 1508 1100 1538 TEMPORIBVS
1142 1511 1257 1540 IDEM
1298 1512 1420 1543 MONS
1461 1515 1744 1547 MANIFESTA-

238 1576 410 1610 11111111,
459 1576 598 1605 swan
632 1576 758 1614 QVEM
791 1576 964 1606 GENTES
1007 1579 1236 1609 VENIRENT
1277 1581 1332 1609 ET
1371 1582 1419 1612 IN
1459 1583 1585 1621 QVEM
1623 1585 1743 1616 IVSTI

705 1646 879 1684 QVIQVE
912 1646 1254 1679 ASCENDERENT.

172 1719 221 1758 18
293 1713 436 1766 Apud
468 1714 690 1756 Esaiam:
726 1714 815 1756 Erit
854 1715 896 1756 in
926 1717 1162 1759 nouissimis
1200 1719 1454 1773 temporibus
1491 1722 1734 1766 manifestus

234 1795 348 1824 mons
371 1783 536 1825 Domini
559 1784 599 1825 et
621 1784 765 1825 domus
788 1784 863 1826 Dei
886 1796 1005 1838 snper
1021 1787 1195 1829 uertices
1213 1789 1417 1830 montium
1435 1791 1475 1831 et
1491 1792 1786 1838 exaltabitur-20

234 1864 354 1904 super
375 1852 517 1894 colles.
551 1854 589 1893 et
615 1853 778 1894 uenient
800 1865 920 1906 super
955 1854 1075 1896 illum
1112 1869 1251 1898 omnes
1287 1859 1449 1911 gentes,
1483 1860 1523 1901 et
1552 1861 1739 1903 ambula—

233 1921 334 1962 bunt
357 1922 479 1963 multi
516 1922 555 1963 et
591 1921 747 1962 dicent:
781 1923 939 1970 uenite,
973 1925 1239 1967 ascendamus
1276 1926 1318 1967 in
1354 1929 1536 1970 montem
1572 1930 1737 1972 Domini

232 1992 272 2031 et
294 1990 335 2031 in
357 1991 525 2032 domum
546 1991 623 2032 Dei
646 1991 788 2036 Iacob,
823 1993 862 2033 et
883 1994 1094 2035 nuntiabit
1115 1995 1232 2036 nobis
1254 1996 1366 2038 uiam
1389 1998 1495 2048 eiuS‚
1529 1999 1569 2040 et
1590 2000 1737 2041 ambu-

230 2059 409 2101 labimus
447 2060 487 2101 in
523 2061 607 2102 illa.
642 2062 690 2104 de
714 2061 808 2103 Sion
839 2064 946 2104 enim
975 2064 1134 2116 prodiet
1156 2065 1219 2106 lex
1242 2067 1282 2107 et
1303 2067 1475 2108 uerbum
1497 2068 1664 2110 Domini
1687 2070 1735 2110 ab

231 2129 513 2170 Hierusalem:
536 2131 575 2171 et
600 2130 798 2172 iudicabit
820 2131 927 2173 inter
947 2134 1088 2186 gentes
1112 2135 1151 2175 et
1173 2135 1388 2189 redarguet
1409 2139 1606 2191 populum
1628 2141 1737 2181 mul·
1752 2158 1783 2183 25

367 2267 389 2302 ἴ)
420 2268 503 2300 Dan.
524 2269 556 2302 12.
579 2270 621 2302 :31
641 2280 690 2312 sq.
768 2271 808 2304 19
834 2271 890 2305 Es.
909 2273 940 2312 2.
959 2272 980 2305 2
1000 2282 1048 2315 sq.

297 2393 319 2428 ἴ)
346 2393 550 2429 danihelum
576 2397 692 2437 AM1,
720 2398 865 2432 danihel
880 2400 952 2433 LR
1062 2402 1157 2435 etcce
1178 2403 1226 2435 M
1340 2403 1362 2439 6
1390 2403 1477 2447 cius]
1496 2404 1601 2438 huius
1623 2405 1668 2438 M

230 2450 302 2483 lata
323 2451 404 2484 MR
498 2454 594 2487 cuius
614 2455 646 2488 A
661 2466 685 2488 s.
701 2456 721 2489 l.
821 2457 841 2491 7
869 2457 958 2491 bono
976 2469 1060 2492 auro
1077 2459 1110 2492 A
1206 2459 1229 2495 S
1256 2460 1411 2494 faemora
1428 2461 1503 2495 eius
1519 2462 1602 2495 MR
1696 2475 1735 2497 cx

228 2509 342 2552 parto]
372 2510 503 2553 partim
522 2511 569 2544 M
575 2538 581 2551 ,
609 2514 708 2555 parte
738 2513 770 2546 B
799 2518 832 2547 et
860 2515 910 2548 ,1-ίο
940 2516 1013 2549 laco
1041 2517 1207 2559 p1·‹‘›‚1³1²ne‹›
1303 2518 1325 2554 9
1353 2519 1529 2553 abscissus
1548 2521 1667 2555 LMB

228 2565 271 2598 11)
295 2565 424 2599 ferreos
443 2568 489 2610 et}
510 2579 571 2602 om.
591 2570 639 2603 A.
669 2570 798 2604 ferreos
818 2572 853 2605 B
947 2574 987 2606 11
1015 2574 1228 2608 comminuet
1243 2575 1292 2609 M
1360 2587 1416 2609 eos
1435 2588 1498 2611 om.
1520 2578 1554 2611 B
1641 2589 1731 2612 com-

228 2621 434 2656 minutatim
452 2625 487 2658 R
558 2627 704 2671 facturn]
723 2630 876 2663 fractum
901 2629 1014 2664 (lema.
1090 2632 1133 2665 12
1157 2633 1273 2666 testae
1287 2634 1322 2667 A
1394 2636 1430 2667 et
1448 2634 1544 2669 facta
1559 2637 1663 2671 MBv

228 2679 272 2713 23
299 2679 335 2713 in
352 2691 433 2714 aera
450 2683 564 2716 estate
580 2684 641 2724 M,
670 2676 765 2718 intra
784 2689 919 2721 aestate
933 2688 969 2722 B
1068 2690 1262 2724 uentilabit
1275 2692 1311 2725 A
1407 2693 1449 2727 14
1475 2693 1527 2726 ita
1545 2705 1608 2727 om.
1628 2695 1663 2727 A

224 2738 459 2771 remanserint
478 2739 511 2772 L
598 2741 634 2774 in
650 2742 699 2778 A,
727 2755 791 2776 om.
810 2744 861 2783 R,
890 2756 928 2778 ex
948 2746 1003 2780 Le·
1022 2751 1054 2780 ct
1072 2759 1096 2781 s·
1118 2749 1138 2782 l.
1158 2759 1200 2782 m.
1221 2750 1247 2782 2
1265 2749 1315 2782 M
1398 2750 1440 2784 18
1465 2751 1614 2795 quisquc
1629 2751 1663 2785 L

224 2794 451 2828 ascenderent
469 2797 516 2830 M
531 2808 573 2831 m.
594 2802 616 2831 2
634 2810 677 2832 cr?
695 2800 892 2835 acciderent
1010 2804 1052 2837 15)
1078 2806 1114 2838 ct
1131 2806 1200 2839 erit
1216 2806 1251 2839 Β
1361 2807 1591 2842 manifestum
1611 2809 1662 2841 L¹

223 2850 267 2883 20
292 2850 355 2884 dni
371 2863 415 2886 6ae
432 2853 499 2887 dno
517 2855 550 2888 L
621 2857 664 2889 23
690 2858 873 2892 nuntiauit
885 2860 957 2899 Μ’,
972 2862 1249 2896 annuntiabitB
1321 2863 1396 2898 eius
1414 2875 1477 2898 om.
1499 2865 1533 2898 A
1605 2865 1728 2899 ambu-

222 2907 376 2942 lauimus
391 2910 437 2943 M
442 2912 450 2928 ¹
523 2912 567 2945 ‘24
591 2913 729 2956 prodiet
744 2916 787 2953 Α,
809 2917 971 2959 procedet
984 2919 1067 2952 LM
1068 2920 1123 2952 151³
1194 2921 1238 2954 25
1257 2921 1398 2955 iudauit
1412 2922 1459 2956 M
1535 2923 1680 2966 populos
1695 2923 1730 2956 B
