<?xml version="1.0" encoding="UTF-8"?>
<!DOCTYPE html PUBLIC "-//W3C//DTD XHTML 1.0 Transitional//EN"
    "http://www.w3.org/TR/xhtml1/DTD/xhtml1-transitional.dtd">
<html xmlns="http://www.w3.org/1999/xhtml" xml:lang="en" lang="en">
 <head>
  <title>
</title>
<meta http-equiv="Content-Type" content="text/html;charset=utf-8" />
  <meta name='ocr-system' content='tesseract 3.04.00' />
  <meta name='ocr-capabilities' content='ocr_page ocr_carea ocr_par ocr_line ocrx_word'/>
</head>
<body>
  <div class='ocr_page' id='page_1' title='image "./corpusscriptor203cypruoft/corpusscriptor203cypruoft_0279.png"; bbox 0 0 1912 3152; ppageno 0'>
   <div class='ocr_carea' id='block_1_1' title="bbox 0 518 49 3152">
    <p class='ocr_par' dir='ltr' id='par_1_1' title="bbox 0 518 49 3152">
     <span class='ocr_line' id='line_1_1' title="bbox 0 518 49 3152; baseline 0 0"><span class='ocrx_word' id='word_1_1' title='bbox 0 518 49 3152; x_wconf 95' lang='lat' dir='ltr'> </span> 
     </span>
    </p>
   </div>
   <div class='ocr_carea' id='block_1_2' title="bbox 508 237 1624 283">
    <p class='ocr_par' dir='ltr' id='par_1_2' title="bbox 508 237 1624 283">
     <span class='ocr_line' id='line_1_2' title="bbox 508 237 1624 283; baseline -0.001 -9"><span class='ocrx_word' id='word_1_2' title='bbox 508 240 565 274; x_wconf 88' lang='lat' dir='ltr'>Dc</span> <span class='ocrx_word' id='word_1_3' title='bbox 591 237 820 274; x_wconf 82' lang='lat' dir='ltr'>dominica</span> <span class='ocrx_word' id='word_1_4' title='bbox 843 239 1048 273; x_wconf 84' lang='lat' dir='ltr'>oratione</span> <span class='ocrx_word' id='word_1_5' title='bbox 1073 249 1099 273; x_wconf 80' lang='lat' dir='ltr'>c.</span> <span class='ocrx_word' id='word_1_6' title='bbox 1127 239 1227 273; x_wconf 85' lang='grc'>2-6.</span> <span class='ocrx_word' id='word_1_7' title='bbox 1539 241 1624 283; x_wconf 73' lang='grc'>269</span> 
     </span>
    </p>
   </div>
   <div class='ocr_carea' id='block_1_3' title="bbox 70 343 1668 2053">
    <p class='ocr_par' dir='ltr' id='par_1_3' title="bbox 70 343 1624 1006">
     <span class='ocr_line' id='line_1_3' title="bbox 117 343 1624 400; baseline -0.003 -12"><span class='ocrx_word' id='word_1_8' title='bbox 117 344 466 400; x_wconf 75' lang='lat' dir='ltr'>speculantur</span> <span class='ocrx_word' id='word_1_9' title='bbox 496 343 651 384; x_wconf 87' lang='lat' dir='ltr'>bonos</span> <span class='ocrx_word' id='word_1_10' title='bbox 684 344 735 385; x_wconf 89' lang='lat' dir='ltr'>et</span> <span class='ocrx_word' id='word_1_11' title='bbox 755 343 929 385; x_wconf 87' lang='lat' dir='ltr'>malos.</span> <span class='ocrx_word' id='word_1_12' title='bbox 964 343 1006 384; x_wconf 92' lang='lat' dir='ltr'>et</span> <span class='ocrx_word' id='word_1_13' title='bbox 1027 343 1187 396; x_wconf 88' lang='lat' dir='ltr'>quando</span> <span class='ocrx_word' id='word_1_14' title='bbox 1210 343 1252 384; x_wconf 91' lang='lat' dir='ltr'>in</span> <span class='ocrx_word' id='word_1_15' title='bbox 1274 356 1401 384; x_wconf 90' lang='lat' dir='ltr'>unum</span> <span class='ocrx_word' id='word_1_16' title='bbox 1423 355 1517 384; x_wconf 91' lang='lat' dir='ltr'>cum</span> <span class='ocrx_word' id='word_1_17' title='bbox 1539 343 1624 384; x_wconf 84' lang='lat' dir='ltr'>fra-</span> 
     </span>
     <span class='ocr_line' id='line_1_4' title="bbox 117 411 1624 456; baseline -0.003 0"><span class='ocrx_word' id='word_1_18' title='bbox 117 415 250 456; x_wconf 89' lang='lat' dir='ltr'>tribus</span> <span class='ocrx_word' id='word_1_19' title='bbox 288 412 553 454; x_wconf 86' lang='lat' dir='ltr'>conuenimus</span> <span class='ocrx_word' id='word_1_20' title='bbox 590 412 630 453; x_wconf 91' lang='lat' dir='ltr'>et</span> <span class='ocrx_word' id='word_1_21' title='bbox 667 411 866 453; x_wconf 86' lang='lat' dir='ltr'>sacrificia</span> <span class='ocrx_word' id='word_1_22' title='bbox 901 411 1043 453; x_wconf 88' lang='lat' dir='ltr'>diuina</span> <span class='ocrx_word' id='word_1_23' title='bbox 1072 424 1167 453; x_wconf 90' lang='lat' dir='ltr'>cum</span> <span class='ocrx_word' id='word_1_24' title='bbox 1189 411 1264 452; x_wconf 89' lang='lat' dir='ltr'>Dei</span> <span class='ocrx_word' id='word_1_25' title='bbox 1287 412 1496 453; x_wconf 78' lang='lat' dir='ltr'>sacerdote</span> <span class='ocrx_word' id='word_1_26' title='bbox 1517 412 1624 454; x_wconf 86' lang='lat' dir='ltr'>cele-</span> 
     </span>
     <span class='ocr_line' id='line_1_5' title="bbox 116 478 1622 532; baseline -0.002 -9"><span class='ocrx_word' id='word_1_27' title='bbox 116 483 302 532; x_wconf 88' lang='lat' dir='ltr'>bramus,</span> <span class='ocrx_word' id='word_1_28' title='bbox 334 479 601 522; x_wconf 85' lang='lat' dir='ltr'>uerecundiae</span> <span class='ocrx_word' id='word_1_29' title='bbox 622 480 664 521; x_wconf 88' lang='lat' dir='ltr'>et</span> <span class='ocrx_word' id='word_1_30' title='bbox 686 478 926 532; x_wconf 89' lang='lat' dir='ltr'>disciplinae</span> <span class='ocrx_word' id='word_1_31' title='bbox 948 490 1148 520; x_wconf 86' lang='lat' dir='ltr'>memores</span> <span class='ocrx_word' id='word_1_32' title='bbox 1179 490 1265 520; x_wconf 82' lang='lat' dir='ltr'>esse</span> <span class='ocrx_word' id='word_1_33' title='bbox 1295 478 1512 529; x_wconf 86' lang='lat' dir='ltr'>debemus,</span> <span class='ocrx_word' id='word_1_34' title='bbox 1543 491 1622 520; x_wconf 85' lang='lat' dir='ltr'>non</span> 
     </span>
     <span class='ocr_line' id='line_1_6' title="bbox 115 547 1622 605; baseline -0.003 -13"><span class='ocrx_word' id='word_1_35' title='bbox 115 550 267 605; x_wconf 88' lang='lat' dir='ltr'>passim</span> <span class='ocrx_word' id='word_1_36' title='bbox 288 548 489 591; x_wconf 89' lang='lat' dir='ltr'>uentilare</span> <span class='ocrx_word' id='word_1_37' title='bbox 510 559 646 602; x_wconf 82' lang='lat' dir='ltr'>preces</span> <span class='ocrx_word' id='word_1_38' title='bbox 667 548 828 589; x_wconf 87' lang='lat' dir='ltr'>nostras</span> <span class='ocrx_word' id='word_1_39' title='bbox 850 547 1070 589; x_wconf 87' lang='lat' dir='ltr'>inconditis</span> <span class='ocrx_word' id='word_1_40' title='bbox 1093 547 1263 589; x_wconf 89' lang='lat' dir='ltr'>uocibus</span> <span class='ocrx_word' id='word_1_41' title='bbox 1283 560 1357 589; x_wconf 87' lang='lat' dir='ltr'>nec</span> <span class='ocrx_word' id='word_1_42' title='bbox 1378 548 1622 600; x_wconf 80' lang='lat' dir='ltr'>petitionem</span> 
     </span>
     <span class='ocr_line' id='line_1_7' title="bbox 71 616 1621 669; baseline -0.002 -8"><span class='ocrx_word' id='word_1_43' title='bbox 71 635 85 660; x_wconf 76' lang='lat'>⁵</span> <span class='ocrx_word' id='word_1_44' title='bbox 116 617 481 661; x_wconf 85' lang='lat' dir='ltr'>commendandam</span> <span class='ocrx_word' id='word_1_45' title='bbox 521 617 702 658; x_wconf 84' lang='lat' dir='ltr'>modeste</span> <span class='ocrx_word' id='word_1_46' title='bbox 742 617 828 658; x_wconf 92' lang='lat' dir='ltr'>Deo</span> <span class='ocrx_word' id='word_1_47' title='bbox 868 616 1126 658; x_wconf 87' lang='lat' dir='ltr'>tumultuosa</span> <span class='ocrx_word' id='word_1_48' title='bbox 1166 616 1415 669; x_wconf 82' lang='lat' dir='ltr'>loquacitate</span> <span class='ocrx_word' id='word_1_49' title='bbox 1456 616 1621 667; x_wconf 85' lang='lat' dir='ltr'>iactare,</span> 
     </span>
     <span class='ocr_line' id='line_1_8' title="bbox 115 685 1624 742; baseline -0.002 -13"><span class='ocrx_word' id='word_1_50' title='bbox 115 688 211 742; x_wconf 86' lang='lat' dir='ltr'>quia</span> <span class='ocrx_word' id='word_1_51' title='bbox 231 688 343 729; x_wconf 90' lang='lat' dir='ltr'>Deus</span> <span class='ocrx_word' id='word_1_52' title='bbox 374 698 454 728; x_wconf 91' lang='lat' dir='ltr'>non</span> <span class='ocrx_word' id='word_1_53' title='bbox 475 686 586 727; x_wconf 87' lang='lat' dir='ltr'>uocis</span> <span class='ocrx_word' id='word_1_54' title='bbox 616 686 685 727; x_wconf 89' lang='lat' dir='ltr'>sed</span> <span class='ocrx_word' id='word_1_55' title='bbox 717 685 849 727; x_wconf 89' lang='lat' dir='ltr'>cordis</span> <span class='ocrx_word' id='word_1_56' title='bbox 870 686 1033 727; x_wconf 82' lang='lat' dir='ltr'>auditor</span> <span class='ocrx_word' id='word_1_57' title='bbox 1054 686 1136 735; x_wconf 87' lang='lat' dir='ltr'>est,</span> <span class='ocrx_word' id='word_1_58' title='bbox 1168 697 1241 727; x_wconf 91' lang='lat' dir='ltr'>nec</span> <span class='ocrx_word' id='word_1_59' title='bbox 1262 686 1540 727; x_wconf 85' lang='lat' dir='ltr'>admonendus</span> <span class='ocrx_word' id='word_1_60' title='bbox 1561 686 1624 727; x_wconf 89' lang='lat' dir='ltr'>est</span> 
     </span>
     <span class='ocr_line' id='line_1_9' title="bbox 115 754 1620 810; baseline -0.002 -12"><span class='ocrx_word' id='word_1_61' title='bbox 115 756 361 799; x_wconf 85' lang='lat' dir='ltr'>clamoribus</span> <span class='ocrx_word' id='word_1_62' title='bbox 398 756 468 809; x_wconf 91' lang='lat' dir='ltr'>qui</span> <span class='ocrx_word' id='word_1_63' title='bbox 505 755 777 810; x_wconf 85' lang='lat' dir='ltr'>cogitationes</span> <span class='ocrx_word' id='word_1_64' title='bbox 813 755 928 796; x_wconf 90' lang='lat' dir='ltr'>uidet</span> <span class='ocrx_word' id='word_1_65' title='bbox 959 754 1154 808; x_wconf 78' lang='lat' dir='ltr'>probante</span> <span class='ocrx_word' id='word_1_66' title='bbox 1177 754 1354 796; x_wconf 91' lang='lat' dir='ltr'>Domino</span> <span class='ocrx_word' id='word_1_67' title='bbox 1378 755 1418 796; x_wconf 92' lang='lat' dir='ltr'>et</span> <span class='ocrx_word' id='word_1_68' title='bbox 1440 754 1620 796; x_wconf 85' lang='lat' dir='ltr'>dicente:</span> 
     </span>
     <span class='ocr_line' id='line_1_10' title="bbox 118 822 1622 880; baseline -0.002 -13"><span class='ocrx_word' id='word_1_69' title='bbox 118 826 236 880; x_wconf 90' lang='lat' dir='ltr'>quid</span> <span class='ocrx_word' id='word_1_70' title='bbox 269 825 523 880; x_wconf 87' lang='lat' dir='ltr'>cogitatis</span> <span class='ocrx_word' id='word_1_71' title='bbox 553 837 766 877; x_wconf 84' lang='lat' dir='ltr'>nequam</span> <span class='ocrx_word' id='word_1_72' title='bbox 812 824 865 865; x_wconf 92' lang='lat' dir='ltr'>in</span> <span class='ocrx_word' id='word_1_73' title='bbox 906 823 1151 865; x_wconf 85' lang='lat' dir='ltr'>cordibus</span> <span class='ocrx_word' id='word_1_74' title='bbox 1190 823 1416 865; x_wconf 81' lang='lat' dir='ltr'>uestris?</span> <span class='ocrx_word' id='word_1_75' title='bbox 1464 824 1505 864; x_wconf 89' lang='lat' dir='ltr'>et</span> <span class='ocrx_word' id='word_1_76' title='bbox 1541 822 1622 864; x_wconf 92' lang='lat' dir='ltr'>alio</span> 
     </span>
     <span class='ocr_line' id='line_1_11' title="bbox 114 892 1623 947; baseline -0.002 -11"><span class='ocrx_word' id='word_1_77' title='bbox 114 892 222 937; x_wconf 88' lang='lat' dir='ltr'>loco:</span> <span class='ocrx_word' id='word_1_78' title='bbox 264 895 312 936; x_wconf 89' lang='lat' dir='ltr'>et</span> <span class='ocrx_word' id='word_1_79' title='bbox 342 893 517 935; x_wconf 86' lang='lat' dir='ltr'>scient</span> <span class='ocrx_word' id='word_1_80' title='bbox 555 905 729 934; x_wconf 86' lang='lat' dir='ltr'>omnes</span> <span class='ocrx_word' id='word_1_81' title='bbox 770 892 1031 934; x_wconf 87' lang='lat' dir='ltr'>ecclesiae</span> <span class='ocrx_word' id='word_1_82' title='bbox 1071 893 1190 946; x_wconf 89' lang='lat' dir='ltr'>quia</span> <span class='ocrx_word' id='word_1_83' title='bbox 1221 904 1310 947; x_wconf 87' lang='lat' dir='ltr'>ego</span> <span class='ocrx_word' id='word_1_84' title='bbox 1342 904 1453 933; x_wconf 87' lang='lat' dir='ltr'>sum</span> <span class='ocrx_word' id='word_1_85' title='bbox 1485 903 1623 933; x_wconf 88' lang='lat' dir='ltr'>scru-</span> 
     </span>
     <span class='ocr_line' id='line_1_12' title="bbox 70 962 716 1006; baseline -0.006 0"><span class='ocrx_word' id='word_1_86' title='bbox 70 964 253 1006; x_wconf 84' lang='lat' dir='ltr'>10tator</span> <span class='ocrx_word' id='word_1_87' title='bbox 284 963 423 1005; x_wconf 88' lang='lat' dir='ltr'>renis</span> <span class='ocrx_word' id='word_1_88' title='bbox 455 963 504 1004; x_wconf 87' lang='lat' dir='ltr'>et</span> <span class='ocrx_word' id='word_1_89' title='bbox 535 962 716 1004; x_wconf 89' lang='lat' dir='ltr'>cordis.</span> 
     </span>
    </p>

    <p class='ocr_par' dir='ltr' id='par_1_4' title="bbox 112 1030 1663 1294">
     <span class='ocr_line' id='line_1_13' title="bbox 171 1030 1663 1087; baseline -0.003 -12"><span class='ocrx_word' id='word_1_90' title='bbox 171 1033 287 1086; x_wconf 83' lang='lat' dir='ltr'>Quod</span> <span class='ocrx_word' id='word_1_91' title='bbox 310 1033 429 1075; x_wconf 83' lang='lat' dir='ltr'>Anna</span> <span class='ocrx_word' id='word_1_92' title='bbox 450 1033 492 1075; x_wconf 91' lang='lat' dir='ltr'>in</span> <span class='ocrx_word' id='word_1_93' title='bbox 513 1032 645 1086; x_wconf 89' lang='lat' dir='ltr'>primo</span> <span class='ocrx_word' id='word_1_94' title='bbox 668 1033 903 1087; x_wconf 84' lang='lat' dir='ltr'>Regnorum</span> <span class='ocrx_word' id='word_1_95' title='bbox 933 1033 1040 1074; x_wconf 89' lang='lat' dir='ltr'>libro</span> <span class='ocrx_word' id='word_1_96' title='bbox 1070 1032 1265 1075; x_wconf 86' lang='lat' dir='ltr'>ecclesiae</span> <span class='ocrx_word' id='word_1_97' title='bbox 1288 1031 1435 1086; x_wconf 90' lang='lat' dir='ltr'>typum</span> <span class='ocrx_word' id='word_1_98' title='bbox 1455 1030 1622 1084; x_wconf 89' lang='lat' dir='ltr'>portans</span> <span class='ocrx_word' id='word_1_99' title='bbox 1640 1031 1663 1071; x_wconf 77' lang='lat'>5</span> 
     </span>
     <span class='ocr_line' id='line_1_14' title="bbox 114 1099 1623 1156; baseline -0.002 -12"><span class='ocrx_word' id='word_1_100' title='bbox 114 1102 293 1145; x_wconf 87' lang='lat' dir='ltr'>custodit</span> <span class='ocrx_word' id='word_1_101' title='bbox 315 1104 356 1144; x_wconf 87' lang='lat' dir='ltr'>et</span> <span class='ocrx_word' id='word_1_102' title='bbox 377 1103 536 1153; x_wconf 89' lang='lat' dir='ltr'>seruat,</span> <span class='ocrx_word' id='word_1_103' title='bbox 570 1115 672 1155; x_wconf 88' lang='lat' dir='ltr'>quae</span> <span class='ocrx_word' id='word_1_104' title='bbox 702 1103 836 1143; x_wconf 89' lang='lat' dir='ltr'>Deum</span> <span class='ocrx_word' id='word_1_105' title='bbox 857 1114 936 1144; x_wconf 91' lang='lat' dir='ltr'>non</span> <span class='ocrx_word' id='word_1_106' title='bbox 957 1103 1137 1144; x_wconf 86' lang='lat' dir='ltr'>clamosa</span> <span class='ocrx_word' id='word_1_107' title='bbox 1168 1102 1366 1156; x_wconf 86' lang='lat' dir='ltr'>petitione</span> <span class='ocrx_word' id='word_1_108' title='bbox 1397 1100 1467 1143; x_wconf 89' lang='lat' dir='ltr'>sed</span> <span class='ocrx_word' id='word_1_109' title='bbox 1497 1099 1623 1141; x_wconf 87' lang='lat' dir='ltr'>tacite</span> 
     </span>
     <span class='ocr_line' id='line_1_15' title="bbox 113 1168 1624 1225; baseline -0.003 -11"><span class='ocrx_word' id='word_1_110' title='bbox 113 1173 153 1214; x_wconf 88' lang='lat' dir='ltr'>et</span> <span class='ocrx_word' id='word_1_111' title='bbox 182 1171 364 1213; x_wconf 86' lang='lat' dir='ltr'>modeste</span> <span class='ocrx_word' id='word_1_112' title='bbox 395 1172 504 1213; x_wconf 89' lang='lat' dir='ltr'>intra</span> <span class='ocrx_word' id='word_1_113' title='bbox 534 1171 645 1224; x_wconf 86' lang='lat' dir='ltr'>ipsas</span> <span class='ocrx_word' id='word_1_114' title='bbox 676 1171 851 1225; x_wconf 84' lang='lat' dir='ltr'>pectoris</span> <span class='ocrx_word' id='word_1_115' title='bbox 882 1171 1062 1213; x_wconf 82' lang='lat' dir='ltr'>latebras</span> <span class='ocrx_word' id='word_1_116' title='bbox 1089 1171 1346 1225; x_wconf 86' lang='lat' dir='ltr'>precabatur.</span> <span class='ocrx_word' id='word_1_117' title='bbox 1379 1168 1624 1223; x_wconf 88' lang='lat' dir='ltr'>loquebatur</span> 
     </span>
     <span class='ocr_line' id='line_1_16' title="bbox 112 1237 1622 1294; baseline -0.003 -11"><span class='ocrx_word' id='word_1_118' title='bbox 112 1253 227 1294; x_wconf 89' lang='lat' dir='ltr'>prece</span> <span class='ocrx_word' id='word_1_119' title='bbox 249 1241 410 1283; x_wconf 82' lang='lat' dir='ltr'>occulta</span> <span class='ocrx_word' id='word_1_120' title='bbox 433 1241 503 1282; x_wconf 88' lang='lat' dir='ltr'>sed</span> <span class='ocrx_word' id='word_1_121' title='bbox 525 1241 743 1282; x_wconf 85' lang='lat' dir='ltr'>manifesta</span> <span class='ocrx_word' id='word_1_122' title='bbox 765 1240 863 1291; x_wconf 88' lang='lat' dir='ltr'>fide,</span> <span class='ocrx_word' id='word_1_123' title='bbox 896 1240 1140 1293; x_wconf 85' lang='lat' dir='ltr'>loquebatur</span> <span class='ocrx_word' id='word_1_124' title='bbox 1168 1253 1248 1282; x_wconf 92' lang='lat' dir='ltr'>non</span> <span class='ocrx_word' id='word_1_125' title='bbox 1277 1251 1375 1282; x_wconf 89' lang='lat' dir='ltr'>uoce</span> <span class='ocrx_word' id='word_1_126' title='bbox 1397 1239 1467 1280; x_wconf 90' lang='lat' dir='ltr'>sed</span> <span class='ocrx_word' id='word_1_127' title='bbox 1490 1237 1622 1288; x_wconf 82' lang='lat' dir='ltr'>corde,</span> 
     </span>
    </p>

    <p class='ocr_par' dir='ltr' id='par_1_5' title="bbox 70 1306 1624 1641">
     <span class='ocr_line' id='line_1_17' title="bbox 70 1306 1622 1363; baseline -0.003 -12"><span class='ocrx_word' id='word_1_128' title='bbox 70 1330 100 1357; x_wconf 64' lang='grc' dir='ltr'><strong>η</strong></span> <span class='ocrx_word' id='word_1_129' title='bbox 113 1310 208 1363; x_wconf 89' lang='lat' dir='ltr'>quia</span> <span class='ocrx_word' id='word_1_130' title='bbox 229 1310 287 1351; x_wconf 91' lang='lat' dir='ltr'>sic</span> <span class='ocrx_word' id='word_1_131' title='bbox 308 1310 533 1351; x_wconf 90' lang='lat' dir='ltr'>Dominum</span> <span class='ocrx_word' id='word_1_132' title='bbox 557 1310 712 1352; x_wconf 87' lang='lat' dir='ltr'>sciebat</span> <span class='ocrx_word' id='word_1_133' title='bbox 734 1310 874 1352; x_wconf 87' lang='lat' dir='ltr'>audire</span> <span class='ocrx_word' id='word_1_134' title='bbox 889 1343 898 1360; x_wconf 89' lang='lat'>,</span> <span class='ocrx_word' id='word_1_135' title='bbox 932 1311 973 1352; x_wconf 91' lang='lat' dir='ltr'>et</span> <span class='ocrx_word' id='word_1_136' title='bbox 1005 1310 1231 1363; x_wconf 89' lang='lat' dir='ltr'>inpetrauit</span> <span class='ocrx_word' id='word_1_137' title='bbox 1262 1308 1484 1351; x_wconf 88' lang='lat' dir='ltr'>efficaciter</span> <span class='ocrx_word' id='word_1_138' title='bbox 1515 1306 1622 1360; x_wconf 85' lang='lat' dir='ltr'>quod</span> 
     </span>
     <span class='ocr_line' id='line_1_18' title="bbox 112 1377 1622 1433; baseline -0.003 -13"><span class='ocrx_word' id='word_1_139' title='bbox 112 1378 236 1433; x_wconf 91' lang='lat' dir='ltr'>petit,</span> <span class='ocrx_word' id='word_1_140' title='bbox 281 1378 377 1431; x_wconf 89' lang='lat' dir='ltr'>quia</span> <span class='ocrx_word' id='word_1_141' title='bbox 409 1378 584 1420; x_wconf 86' lang='lat' dir='ltr'>fideliter</span> <span class='ocrx_word' id='word_1_142' title='bbox 615 1379 856 1431; x_wconf 85' lang='lat' dir='ltr'>postulauit.</span> <span class='ocrx_word' id='word_1_143' title='bbox 890 1379 1070 1421; x_wconf 85' lang='lat' dir='ltr'>declarat</span> <span class='ocrx_word' id='word_1_144' title='bbox 1106 1379 1309 1432; x_wconf 85' lang='lat' dir='ltr'>scriptura</span> <span class='ocrx_word' id='word_1_145' title='bbox 1341 1377 1485 1419; x_wconf 84' lang='lat' dir='ltr'>diuina</span> <span class='ocrx_word' id='word_1_146' title='bbox 1517 1388 1622 1429; x_wconf 82' lang='lat' dir='ltr'>quae</span> 
     </span>
     <span class='ocr_line' id='line_1_19' title="bbox 113 1447 1622 1500; baseline -0.002 -11"><span class='ocrx_word' id='word_1_147' title='bbox 113 1447 234 1489; x_wconf 88' lang='lat' dir='ltr'>dicit:</span> <span class='ocrx_word' id='word_1_148' title='bbox 283 1447 595 1500; x_wconf 83' lang='lat' dir='ltr'>loquebatur</span> <span class='ocrx_word' id='word_1_149' title='bbox 640 1448 689 1489; x_wconf 90' lang='grc'>111</span> <span class='ocrx_word' id='word_1_150' title='bbox 735 1448 883 1491; x_wconf 85' lang='lat' dir='ltr'>corde</span> <span class='ocrx_word' id='word_1_151' title='bbox 925 1461 1014 1490; x_wconf 91' lang='lat' dir='ltr'>suo</span> <span class='ocrx_word' id='word_1_152' title='bbox 1058 1450 1106 1490; x_wconf 91' lang='lat' dir='ltr'>et</span> <span class='ocrx_word' id='word_1_153' title='bbox 1137 1448 1279 1489; x_wconf 88' lang='lat' dir='ltr'>labia</span> <span class='ocrx_word' id='word_1_154' title='bbox 1312 1447 1424 1489; x_wconf 91' lang='lat' dir='ltr'>eius</span> <span class='ocrx_word' id='word_1_155' title='bbox 1456 1457 1622 1487; x_wconf 85' lang='lat' dir='ltr'>moue-</span> 
     </span>
     <span class='ocr_line' id='line_1_20' title="bbox 114 1513 1624 1568; baseline -0.002 -12"><span class='ocrx_word' id='word_1_156' title='bbox 114 1515 299 1557; x_wconf 88' lang='lat' dir='ltr'>bantur</span> <span class='ocrx_word' id='word_1_157' title='bbox 344 1516 392 1557; x_wconf 86' lang='lat' dir='ltr'>et</span> <span class='ocrx_word' id='word_1_158' title='bbox 438 1528 531 1557; x_wconf 82' lang='lat' dir='ltr'>uox</span> <span class='ocrx_word' id='word_1_159' title='bbox 577 1517 686 1558; x_wconf 85' lang='lat' dir='ltr'>eius</span> <span class='ocrx_word' id='word_1_160' title='bbox 731 1531 824 1560; x_wconf 91' lang='lat' dir='ltr'>non</span> <span class='ocrx_word' id='word_1_161' title='bbox 871 1518 1209 1568; x_wconf 84' lang='lat' dir='ltr'>audiebatur,</span> <span class='ocrx_word' id='word_1_162' title='bbox 1257 1517 1305 1558; x_wconf 91' lang='lat' dir='ltr'>et</span> <span class='ocrx_word' id='word_1_163' title='bbox 1349 1513 1624 1557; x_wconf 81' lang='lat' dir='ltr'>exaudiuit</span> 
     </span>
     <span class='ocr_line' id='line_1_21' title="bbox 115 1582 1622 1641; baseline -0.002 -15"><span class='ocrx_word' id='word_1_164' title='bbox 115 1596 220 1626; x_wconf 87' lang='lat' dir='ltr'>eam</span> <span class='ocrx_word' id='word_1_165' title='bbox 249 1585 508 1627; x_wconf 88' lang='lat' dir='ltr'>Dominus.</span> <span class='ocrx_word' id='word_1_166' title='bbox 542 1585 643 1628; x_wconf 89' lang='lat' dir='ltr'>item</span> <span class='ocrx_word' id='word_1_167' title='bbox 674 1587 853 1641; x_wconf 86' lang='lat' dir='ltr'>legimus</span> <span class='ocrx_word' id='word_1_168' title='bbox 876 1587 918 1629; x_wconf 90' lang='lat' dir='ltr'>in</span> <span class='ocrx_word' id='word_1_169' title='bbox 940 1587 1132 1641; x_wconf 83' lang='lat' dir='ltr'>psalmis:</span> <span class='ocrx_word' id='word_1_170' title='bbox 1181 1585 1346 1628; x_wconf 85' lang='lat' dir='ltr'>dicite</span> <span class='ocrx_word' id='word_1_171' title='bbox 1378 1585 1428 1626; x_wconf 92' lang='lat' dir='ltr'>in</span> <span class='ocrx_word' id='word_1_172' title='bbox 1459 1582 1622 1625; x_wconf 89' lang='lat' dir='ltr'>cordi-</span> 
     </span>
    </p>

    <p class='ocr_par' dir='ltr' id='par_1_6' title="bbox 72 1652 1626 1843">
     <span class='ocr_line' id='line_1_22' title="bbox 72 1652 1625 1709; baseline -0.001 -16"><span class='ocrx_word' id='word_1_173' title='bbox 72 1652 202 1694; x_wconf 81' lang='lat' dir='ltr'>2obus</span> <span class='ocrx_word' id='word_1_174' title='bbox 230 1654 428 1696; x_wconf 86' lang='lat' dir='ltr'>uestris</span> <span class='ocrx_word' id='word_1_175' title='bbox 458 1655 585 1697; x_wconf 86' lang='lat' dir='ltr'>etin</span> <span class='ocrx_word' id='word_1_176' title='bbox 615 1656 879 1697; x_wconf 89' lang='lat' dir='ltr'>cubilibus</span> <span class='ocrx_word' id='word_1_177' title='bbox 908 1656 1101 1698; x_wconf 85' lang='lat' dir='ltr'>uestris</span> <span class='ocrx_word' id='word_1_178' title='bbox 1123 1652 1528 1709; x_wconf 84' lang='lat' dir='ltr'>conpungimini.</span> <span class='ocrx_word' id='word_1_179' title='bbox 1551 1664 1625 1704; x_wconf 83' lang='lat' dir='ltr'>per</span> 
     </span>
     <span class='ocr_line' id='line_1_23' title="bbox 116 1721 1626 1778; baseline -0.001 -15"><span class='ocrx_word' id='word_1_180' title='bbox 116 1721 369 1764; x_wconf 85' lang='lat' dir='ltr'>Hieremiam</span> <span class='ocrx_word' id='word_1_181' title='bbox 391 1737 549 1778; x_wconf 87' lang='lat' dir='ltr'>quoque</span> <span class='ocrx_word' id='word_1_182' title='bbox 565 1724 664 1766; x_wconf 88' lang='lat' dir='ltr'>haec</span> <span class='ocrx_word' id='word_1_183' title='bbox 685 1725 828 1767; x_wconf 86' lang='lat' dir='ltr'>eadem</span> <span class='ocrx_word' id='word_1_184' title='bbox 850 1724 1026 1778; x_wconf 80' lang='lat' dir='ltr'>Spiritus</span> <span class='ocrx_word' id='word_1_185' title='bbox 1048 1726 1215 1767; x_wconf 86' lang='lat' dir='ltr'>sanctus</span> <span class='ocrx_word' id='word_1_186' title='bbox 1238 1723 1425 1778; x_wconf 82' lang='lat' dir='ltr'>suggerit</span> <span class='ocrx_word' id='word_1_187' title='bbox 1445 1723 1486 1764; x_wconf 92' lang='lat' dir='ltr'>et</span> <span class='ocrx_word' id='word_1_188' title='bbox 1508 1721 1626 1763; x_wconf 82' lang='lat' dir='ltr'>docet</span> 
     </span>
     <span class='ocr_line' id='line_1_24' title="bbox 118 1789 1581 1843; baseline 0 -11"><span class='ocrx_word' id='word_1_189' title='bbox 118 1789 276 1833; x_wconf 88' lang='lat' dir='ltr'>dicens:</span> <span class='ocrx_word' id='word_1_190' title='bbox 309 1792 362 1833; x_wconf 92' lang='lat' dir='ltr'>in</span> <span class='ocrx_word' id='word_1_191' title='bbox 394 1804 543 1834; x_wconf 89' lang='lat' dir='ltr'>sensu</span> <span class='ocrx_word' id='word_1_192' title='bbox 575 1794 744 1835; x_wconf 90' lang='lat' dir='ltr'>autem</span> <span class='ocrx_word' id='word_1_193' title='bbox 776 1794 878 1835; x_wconf 91' lang='lat' dir='ltr'>tibi</span> <span class='ocrx_word' id='word_1_194' title='bbox 910 1794 1066 1836; x_wconf 88' lang='lat' dir='ltr'>debet</span> <span class='ocrx_word' id='word_1_195' title='bbox 1096 1793 1321 1843; x_wconf 87' lang='lat' dir='ltr'>adorari,</span> <span class='ocrx_word' id='word_1_196' title='bbox 1354 1792 1581 1835; x_wconf 89' lang='lat' dir='ltr'>Domine.</span> 
     </span>
    </p>

    <p class='ocr_par' dir='ltr' id='par_1_7' title="bbox 118 1859 1668 1985">
     <span class='ocr_line' id='line_1_25' title="bbox 173 1859 1668 1918; baseline 0.001 -17"><span class='ocrx_word' id='word_1_197' title='bbox 173 1859 358 1902; x_wconf 86' lang='lat' dir='ltr'>Adorans</span> <span class='ocrx_word' id='word_1_198' title='bbox 379 1863 537 1913; x_wconf 85' lang='lat' dir='ltr'>autem,</span> <span class='ocrx_word' id='word_1_199' title='bbox 571 1862 718 1904; x_wconf 87' lang='lat' dir='ltr'>fratres</span> <span class='ocrx_word' id='word_1_200' title='bbox 739 1863 1013 1914; x_wconf 78' lang='lat' dir='ltr'>dilectissimi,</span> <span class='ocrx_word' id='word_1_201' title='bbox 1047 1876 1119 1904; x_wconf 91' lang='lat' dir='ltr'>nec</span> <span class='ocrx_word' id='word_1_202' title='bbox 1140 1862 1246 1904; x_wconf 85' lang='lat' dir='ltr'>illud</span> <span class='ocrx_word' id='word_1_203' title='bbox 1268 1863 1448 1918; x_wconf 84' lang='lat' dir='ltr'>ignoret,</span> <span class='ocrx_word' id='word_1_204' title='bbox 1480 1874 1624 1914; x_wconf 90' lang='lat' dir='ltr'>quem·</span> <span class='ocrx_word' id='word_1_205' title='bbox 1643 1871 1668 1910; x_wconf 72' lang='lat'>(3</span> 
     </span>
     <span class='ocr_line' id='line_1_26' title="bbox 118 1928 1623 1985; baseline 0.003 -15"><span class='ocrx_word' id='word_1_206' title='bbox 118 1928 339 1971; x_wconf 87' lang='lat' dir='ltr'>admodum</span> <span class='ocrx_word' id='word_1_207' title='bbox 386 1930 427 1971; x_wconf 89' lang='lat' dir='ltr'>in</span> <span class='ocrx_word' id='word_1_208' title='bbox 468 1931 623 1984; x_wconf 90' lang='lat' dir='ltr'>templo</span> <span class='ocrx_word' id='word_1_209' title='bbox 672 1944 765 1973; x_wconf 86' lang='lat' dir='ltr'>cum</span> <span class='ocrx_word' id='word_1_210' title='bbox 797 1932 1009 1985; x_wconf 89' lang='lat' dir='ltr'>pharisaeo</span> <span class='ocrx_word' id='word_1_211' title='bbox 1042 1932 1286 1985; x_wconf 85' lang='lat' dir='ltr'>publicanus</span> <span class='ocrx_word' id='word_1_212' title='bbox 1318 1933 1510 1975; x_wconf 88' lang='lat' dir='ltr'>orauerit.</span> <span class='ocrx_word' id='word_1_213' title='bbox 1544 1946 1623 1975; x_wconf 86' lang='lat' dir='ltr'>non</span> 
     </span>
    </p>

    <p class='ocr_par' dir='ltr' id='par_1_8' title="bbox 73 1998 1623 2053">
     <span class='ocr_line' id='line_1_27' title="bbox 73 1998 1623 2053; baseline 0.003 -14"><span class='ocrx_word' id='word_1_214' title='bbox 73 1998 318 2045; x_wconf 75' lang='lat' dir='ltr'>25adleuatis</span> <span class='ocrx_word' id='word_1_215' title='bbox 354 1998 394 2039; x_wconf 92' lang='lat' dir='ltr'>in</span> <span class='ocrx_word' id='word_1_216' title='bbox 433 1999 591 2041; x_wconf 85' lang='lat' dir='ltr'>caelum</span> <span class='ocrx_word' id='word_1_217' title='bbox 628 2000 872 2053; x_wconf 86' lang='lat' dir='ltr'>inpudenter</span> <span class='ocrx_word' id='word_1_218' title='bbox 908 2001 1038 2043; x_wconf 83' lang='lat' dir='ltr'>oculis</span> <span class='ocrx_word' id='word_1_219' title='bbox 1073 2014 1147 2044; x_wconf 87' lang='lat' dir='ltr'>nec</span> <span class='ocrx_word' id='word_1_220' title='bbox 1183 2002 1375 2044; x_wconf 84' lang='lat' dir='ltr'>manibus</span> <span class='ocrx_word' id='word_1_221' title='bbox 1398 2002 1623 2044; x_wconf 88' lang='lat' dir='ltr'>insolenter</span> 
     </span>
    </p>
   </div>
   <div class='ocr_carea' id='block_1_4' title="bbox 118 2150 1624 2253">
    <p class='ocr_par' dir='ltr' id='par_1_9' title="bbox 118 2150 1624 2253">
     <span class='ocr_line' id='line_1_28' title="bbox 251 2150 1624 2196; baseline 0.001 -12"><span class='ocrx_word' id='word_1_222' title='bbox 251 2150 273 2184; x_wconf 75' lang='lat'><em>8</em></span> <span class='ocrx_word' id='word_1_223' title='bbox 298 2150 428 2184; x_wconf 85' lang='lat' dir='ltr'>Matth.</span> <span class='ocrx_word' id='word_1_224' title='bbox 449 2152 480 2191; x_wconf 72' lang='grc'>9,</span> <span class='ocrx_word' id='word_1_225' title='bbox 498 2151 530 2184; x_wconf 78' lang='lat'>4.</span> <span class='ocrx_word' id='word_1_226' title='bbox 619 2153 640 2186; x_wconf 90' lang='grc'><strong>9</strong></span> <span class='ocrx_word' id='word_1_227' title='bbox 666 2152 771 2195; x_wconf 83' lang='lat' dir='ltr'>Apoc.</span> <span class='ocrx_word' id='word_1_228' title='bbox 791 2152 822 2193; x_wconf 86' lang='grc'>2,</span> <span class='ocrx_word' id='word_1_229' title='bbox 842 2152 897 2186; x_wconf 87' lang='grc'>23,</span> <span class='ocrx_word' id='word_1_230' title='bbox 988 2151 1029 2186; x_wconf 84' lang='grc'>17</span> <span class='ocrx_word' id='word_1_231' title='bbox 1057 2152 1073 2186; x_wconf 93' lang='grc' dir='ltr'>Ι</span> <span class='ocrx_word' id='word_1_232' title='bbox 1092 2152 1176 2196; x_wconf 69' lang='lat' dir='ltr'>Rog.</span> <span class='ocrx_word' id='word_1_233' title='bbox 1199 2152 1229 2193; x_wconf 91' lang='lat'>1,</span> <span class='ocrx_word' id='word_1_234' title='bbox 1250 2152 1306 2188; x_wconf 87' lang='lat'>13.</span> <span class='ocrx_word' id='word_1_235' title='bbox 1398 2152 1440 2187; x_wconf 82' lang='lat'>19</span> <span class='ocrx_word' id='word_1_236' title='bbox 1465 2152 1523 2187; x_wconf 76' lang='lat' dir='ltr'>Ps.</span> <span class='ocrx_word' id='word_1_237' title='bbox 1541 2154 1573 2195; x_wconf 88' lang='lat'>4,</span> <span class='ocrx_word' id='word_1_238' title='bbox 1592 2154 1624 2187; x_wconf 78' lang='lat'>5.</span> 
     </span>
     <span class='ocr_line' id='line_1_29' title="bbox 118 2206 752 2253; baseline 0.002 -12"><span class='ocrx_word' id='word_1_239' title='bbox 118 2206 162 2241; x_wconf 87' lang='grc'>22</span> <span class='ocrx_word' id='word_1_240' title='bbox 186 2206 318 2242; x_wconf 80' lang='lat' dir='ltr'>Hierm.</span> <span class='ocrx_word' id='word_1_241' title='bbox 339 2207 401 2252; x_wconf 88' lang='lat' dir='ltr'>Ep.</span> <span class='ocrx_word' id='word_1_242' title='bbox 420 2208 442 2241; x_wconf 75' lang='grc' dir='ltr'>ἴ)</span> <span class='ocrx_word' id='word_1_243' title='bbox 460 2210 517 2251; x_wconf 72' lang='lat' dir='ltr'>(z</span> <span class='ocrx_word' id='word_1_244' title='bbox 536 2208 676 2243; x_wconf 86' lang='lat' dir='ltr'>Baruch</span> <span class='ocrx_word' id='word_1_245' title='bbox 694 2209 752 2253; x_wconf 84' lang='lat'>6.).</span> 
     </span>
    </p>
   </div>
   <div class='ocr_carea' id='block_1_5' title="bbox 117 2322 1628 2944">
    <p class='ocr_par' dir='ltr' id='par_1_10' title="bbox 117 2322 1628 2944">
     <span class='ocr_line' id='line_1_30' title="bbox 185 2322 1627 2369; baseline 0.002 -12"><span class='ocrx_word' id='word_1_246' title='bbox 185 2322 207 2356; x_wconf 83' lang='lat'>5</span> <span class='ocrx_word' id='word_1_247' title='bbox 230 2324 266 2357; x_wconf 85' lang='lat' dir='ltr'>te</span> <span class='ocrx_word' id='word_1_248' title='bbox 282 2323 346 2358; x_wconf 85' lang='lat' dir='ltr'>deo</span> <span class='ocrx_word' id='word_1_249' title='bbox 364 2324 585 2358; x_wconf 79' lang='lat' dir='ltr'>tumultuosa</span> <span class='ocrx_word' id='word_1_250' title='bbox 602 2323 646 2358; x_wconf 82' lang='lat' dir='ltr'>ab</span> <span class='ocrx_word' id='word_1_251' title='bbox 663 2324 718 2358; x_wconf 77' lang='lat' dir='ltr'>his</span> <span class='ocrx_word' id='word_1_252' title='bbox 735 2324 867 2368; x_wconf 76' lang='lat' dir='ltr'>incipit</span> <span class='ocrx_word' id='word_1_253' title='bbox 885 2324 915 2359; x_wconf 87' lang='lat' dir='ltr'>S</span> <span class='ocrx_word' id='word_1_254' title='bbox 972 2325 993 2359; x_wconf 90' lang='grc'>6</span> <span class='ocrx_word' id='word_1_255' title='bbox 1011 2325 1066 2358; x_wconf 88' lang='lat' dir='ltr'>est</span> <span class='ocrx_word' id='word_1_256' title='bbox 1086 2325 1187 2368; x_wconf 82' lang='lat' dir='ltr'>(ante</span> <span class='ocrx_word' id='word_1_257' title='bbox 1201 2324 1318 2369; x_wconf 85' lang='lat' dir='ltr'>clam.)</span> <span class='ocrx_word' id='word_1_258' title='bbox 1333 2325 1457 2360; x_wconf 71' lang='lat' dir='ltr'>om.lV</span> <span class='ocrx_word' id='word_1_259' title='bbox 1469 2324 1501 2360; x_wconf 83' lang='lat' dir='ltr'><em>G</em></span> <span class='ocrx_word' id='word_1_260' title='bbox 1513 2325 1575 2360; x_wconf 69' lang='lat' dir='ltr'>secl</span> <span class='ocrx_word' id='word_1_261' title='bbox 1595 2326 1627 2360; x_wconf 96' lang='lat' dir='ltr'><em>G</em></span> 
     </span>
     <span class='ocr_line' id='line_1_31' title="bbox 119 2379 1626 2428; baseline 0.001 -14"><span class='ocrx_word' id='word_1_262' title='bbox 119 2379 159 2414; x_wconf 79' lang='lat' dir='ltr'>in</span> <span class='ocrx_word' id='word_1_263' title='bbox 176 2390 246 2415; x_wconf 79' lang='lat' dir='ltr'>ras.</span> <span class='ocrx_word' id='word_1_264' title='bbox 319 2381 338 2415; x_wconf 83' lang='lat'>7</span> <span class='ocrx_word' id='word_1_265' title='bbox 364 2381 598 2426; x_wconf 85' lang='lat' dir='ltr'>cogitationes</span> <span class='ocrx_word' id='word_1_266' title='bbox 616 2380 798 2416; x_wconf 85' lang='lat' dir='ltr'>hominum</span> <span class='ocrx_word' id='word_1_267' title='bbox 818 2393 838 2417; x_wconf 87' lang='lat' dir='ltr'><em>v</em></span> <span class='ocrx_word' id='word_1_268' title='bbox 908 2383 929 2416; x_wconf 89' lang='grc'>9</span> <span class='ocrx_word' id='word_1_269' title='bbox 954 2384 990 2416; x_wconf 87' lang='lat' dir='ltr'>ct</span> <span class='ocrx_word' id='word_1_270' title='bbox 1007 2383 1132 2428; x_wconf 84' lang='lat' dir='ltr'>seiont]</span> <span class='ocrx_word' id='word_1_271' title='bbox 1152 2383 1265 2417; x_wconf 75' lang='lat' dir='ltr'>sciens</span> <span class='ocrx_word' id='word_1_272' title='bbox 1280 2383 1310 2417; x_wconf 86' lang='lat' dir='ltr'>S</span> <span class='ocrx_word' id='word_1_273' title='bbox 1379 2384 1421 2417; x_wconf 98' lang='grc'>12</span> <span class='ocrx_word' id='word_1_274' title='bbox 1446 2383 1626 2418; x_wconf 84' lang='lat' dir='ltr'>dominum</span> 
     </span>
     <span class='ocr_line' id='line_1_32' title="bbox 124 2437 1557 2485; baseline 0.002 -13"><span class='ocrx_word' id='word_1_275' title='bbox 124 2437 170 2473; x_wconf 88' lang='lat' dir='ltr'><em>W</em></span> <span class='ocrx_word' id='word_1_276' title='bbox 178 2437 231 2473; x_wconf 71' lang='lat' dir='ltr'>Ge)</span> <span class='ocrx_word' id='word_1_277' title='bbox 294 2439 337 2473; x_wconf 84' lang='lat'>14</span> <span class='ocrx_word' id='word_1_278' title='bbox 355 2450 470 2483; x_wconf 80' lang='lat' dir='ltr'>preco.</span> <span class='ocrx_word' id='word_1_279' title='bbox 486 2465 493 2472; x_wconf 98' lang='lat'>.</span> <span class='ocrx_word' id='word_1_280' title='bbox 509 2439 736 2483; x_wconf 85' lang='lat' dir='ltr'>.loquebatur</span> <span class='ocrx_word' id='word_1_281' title='bbox 750 2451 815 2474; x_wconf 84' lang='lat' dir='ltr'>om.</span> <span class='ocrx_word' id='word_1_282' title='bbox 827 2439 855 2474; x_wconf 85' lang='lat' dir='ltr'>S</span> <span class='ocrx_word' id='word_1_283' title='bbox 861 2441 908 2475; x_wconf 88' lang='lat' dir='ltr'><em>W</em></span> <span class='ocrx_word' id='word_1_284' title='bbox 913 2440 946 2475; x_wconf 83' lang='lat' dir='ltr'><em>G</em></span> <span class='ocrx_word' id='word_1_285' title='bbox 1019 2440 1061 2475; x_wconf 84' lang='lat'>15</span> <span class='ocrx_word' id='word_1_286' title='bbox 1078 2439 1180 2475; x_wconf 80' lang='lat' dir='ltr'>dcun]</span> <span class='ocrx_word' id='word_1_287' title='bbox 1191 2440 1258 2476; x_wconf 87' lang='lat' dir='ltr'>Wv</span> <span class='ocrx_word' id='word_1_288' title='bbox 1322 2441 1364 2475; x_wconf 74' lang='lat'>16</span> <span class='ocrx_word' id='word_1_289' title='bbox 1383 2441 1489 2485; x_wconf 82' lang='lat' dir='ltr'>petiit</span> <span class='ocrx_word' id='word_1_290' title='bbox 1503 2441 1534 2475; x_wconf 88' lang='lat' dir='ltr'><em>G</em></span> <span class='ocrx_word' id='word_1_291' title='bbox 1539 2452 1557 2475; x_wconf 77' lang='grc' dir='ltr'><em>ο</em></span> 
     </span>
     <span class='ocr_line' id='line_1_33' title="bbox 121 2496 1627 2543; baseline 0.002 -13"><span class='ocrx_word' id='word_1_292' title='bbox 121 2496 161 2530; x_wconf 86' lang='grc'>17</span> <span class='ocrx_word' id='word_1_293' title='bbox 179 2507 247 2531; x_wconf 83' lang='grc'>11011</span> <span class='ocrx_word' id='word_1_294' title='bbox 264 2497 495 2531; x_wconf 83' lang='lat' dir='ltr'>mouebantur</span> <span class='ocrx_word' id='word_1_295' title='bbox 504 2496 542 2539; x_wconf 91' lang='lat' dir='ltr'>S,</span> <span class='ocrx_word' id='word_1_296' title='bbox 560 2498 811 2532; x_wconf 71' lang='lat' dir='ltr'>*mouebantur</span> <span class='ocrx_word' id='word_1_297' title='bbox 831 2498 864 2533; x_wconf 86' lang='lat' dir='ltr'><em>G</em></span> <span class='ocrx_word' id='word_1_298' title='bbox 876 2509 931 2533; x_wconf 91' lang='lat' dir='ltr'>1uo</span> <span class='ocrx_word' id='word_1_299' title='bbox 950 2499 992 2534; x_wconf 75' lang='lat' dir='ltr'>in</span> <span class='ocrx_word' id='word_1_300' title='bbox 1010 2510 1080 2533; x_wconf 82' lang='lat' dir='ltr'>ras.</span> <span class='ocrx_word' id='word_1_301' title='bbox 1170 2499 1212 2532; x_wconf 84' lang='grc'>19</span> <span class='ocrx_word' id='word_1_302' title='bbox 1236 2498 1321 2533; x_wconf 78' lang='lat' dir='ltr'>deus</span> <span class='ocrx_word' id='word_1_303' title='bbox 1341 2499 1388 2534; x_wconf 87' lang='lat' dir='ltr'><em>W</em></span> <span class='ocrx_word' id='word_1_304' title='bbox 1396 2498 1426 2534; x_wconf 90' lang='lat' dir='ltr'><em>G</em></span> <span class='ocrx_word' id='word_1_305' title='bbox 1432 2510 1450 2534; x_wconf 86' lang='grc' dir='ltr'><strong><em>υ</em></strong></span> <span class='ocrx_word' id='word_1_306' title='bbox 1532 2499 1627 2543; x_wconf 82' lang='lat' dir='ltr'>spal-</span> 
     </span>
     <span class='ocr_line' id='line_1_34' title="bbox 120 2553 1558 2601; baseline 0.002 -13"><span class='ocrx_word' id='word_1_307' title='bbox 120 2553 186 2588; x_wconf 79' lang='lat' dir='ltr'>mis</span> <span class='ocrx_word' id='word_1_308' title='bbox 205 2555 237 2589; x_wconf 87' lang='lat' dir='ltr'><strong><em>G</em></strong></span> <span class='ocrx_word' id='word_1_309' title='bbox 320 2555 366 2589; x_wconf 90' lang='grc'>20</span> <span class='ocrx_word' id='word_1_310' title='bbox 391 2556 521 2590; x_wconf 87' lang='lat' dir='ltr'>uestris</span> <span class='ocrx_word' id='word_1_311' title='bbox 538 2566 603 2590; x_wconf 88' lang='lat' dir='ltr'>om.</span> <span class='ocrx_word' id='word_1_312' title='bbox 624 2567 643 2590; x_wconf 90' lang='lat' dir='ltr'><em>v</em></span> <span class='ocrx_word' id='word_1_313' title='bbox 729 2557 765 2590; x_wconf 85' lang='lat' dir='ltr'>et</span> <span class='ocrx_word' id='word_1_314' title='bbox 781 2567 846 2591; x_wconf 84' lang='lat' dir='ltr'>om.</span> <span class='ocrx_word' id='word_1_315' title='bbox 868 2556 901 2592; x_wconf 92' lang='lat' dir='ltr'><em>V</em></span> <span class='ocrx_word' id='word_1_316' title='bbox 996 2557 1174 2592; x_wconf 89' lang='lat' dir='ltr'>cubilibus</span> <span class='ocrx_word' id='word_1_317' title='bbox 1192 2558 1238 2601; x_wconf 84' lang='lat' dir='ltr'>S,</span> <span class='ocrx_word' id='word_1_318' title='bbox 1265 2559 1390 2593; x_wconf 77' lang='lat' dir='ltr'>stratis</span> <span class='ocrx_word' id='word_1_319' title='bbox 1412 2557 1558 2594; x_wconf 76' lang='lat' dir='ltr'><em>WGVv</em></span> 
     </span>
     <span class='ocr_line' id='line_1_35' title="bbox 120 2613 1560 2659; baseline 0.002 -13"><span class='ocrx_word' id='word_1_320' title='bbox 120 2614 383 2658; x_wconf 86' lang='lat' dir='ltr'>conpungimini</span> <span class='ocrx_word' id='word_1_321' title='bbox 403 2614 447 2655; x_wconf 88' lang='lat' dir='ltr'>S,</span> <span class='ocrx_word' id='word_1_322' title='bbox 465 2616 501 2648; x_wconf 89' lang='lat' dir='ltr'>ct</span> <span class='ocrx_word' id='word_1_323' title='bbox 518 2613 822 2659; x_wconf 85' lang='lat' dir='ltr'>transpungimini</span> <span class='ocrx_word' id='word_1_324' title='bbox 835 2614 863 2658; x_wconf 92' lang='lat'>(.</span> <span class='ocrx_word' id='word_1_325' title='bbox 878 2614 1002 2649; x_wconf 81' lang='lat' dir='ltr'>,emini</span> <span class='ocrx_word' id='word_1_326' title='bbox 1016 2616 1078 2659; x_wconf 89' lang='lat' dir='ltr'>W)</span> <span class='ocrx_word' id='word_1_327' title='bbox 1098 2616 1206 2651; x_wconf 76' lang='lat' dir='ltr'>WGv</span> <span class='ocrx_word' id='word_1_328' title='bbox 1276 2617 1318 2651; x_wconf 91' lang='grc'>21</span> <span class='ocrx_word' id='word_1_329' title='bbox 1346 2616 1515 2651; x_wconf 79' lang='lat' dir='ltr'>icreinian</span> <span class='ocrx_word' id='word_1_330' title='bbox 1531 2616 1560 2649; x_wconf 80' lang='lat' dir='ltr'>S</span> 
     </span>
     <span class='ocr_line' id='line_1_36' title="bbox 121 2664 1624 2718; baseline 0.003 -15"><span class='ocrx_word' id='word_1_331' title='bbox 121 2671 261 2704; x_wconf 85' lang='lat' dir='ltr'>sanctus</span> <span class='ocrx_word' id='word_1_332' title='bbox 278 2681 342 2704; x_wconf 82' lang='lat' dir='ltr'>om.</span> <span class='ocrx_word' id='word_1_333' title='bbox 360 2670 388 2705; x_wconf 87' lang='lat' dir='ltr'>S</span> <span class='ocrx_word' id='word_1_334' title='bbox 455 2671 500 2705; x_wconf 92' lang='grc'>22</span> <span class='ocrx_word' id='word_1_335' title='bbox 526 2671 595 2706; x_wconf 89' lang='lat' dir='ltr'>tibi</span> <span class='ocrx_word' id='word_1_336' title='bbox 613 2671 716 2706; x_wconf 84' lang='lat' dir='ltr'>debet</span> <span class='ocrx_word' id='word_1_337' title='bbox 745 2671 882 2706; x_wconf 83' lang='lat' dir='ltr'>adorari</span> <span class='ocrx_word' id='word_1_338' title='bbox 898 2664 965 2708; x_wconf 69' lang='lat' dir='ltr'>dne</span> <span class='ocrx_word' id='word_1_339' title='bbox 982 2664 1063 2718; x_wconf 68' lang='lat' dir='ltr'>(dns</span> <span class='ocrx_word' id='word_1_340' title='bbox 1082 2674 1145 2715; x_wconf 90' lang='lat' dir='ltr'>W,</span> <span class='ocrx_word' id='word_1_341' title='bbox 1164 2673 1248 2708; x_wconf 81' lang='lat' dir='ltr'>deus</span> <span class='ocrx_word' id='word_1_342' title='bbox 1270 2676 1301 2718; x_wconf 73' lang='lat' dir='ltr'>v)</span> <span class='ocrx_word' id='word_1_343' title='bbox 1320 2674 1411 2714; x_wconf 80' lang='lat' dir='ltr'>SW,</span> <span class='ocrx_word' id='word_1_344' title='bbox 1430 2673 1499 2708; x_wconf 91' lang='lat' dir='ltr'>tibi</span> <span class='ocrx_word' id='word_1_345' title='bbox 1517 2674 1624 2717; x_wconf 79' lang='lat' dir='ltr'>(corr.</span> 
     </span>
     <span class='ocr_line' id='line_1_37' title="bbox 121 2719 1627 2772; baseline 0.002 -11"><span class='ocrx_word' id='word_1_346' title='bbox 121 2726 162 2761; x_wconf 80' lang='lat' dir='ltr'>in</span> <span class='ocrx_word' id='word_1_347' title='bbox 178 2728 214 2761; x_wconf 85' lang='lat' dir='ltr'>tc</span> <span class='ocrx_word' id='word_1_348' title='bbox 238 2727 302 2772; x_wconf 51' lang='grc' dir='ltr'>Οἳ)</span> <span class='ocrx_word' id='word_1_349' title='bbox 319 2727 486 2763; x_wconf 78' lang='lat' dir='ltr'>debemus</span> <span class='ocrx_word' id='word_1_350' title='bbox 502 2728 647 2764; x_wconf 78' lang='lat' dir='ltr'>adorare</span> <span class='ocrx_word' id='word_1_351' title='bbox 664 2719 730 2764; x_wconf 66' lang='grc'>(1110</span> <span class='ocrx_word' id='word_1_352' title='bbox 753 2730 800 2771; x_wconf 87' lang='lat' dir='ltr'>G,</span> <span class='ocrx_word' id='word_1_353' title='bbox 827 2740 902 2765; x_wconf 85' lang='lat' dir='ltr'>csso</span> <span class='ocrx_word' id='word_1_354' title='bbox 925 2730 1030 2765; x_wconf 82' lang='lat' dir='ltr'>debet</span> <span class='ocrx_word' id='word_1_355' title='bbox 1047 2730 1206 2766; x_wconf 82' lang='lat' dir='ltr'>adoratio</span> <span class='ocrx_word' id='word_1_356' title='bbox 1224 2731 1358 2766; x_wconf 86' lang='lat' dir='ltr'>domini</span> <span class='ocrx_word' id='word_1_357' title='bbox 1384 2732 1415 2766; x_wconf 93' lang='lat' dir='ltr'><em>V</em></span> <span class='ocrx_word' id='word_1_358' title='bbox 1429 2735 1515 2765; x_wconf 77' lang='lat' dir='ltr'>teste</span> <span class='ocrx_word' id='word_1_359' title='bbox 1533 2731 1627 2765; x_wconf 75' lang='lat' dir='ltr'>libro</span> 
     </span>
     <span class='ocr_line' id='line_1_38' title="bbox 128 2782 1628 2830; baseline 0.003 -12"><span class='ocrx_word' id='word_1_360' title='bbox 128 2782 396 2830; x_wconf 72' lang='lat' dir='ltr'>Goettinqensi,</span> <span class='ocrx_word' id='word_1_361' title='bbox 420 2785 489 2820; x_wconf 88' lang='lat' dir='ltr'>tibi</span> <span class='ocrx_word' id='word_1_362' title='bbox 511 2785 617 2820; x_wconf 83' lang='lat' dir='ltr'>debet</span> <span class='ocrx_word' id='word_1_363' title='bbox 646 2798 721 2821; x_wconf 83' lang='lat' dir='ltr'>esse</span> <span class='ocrx_word' id='word_1_364' title='bbox 748 2787 908 2822; x_wconf 86' lang='lat' dir='ltr'>adoratio</span> <span class='ocrx_word' id='word_1_365' title='bbox 932 2787 1071 2822; x_wconf 86' lang='lat' dir='ltr'>dominc</span> <span class='ocrx_word' id='word_1_366' title='bbox 1095 2789 1228 2825; x_wconf 79' lang='lat' dir='ltr'>Vteste</span> <span class='ocrx_word' id='word_1_367' title='bbox 1246 2789 1399 2823; x_wconf 75' lang='lat' dir='ltr'>Latinio</span> <span class='ocrx_word' id='word_1_368' title='bbox 1425 2789 1507 2823; x_wconf 77' lang='lat' dir='ltr'>bibl.</span> <span class='ocrx_word' id='word_1_369' title='bbox 1532 2798 1628 2823; x_wconf 81' lang='lat' dir='ltr'>sacr.</span> 
     </span>
     <span class='ocr_line' id='line_1_39' title="bbox 117 2842 1562 2890; baseline 0.004 -15"><span class='ocrx_word' id='word_1_370' title='bbox 117 2851 155 2885; x_wconf 81' lang='lat' dir='ltr'>p.</span> <span class='ocrx_word' id='word_1_371' title='bbox 171 2845 241 2877; x_wconf 83' lang='lat'>179</span> <span class='ocrx_word' id='word_1_372' title='bbox 322 2843 367 2876; x_wconf 81' lang='grc'>23</span> <span class='ocrx_word' id='word_1_373' title='bbox 385 2842 566 2878; x_wconf 78' lang='lat' dir='ltr'>adoremus</span> <span class='ocrx_word' id='word_1_374' title='bbox 580 2843 613 2879; x_wconf 82' lang='lat' dir='ltr'><em>G</em></span> <span class='ocrx_word' id='word_1_375' title='bbox 694 2844 779 2879; x_wconf 89' lang='lat' dir='ltr'>illut</span> <span class='ocrx_word' id='word_1_376' title='bbox 793 2844 823 2880; x_wconf 84' lang='lat' dir='ltr'>S</span> <span class='ocrx_word' id='word_1_377' title='bbox 897 2845 1100 2890; x_wconf 82' lang='lat' dir='ltr'>ignoremus</span> <span class='ocrx_word' id='word_1_378' title='bbox 1117 2846 1148 2880; x_wconf 79' lang='lat' dir='ltr'><em>G</em></span> <span class='ocrx_word' id='word_1_379' title='bbox 1218 2846 1262 2880; x_wconf 64' lang='lat'>⁴24</span> <span class='ocrx_word' id='word_1_380' title='bbox 1288 2845 1494 2890; x_wconf 73' lang='lat' dir='ltr'>puplicanos</span> <span class='ocrx_word' id='word_1_381' title='bbox 1512 2846 1562 2881; x_wconf 64' lang='lat' dir='ltr'>JV</span> 
     </span>
     <span class='ocr_line' id='line_1_40' title="bbox 124 2898 677 2944; baseline 0.009 -12"><span class='ocrx_word' id='word_1_382' title='bbox 124 2898 170 2933; x_wconf 83' lang='lat'>25</span> <span class='ocrx_word' id='word_1_383' title='bbox 194 2898 404 2944; x_wconf 74' lang='lat' dir='ltr'>inpudenter</span> <span class='ocrx_word' id='word_1_384' title='bbox 421 2901 457 2936; x_wconf 88' lang='lat' dir='ltr'>in</span> <span class='ocrx_word' id='word_1_385' title='bbox 474 2901 607 2936; x_wconf 81' lang='lat' dir='ltr'>caelum</span> <span class='ocrx_word' id='word_1_386' title='bbox 627 2902 677 2937; x_wconf 91' lang='lat' dir='ltr'><em>W</em></span> 
     </span>
    </p>
   </div>
  </div>
 </body>
</html>
