1838 3152
275 235 356 276 706
792 233 987 268 Caecilii
1013 233 1230 277 Cypriani

274 337 461 380 Christus
484 339 664 380 calcatus
686 338 799 392 prius
822 338 967 379 fuisset
989 339 1030 379 et
1051 349 1213 389 pressus
1232 337 1273 378 et
1290 336 1461 378 calicem
1477 336 1586 389 prior
1602 336 1775 387 biberet,

274 420 352 459 quo
374 407 633 449 credentibus
653 407 899 460 propinaret.

236 477 258 516 8
334 474 706 528 Quotienscumque
736 477 875 517 autem
906 487 1013 527 aqua
1042 475 1127 516 sola
1148 473 1199 527 {in
1228 474 1441 527 scripturis
1471 475 1623 516 sanctis
1645 475 1777 516 nomi-

278 546 413 595 natur,
436 545 643 598 baptisma
662 545 934 598 praedicatur,
957 545 1004 585 ut
1021 544 1130 597 apud
1146 543 1315 584 Esaiam
1332 543 1556 597 significari
1575 544 1775 586 uidemus.

274 614 455 667 nolite,
502 613 658 667 inquit,
709 614 878 666 priora
923 612 1218 654 meminisse
1265 613 1312 653 et
1357 612 1568 665 antiqua
1614 613 1778 654 nolite
1791 630 1806 654 ε»

276 683 525 736 reputare.
573 696 682 725 ecce
720 695 807 736 ego
847 681 978 723 facio
1019 694 1164 732 noua,
1212 694 1333 734 quae
1371 695 1469 723 nun
1482 695 1502 723 0
1540 683 1778 733 orientur,

276 753 325 792 et
347 752 687 806 cognoscetis,
721 751 766 792 et
788 751 975 792 faciam
998 751 1047 792 in
1069 751 1269 792 deserto
1298 750 1454 800 uiam,
1488 751 1536 791 et
1557 750 1781 792 flumina

275 821 327 862 in
371 821 418 863 lo
432 833 482 862 00
527 821 778 873 inaquoso
830 821 1084 873 adaquare
1130 833 1156 874 g
1171 831 1291 861 enus
1337 832 1498 861 meum
1539 819 1780 870 electum,

275 890 477 942 plebem
528 903 687 931 meam
733 903 881 942 quam
927 889 1217 942 adquisiui‚
1269 890 1324 930 ut
1369 889 1601 930 uirtutes
1646 902 1782 930 meas

277 971 297 1000 e
307 972 331 998 x
341 972 365 1011 p
380 971 402 1000 o
415 972 438 999 n
451 971 471 999 e
481 972 500 999 r
509 971 529 999 e
539 960 569 1000 t.
622 958 930 1012 praenuntiauit
978 958 1067 999 illic
1110 970 1182 1010 per
1227 957 1468 1010 prophetam
1512 958 1623 999 Deus
1675 958 1782 1010 quod
1796 974 1828 998 lo

276 1028 384 1081 apud
414 1029 556 1081 gentes
578 1028 621 1069 in
653 1028 753 1069 10015
776 1041 879 1081 quae
907 1028 1103 1080 inaquosa
1136 1027 1250 1081 prius
1281 1026 1457 1068 fuissent
1477 1025 1649 1068 fiumina
1670 1027 1783 1079 post-

279 1097 448 1138 modum
469 1097 744 1138 redundarent
766 1098 807 1138 et
829 1097 1009 1138 electum
1031 1109 1158 1151 genus
1181 1097 1272 1146 Dei,
1303 1096 1346 1137 id
1369 1097 1431 1137 est
1452 1109 1523 1150 per
1552 1095 1783 1149 generatio-

281 1178 377 1206 nem
396 1166 596 1218 baptismi
617 1166 724 1207 filios
746 1166 823 1208 Dei
845 1166 975 1208 factos
997 1166 1262 1219 adaquarent.
1287 1166 1390 1207 item
1413 1165 1543 1206 denuo
1572 1165 1782 1218 praecani-

278 1235 348 1275 tur
369 1236 410 1276 et
439 1235 533 1276 ante
564 1235 814 1288 praedicitur
845 1236 1031 1286 Iudaeos,
1066 1236 1100 1277 si
1133 1235 1314 1277 sitierint
1346 1236 1386 1276 et
1418 1234 1628 1276 Christum
1659 1246 1783 1287 quae-

277 1303 441 1354 sierint,
481 1305 589 1357 apud
631 1317 702 1346 nos
745 1317 830 1346 esse
861 1306 1028 1358 poturos
1042 1337 1051 1355 ‚
1082 1305 1126 1345 id
1156 1305 1218 1346 est
1248 1304 1447 1358 baptismi
1479 1303 1658 1358 gratiam
1689 1315 1783 1344 con·
1799 1320 1829 1344 15

277 1376 500 1417 secuturos.
548 1375 590 1416 si
636 1375 906 1426 sitierint,
958 1375 1106 1428 inquit,
1153 1388 1178 1427 p
1192 1387 1241 1415 er
1287 1373 1510 1427 deserta,
1563 1373 1784 1414 adducet

276 1443 389 1485 illis
420 1457 621 1497 aquam,
654 1445 711 1486 de
741 1458 766 1497 p
780 1446 828 1486 et
842 1457 895 1486 ra
924 1444 1174 1497 producet
1201 1443 1317 1484 illis
1331 1476 1340 1494 ,
1372 1442 1608 1484 findetur
1638 1442 1784 1495 petra

278 1513 326 1553 et
371 1512 509 1554 fluet
554 1526 681 1566 aqua
726 1515 774 1555 et
812 1514 836 1555 b
850 1514 959 1555 ibet
996 1513 1140 1567 plebs
1186 1525 1304 1554 mea.
1354 1512 1461 1565 quod
1499 1512 1542 1552 in
1573 1510 1784 1565 euangelio

280 1581 527 1635 adinpletur‚
560 1583 720 1635 quando
744 1581 931 1624 Christus
964 1582 1034 1635 qui
1066 1582 1128 1623 est
1157 1581 1273 1634 petra
1303 1580 1475 1622 finditur
1505 1580 1592 1621 ictu
1622 1580 1785 1621 lanceae

277 1650 320 1691 in
353 1652 559 1704 passione:
593 1652 663 1704 qui
684 1653 725 1693 et
746 1651 968 1693 admonens
998 1651 1097 1704 quid
1118 1663 1188 1704 per
1209 1649 1453 1703 prophetam
1475 1649 1530 1689 sit
1552 1649 1646 1690 ante
1667 1661 1783 1701 prae·
1798 1665 1831 1691 20

278 1719 438 1761 dictum
479 1720 633 1762 clamat
672 1721 712 1762 et
743 1720 864 1762 dicit:
913 1720 959 1761 si
998 1720 1083 1772 qui
1120 1719 1267 1770 sitit,
1311 1731 1369 1759 ue
1382 1718 1432 1759 ni
1448 1718 1499 1759 at
1537 1719 1586 1758 et
1625 1717 1785 1758 bibat.

418 1892 439 1925 5
465 1891 520 1925 Es.
547 1891 602 1933 43,
629 1892 774 1926 18-2L
871 1892 914 1926 16
938 1892 995 1926 Ε5.
1022 1891 1076 1933 48,
1104 1891 1156 1925 21.
1253 1891 1298 1925 21
1324 1891 1374 1925 10.
1401 1891 1431 1932 7,
1457 1890 1603 1924 37—39.

349 2052 368 2086 1
387 2052 544 2086 calcatus
563 2064 627 2087 om.
649 2052 678 2087 S
851 2053 947 2097 prior
971 2053 1055 2087 add.
1077 2053 1106 2088 S
1121 2064 1164 2087 m.
1182 2055 1208 2087 2
1231 2053 1273 2087 im
1289 2063 1403 2097 mary.
1584 2052 1619 2085 et
1636 2050 1789 2095 pressus]

280 2120 484 2154 expraessus
503 2110 533 2145 S
730 2111 752 2145 2
776 2121 843 2155 quo
868 2111 907 2152 O,
938 2111 976 2144 in
1001 2121 1068 2155 quo
1087 2110 1230 2152 LPR2,
1260 2110 1352 2154 quod
1374 2109 1551 2154 QR1SV;
1581 2108 1672 2153 quod
1697 2111 1792 2143 recte

280 2167 364 2210 fort.
384 2168 416 2201 si
432 2168 579 2202 calicem
597 2179 787 2213 eoepmzyas
971 2169 994 2202 4
1011 2170 1052 2202 ut
1069 2179 1134 2203 om.
1155 2168 1191 2202 P
1375 2167 1492 2201 eseian
1510 2166 1546 2208 S,
1567 2166 1697 2200 eseiam
1718 2165 1747 2210 Q

282 2224 484 2268 significare
509 2225 574 2260 ΟΡ
581 2228 589 2247 ¹
735 2225 920 2260 uideamus
938 2226 992 2261 ΕΙ
1150 2226 1169 2259 7
1188 2236 1230 2259 ea
1247 2226 1283 2259 et
1301 2225 1430 2259 faciam
1454 2225 1493 2265 V,
1513 2225 1554 2258 ut
1571 2224 1700 2257 faciam
1720 2223 1750 2257 S

283 2282 305 2316 8
323 2292 452 2325 aquoso
473 2282 536 2327 QS
719 2283 757 2317 in
773 2283 849 2317 loco
866 2283 1038 2327 inaquoso
1058 2283 1205 2317 flumina
1223 2283 1260 2318 R
1444 2282 1465 2316 9
1486 2281 1662 2325 exquisiui
1681 2281 1709 2315 S

284 2338 462 2373 uirtutum
480 2341 516 2375 R
655 2341 700 2375 10
717 2343 928 2385 exponerent
952 2341 981 2376 O
1121 2342 1162 2374 11
1181 2341 1310 2374 fuisset
1329 2340 1380 2375 Β]
1521 2340 1563 2373 12
1581 2338 1793 2373 redundaret

286 2396 354 2441 QR
481 2397 538 2432 dei
557 2408 621 2432 om.
640 2398 676 2433 R
803 2398 1107 2442 regenerationem
1125 2397 1195 2442 ΡΩ
1329 2397 1373 2431 14
1388 2396 1613 2441 praedicatur
1636 2396 1675 2436 V,
1694 2406 1794 2440 prac-

282 2456 421 2490 dicetur
444 2455 473 2490 0
658 2456 701 2489 15
718 2457 862 2500 poturos
881 2456 1008 2497 L¹P1‚
1034 2456 1172 2490 futuros
1192 2455 1252 2500 ΒΩ
1277 2455 1428 2498 (foturos
1445 2455 1516 2499 M),
1542 2455 1728 2498 potaturus
1754 2452 1793 2494 Ο,

282 2514 466 2558 potaturos
484 2514 661 2548 L2P‘2Rv
799 2514 1038 2547 consecuturis
1069 2513 1098 2548 O
1237 2513 1281 2547 16
1306 2514 1336 2546 51
1362 2524 1425 2547 om.
1453 2512 1489 2546 L
1621 2511 1796 2545 desertam

283 2570 402 2615 M1Q¹
427 2570 620 2614 (desertum
651 2570 712 2616 Q2,
732 2570 869 2605 deserta
886 2572 935 2606 M
939 2574 969 2613 2)
1095 2570 1258 2615 adducet]
1285 2569 1399 2604 adhuc
1418 2569 1448 2604 S
1570 2569 1611 2603 17
1630 2569 1711 2602 illos
1729 2579 1751 2603 v

284 2638 376 2672 aqua
396 2627 425 2662 O
517 2639 578 2673 per
594 2628 732 2662 deserta
749 2628 897 2662 adducet
913 2628 1005 2670 illos,
1026 2639 1154 2672 aquam
1170 2628 1221 2663 sic
1239 2628 1436 2672 distinguit
1453 2638 1494 2671 v;
1513 2626 1556 2669 cf.
1578 2630 1652 2660 test.
1673 2626 1753 2660 112

284 2696 413 2729 aquam
430 2685 472 2720 de
489 2688 590 2731 petra
608 2686 693 2721 add.
714 2686 749 2720 L
765 2697 808 2720 m.
828 2689 851 2721 2
866 2687 907 2720 in
924 2697 1038 2730 marg).
1179 2687 1319 2729 petram
1336 2684 1398 2729 SQ
1536 2683 1704 2728 producet
1722 2681 1798 2716 illis

285 2753 351 2777 om.
370 2744 443 2779 LR
535 2744 682 2778 finditur
706 2743 735 2778 O
827 2743 937 2778 findet
953 2745 1093 2788 petram
1109 2743 1277 2787 producet
1294 2742 1370 2776 illis
1388 2742 1417 2776 S
1517 2741 1560 2775 18
1578 2751 1707 2784 aquam
1727 2739 1756 2774 S

285 2800 381 2835 bibit
399 2801 435 2836 R
589 2801 691 2846 plens
715 2801 744 2836 Ο
907 2801 950 2835 19
968 2800 1121 2835 findetur
1144 2800 1172 2844 Q
1325 2799 1461 2834 lanciae
1485 2798 1524 2840 O,
1542 2798 1663 2831 lancae
1682 2797 1754 2831 LP

284 2858 331 2893 20
348 2858 445 2903 quid]
465 2858 638 2903 quidquid
657 2859 692 2900 S,
712 2858 797 2903 quid
814 2860 850 2892 et
868 2858 942 2893 LP
1089 2869 1150 2902 per
1168 2868 1232 2892 om.
1252 2857 1283 2892 S
1432 2857 1476 2890 21
1495 2855 1525 2890 51
1544 2856 1622 2899 quis
1646 2853 1798 2900 OQRSv
