<?xml version="1.0" encoding="UTF-8"?>
<!DOCTYPE html PUBLIC "-//W3C//DTD XHTML 1.0 Transitional//EN"
    "http://www.w3.org/TR/xhtml1/DTD/xhtml1-transitional.dtd">
<html xmlns="http://www.w3.org/1999/xhtml" xml:lang="en" lang="en">
 <head>
  <title>
</title>
<meta http-equiv="Content-Type" content="text/html;charset=utf-8" />
  <meta name='ocr-system' content='tesseract 3.04.00' />
  <meta name='ocr-capabilities' content='ocr_page ocr_carea ocr_par ocr_line ocrx_word'/>
</head>
<body>
  <div class='ocr_page' id='page_1' title='image "./corpusscriptor203cypruoft/corpusscriptor203cypruoft_0759.png"; bbox 0 0 1838 3152; ppageno 0'>
   <div class='ocr_carea' id='block_1_1' title="bbox 582 231 1645 299">
    <p class='ocr_par' dir='ltr' id='par_1_1' title="bbox 582 231 1645 299">
     <span class='ocr_line' id='line_1_1' title="bbox 582 231 1645 299; baseline 0.015 -15"><span class='ocrx_word' id='word_1_1' title='bbox 582 231 818 295; x_wconf 62' lang='lat' dir='ltr'>Epis&#39;tulae</span> <span class='ocrx_word' id='word_1_2' title='bbox 843 251 1042 287; x_wconf 80' lang='lat' dir='ltr'>LXVIII.</span> <span class='ocrx_word' id='word_1_3' title='bbox 1069 264 1096 288; x_wconf 70' lang='grc' dir='ltr'>ο.</span> <span class='ocrx_word' id='word_1_4' title='bbox 1125 255 1221 288; x_wconf 87' lang='lat'>1-3.</span> <span class='ocrx_word' id='word_1_5' title='bbox 1564 258 1645 299; x_wconf 77' lang='lat'>745</span> 
     </span>
    </p>
   </div>
   <div class='ocr_carea' id='block_1_2' title="bbox 101 355 1683 1983">
    <p class='ocr_par' dir='ltr' id='par_1_2' title="bbox 149 355 1644 613">
     <span class='ocr_line' id='line_1_2' title="bbox 150 355 1643 409; baseline 0.003 -13"><span class='ocrx_word' id='word_1_6' title='bbox 150 367 287 397; x_wconf 88' lang='lat' dir='ltr'>cacem</span> <span class='ocrx_word' id='word_1_7' title='bbox 315 357 356 396; x_wconf 90' lang='lat' dir='ltr'>et</span> <span class='ocrx_word' id='word_1_8' title='bbox 385 356 607 409; x_wconf 91' lang='lat' dir='ltr'>superbum</span> <span class='ocrx_word' id='word_1_9' title='bbox 630 357 670 397; x_wconf 92' lang='lat' dir='ltr'>et</span> <span class='ocrx_word' id='word_1_10' title='bbox 691 355 855 397; x_wconf 90' lang='lat' dir='ltr'>diuinae</span> <span class='ocrx_word' id='word_1_11' title='bbox 884 355 1052 409; x_wconf 87' lang='lat' dir='ltr'>pietatis</span> <span class='ocrx_word' id='word_1_12' title='bbox 1081 368 1127 398; x_wconf 92' lang='lat' dir='ltr'>ac</span> <span class='ocrx_word' id='word_1_13' title='bbox 1155 356 1358 399; x_wconf 81' lang='lat' dir='ltr'>fraternae</span> <span class='ocrx_word' id='word_1_14' title='bbox 1388 358 1536 400; x_wconf 89' lang='lat' dir='ltr'>salutis</span> <span class='ocrx_word' id='word_1_15' title='bbox 1564 360 1643 402; x_wconf 90' lang='lat' dir='ltr'>ini-</span> 
     </span>
     <span class='ocr_line' id='line_1_3' title="bbox 151 422 1643 479; baseline 0.003 -14"><span class='ocrx_word' id='word_1_16' title='bbox 151 423 306 465; x_wconf 89' lang='lat' dir='ltr'>micum</span> <span class='ocrx_word' id='word_1_17' title='bbox 327 422 498 479; x_wconf 84' lang='lat' dir='ltr'>collegio</span> <span class='ocrx_word' id='word_1_18' title='bbox 519 425 657 466; x_wconf 88' lang='lat' dir='ltr'>nostro</span> <span class='ocrx_word' id='word_1_19' title='bbox 679 423 880 466; x_wconf 90' lang='lat' dir='ltr'>insultare</span> <span class='ocrx_word' id='word_1_20' title='bbox 900 424 1123 477; x_wconf 84' lang='lat' dir='ltr'>patiantur,</span> <span class='ocrx_word' id='word_1_21' title='bbox 1146 426 1253 478; x_wconf 91' lang='lat' dir='ltr'>quod</span> <span class='ocrx_word' id='word_1_22' title='bbox 1274 427 1447 469; x_wconf 82' lang='lat' dir='ltr'><strong>necdum</strong></span> <span class='ocrx_word' id='word_1_23' title='bbox 1476 440 1501 468; x_wconf 88' lang='lat' dir='ltr'>a</span> <span class='ocrx_word' id='word_1_24' title='bbox 1528 427 1643 469; x_wconf 90' lang='lat' dir='ltr'>nobis</span> 
     </span>
     <span class='ocr_line' id='line_1_4' title="bbox 150 490 1644 548; baseline 0.002 -15"><span class='ocrx_word' id='word_1_25' title='bbox 150 491 341 533; x_wconf 90' lang='lat' dir='ltr'>uideatur</span> <span class='ocrx_word' id='word_1_26' title='bbox 361 491 585 542; x_wconf 70' lang='lat' dir='ltr'>abstentus,</span> <span class='ocrx_word' id='word_1_27' title='bbox 617 492 688 545; x_wconf 91' lang='lat' dir='ltr'>qui</span> <span class='ocrx_word' id='word_1_28' title='bbox 709 492 791 534; x_wconf 90' lang='lat' dir='ltr'>iam</span> <span class='ocrx_word' id='word_1_29' title='bbox 811 490 971 545; x_wconf 86' lang='lat' dir='ltr'><strong>pridem</strong></span> <span class='ocrx_word' id='word_1_30' title='bbox 991 491 1117 533; x_wconf 89' lang='lat' dir='ltr'>iactat</span> <span class='ocrx_word' id='word_1_31' title='bbox 1138 495 1179 534; x_wconf 92' lang='lat' dir='ltr'>et</span> <span class='ocrx_word' id='word_1_32' title='bbox 1199 493 1409 547; x_wconf 91' lang='lat' dir='ltr'>praedicat</span> <span class='ocrx_word' id='word_1_33' title='bbox 1430 495 1538 548; x_wconf 91' lang='lat' dir='ltr'>quod</span> <span class='ocrx_word' id='word_1_34' title='bbox 1559 494 1644 536; x_wconf 88' lang='lat' dir='ltr'>No-</span> 
     </span>
     <span class='ocr_line' id='line_1_5' title="bbox 149 559 1644 613; baseline 0.003 -12"><span class='ocrx_word' id='word_1_35' title='bbox 149 559 316 602; x_wconf 91' lang='lat' dir='ltr'>uatiano</span> <span class='ocrx_word' id='word_1_36' title='bbox 345 560 514 602; x_wconf 80' lang='lat' dir='ltr'>studens</span> <span class='ocrx_word' id='word_1_37' title='bbox 546 561 586 602; x_wconf 90' lang='lat' dir='ltr'>et</span> <span class='ocrx_word' id='word_1_38' title='bbox 614 560 701 602; x_wconf 93' lang='lat' dir='ltr'>eius</span> <span class='ocrx_word' id='word_1_39' title='bbox 729 559 1000 613; x_wconf 88' lang='lat' dir='ltr'>peruicaciam</span> <span class='ocrx_word' id='word_1_40' title='bbox 1029 573 1199 613; x_wconf 88' lang='lat' dir='ltr'>sequens</span> <span class='ocrx_word' id='word_1_41' title='bbox 1228 574 1251 603; x_wconf 91' lang='lat' dir='ltr'>a</span> <span class='ocrx_word' id='word_1_42' title='bbox 1280 562 1644 605; x_wconf 83' lang='lat' dir='ltr'>communicatione</span> 
     </span>
    </p>

    <p class='ocr_par' dir='ltr' id='par_1_3' title="bbox 127 627 1645 956">
     <span class='ocr_line' id='line_1_6' title="bbox 127 627 1643 684; baseline 0.003 -15"><span class='ocrx_word' id='word_1_43' title='bbox 127 645 142 669; x_wconf 79' lang='lat'><strong>5</strong></span> <span class='ocrx_word' id='word_1_44' title='bbox 155 640 196 669; x_wconf 91' lang='lat' dir='ltr'>se</span> <span class='ocrx_word' id='word_1_45' title='bbox 217 629 355 670; x_wconf 90' lang='lat' dir='ltr'>nostra</span> <span class='ocrx_word' id='word_1_46' title='bbox 376 628 667 683; x_wconf 84' lang='lat' dir='ltr'>segreganerit,</span> <span class='ocrx_word' id='word_1_47' title='bbox 697 641 791 670; x_wconf 91' lang='lat' dir='ltr'>cum</span> <span class='ocrx_word' id='word_1_48' title='bbox 811 627 1069 670; x_wconf 90' lang='lat' dir='ltr'>Nouatianus</span> <span class='ocrx_word' id='word_1_49' title='bbox 1091 628 1177 682; x_wconf 92' lang='lat' dir='ltr'>ipse</span> <span class='ocrx_word' id='word_1_50' title='bbox 1196 642 1317 682; x_wconf 89' lang='lat' dir='ltr'>quem</span> <span class='ocrx_word' id='word_1_51' title='bbox 1338 630 1523 684; x_wconf 90' lang='lat' dir='ltr'>sequitur</span> <span class='ocrx_word' id='word_1_52' title='bbox 1543 631 1643 673; x_wconf 91' lang='lat' dir='ltr'>olim</span> 
     </span>
     <span class='ocr_line' id='line_1_7' title="bbox 152 696 1645 741; baseline 0.002 -3"><span class='ocrx_word' id='word_1_53' title='bbox 152 696 366 738; x_wconf 85' lang='lat' dir='ltr'>abstentus</span> <span class='ocrx_word' id='word_1_54' title='bbox 402 698 443 738; x_wconf 89' lang='lat' dir='ltr'>et</span> <span class='ocrx_word' id='word_1_55' title='bbox 479 696 608 739; x_wconf 89' lang='lat' dir='ltr'>hostis</span> <span class='ocrx_word' id='word_1_56' title='bbox 645 697 838 739; x_wconf 89' lang='lat' dir='ltr'>ecclesiae</span> <span class='ocrx_word' id='word_1_57' title='bbox 873 696 1078 739; x_wconf 87' lang='lat' dir='ltr'>iudicatus</span> <span class='ocrx_word' id='word_1_58' title='bbox 1114 697 1170 738; x_wconf 91' lang='lat' dir='ltr'>sit</span> <span class='ocrx_word' id='word_1_59' title='bbox 1205 699 1247 739; x_wconf 88' lang='lat' dir='ltr'>et</span> <span class='ocrx_word' id='word_1_60' title='bbox 1281 710 1375 739; x_wconf 90' lang='lat' dir='ltr'>cum</span> <span class='ocrx_word' id='word_1_61' title='bbox 1410 699 1462 740; x_wconf 89' lang='lat' dir='ltr'>ad</span> <span class='ocrx_word' id='word_1_62' title='bbox 1496 711 1567 741; x_wconf 92' lang='lat' dir='ltr'>nos</span> <span class='ocrx_word' id='word_1_63' title='bbox 1603 699 1645 740; x_wconf 94' lang='lat' dir='ltr'>in</span> 
     </span>
     <span class='ocr_line' id='line_1_8' title="bbox 156 764 1644 820; baseline 0.002 -14"><span class='ocrx_word' id='word_1_64' title='bbox 156 764 343 807; x_wconf 86' lang='lat' dir='ltr'>Africam</span> <span class='ocrx_word' id='word_1_65' title='bbox 372 765 529 820; x_wconf 87' lang='lat' dir='ltr'>legatos</span> <span class='ocrx_word' id='word_1_66' title='bbox 558 765 741 807; x_wconf 86' lang='lat' dir='ltr'>misisset</span> <span class='ocrx_word' id='word_1_67' title='bbox 770 766 916 818; x_wconf 88' lang='lat' dir='ltr'>optans</span> <span class='ocrx_word' id='word_1_68' title='bbox 944 765 995 807; x_wconf 93' lang='lat' dir='ltr'>ad</span> <span class='ocrx_word' id='word_1_69' title='bbox 1023 765 1435 808; x_wconf 82' lang='lat' dir='ltr'>communicationem</span> <span class='ocrx_word' id='word_1_70' title='bbox 1463 768 1644 809; x_wconf 89' lang='lat' dir='ltr'>nostram</span> 
     </span>
     <span class='ocr_line' id='line_1_9' title="bbox 150 833 1643 887; baseline 0.001 -13"><span class='ocrx_word' id='word_1_71' title='bbox 150 833 331 886; x_wconf 83' lang='lat' dir='ltr'>admitti,</span> <span class='ocrx_word' id='word_1_72' title='bbox 362 833 457 874; x_wconf 93' lang='lat' dir='ltr'>hinc</span> <span class='ocrx_word' id='word_1_73' title='bbox 485 846 509 875; x_wconf 89' lang='lat' dir='ltr'>a</span> <span class='ocrx_word' id='word_1_74' title='bbox 537 833 708 875; x_wconf 90' lang='lat' dir='ltr'>concilio</span> <span class='ocrx_word' id='word_1_75' title='bbox 737 833 1011 886; x_wconf 90' lang='lat' dir='ltr'>plurimorum</span> <span class='ocrx_word' id='word_1_76' title='bbox 1041 833 1298 875; x_wconf 85' lang='lat' dir='ltr'>sacerdotum</span> <span class='ocrx_word' id='word_1_77' title='bbox 1320 833 1389 887; x_wconf 93' lang='lat' dir='ltr'>qui</span> <span class='ocrx_word' id='word_1_78' title='bbox 1411 837 1643 887; x_wconf 89' lang='lat' dir='ltr'>praesentes</span> 
     </span>
     <span class='ocr_line' id='line_1_10' title="bbox 154 901 1645 956; baseline 0.001 -13"><span class='ocrx_word' id='word_1_79' title='bbox 154 914 316 944; x_wconf 91' lang='lat' dir='ltr'>eramus</span> <span class='ocrx_word' id='word_1_80' title='bbox 348 901 595 944; x_wconf 89' lang='lat' dir='ltr'>sententiam</span> <span class='ocrx_word' id='word_1_81' title='bbox 624 901 814 943; x_wconf 90' lang='lat' dir='ltr'>retulerit</span> <span class='ocrx_word' id='word_1_82' title='bbox 843 914 885 943; x_wconf 92' lang='lat' dir='ltr'>se</span> <span class='ocrx_word' id='word_1_83' title='bbox 914 901 1015 943; x_wconf 86' lang='lat' dir='ltr'>foris</span> <span class='ocrx_word' id='word_1_84' title='bbox 1045 913 1131 943; x_wconf 91' lang='lat' dir='ltr'>esse</span> <span class='ocrx_word' id='word_1_85' title='bbox 1165 902 1343 955; x_wconf 87' lang='lat' dir='ltr'>coepisse</span> <span class='ocrx_word' id='word_1_86' title='bbox 1371 914 1444 944; x_wconf 91' lang='lat' dir='ltr'>nec</span> <span class='ocrx_word' id='word_1_87' title='bbox 1473 914 1588 956; x_wconf 89' lang='lat' dir='ltr'>posse</span> <span class='ocrx_word' id='word_1_88' title='bbox 1623 915 1645 944; x_wconf 91' lang='lat' dir='ltr'>a</span> 
     </span>
    </p>

    <p class='ocr_par' dir='ltr' id='par_1_4' title="bbox 101 968 1645 1298">
     <span class='ocr_line' id='line_1_11' title="bbox 101 968 1645 1024; baseline 0 -12"><span class='ocrx_word' id='word_1_89' title='bbox 101 986 136 1012; x_wconf 88' lang='grc' dir='ltr'>ιο</span> <span class='ocrx_word' id='word_1_90' title='bbox 150 983 355 1023; x_wconf 89' lang='lat' dir='ltr'>quoquam</span> <span class='ocrx_word' id='word_1_91' title='bbox 376 969 505 1012; x_wconf 92' lang='lat' dir='ltr'>nostri</span> <span class='ocrx_word' id='word_1_92' title='bbox 527 969 606 1011; x_wconf 93' lang='lat' dir='ltr'>sibi</span> <span class='ocrx_word' id='word_1_93' title='bbox 628 970 922 1012; x_wconf 88' lang='lat' dir='ltr'>communicari</span> <span class='ocrx_word' id='word_1_94' title='bbox 944 970 1014 1023; x_wconf 90' lang='lat' dir='ltr'>qui</span> <span class='ocrx_word' id='word_1_95' title='bbox 1035 970 1222 1024; x_wconf 90' lang='lat' dir='ltr'>episcopo</span> <span class='ocrx_word' id='word_1_96' title='bbox 1238 968 1421 1012; x_wconf 91' lang='lat' dir='ltr'>Cornelio</span> <span class='ocrx_word' id='word_1_97' title='bbox 1443 969 1485 1012; x_wconf 89' lang='lat' dir='ltr'>in</span> <span class='ocrx_word' id='word_1_98' title='bbox 1507 971 1645 1013; x_wconf 88' lang='lat' dir='ltr'>catho-</span> 
     </span>
     <span class='ocr_line' id='line_1_12' title="bbox 147 1038 1642 1092; baseline 0 -12"><span class='ocrx_word' id='word_1_99' title='bbox 147 1039 228 1081; x_wconf 91' lang='lat' dir='ltr'>lica</span> <span class='ocrx_word' id='word_1_100' title='bbox 258 1038 428 1080; x_wconf 88' lang='lat' dir='ltr'>ecclesia</span> <span class='ocrx_word' id='word_1_101' title='bbox 458 1038 507 1080; x_wconf 90' lang='lat' dir='ltr'>de</span> <span class='ocrx_word' id='word_1_102' title='bbox 538 1038 614 1080; x_wconf 91' lang='lat' dir='ltr'>Dei</span> <span class='ocrx_word' id='word_1_103' title='bbox 644 1038 797 1080; x_wconf 90' lang='lat' dir='ltr'>iudicio</span> <span class='ocrx_word' id='word_1_104' title='bbox 826 1039 867 1079; x_wconf 90' lang='lat' dir='ltr'>et</span> <span class='ocrx_word' id='word_1_105' title='bbox 896 1038 995 1080; x_wconf 88' lang='lat' dir='ltr'>cleri</span> <span class='ocrx_word' id='word_1_106' title='bbox 1017 1051 1063 1080; x_wconf 89' lang='lat' dir='ltr'>ac</span> <span class='ocrx_word' id='word_1_107' title='bbox 1084 1038 1216 1092; x_wconf 89' lang='lat' dir='ltr'>plebis</span> <span class='ocrx_word' id='word_1_108' title='bbox 1237 1038 1435 1092; x_wconf 88' lang='lat' dir='ltr'>suffragio</span> <span class='ocrx_word' id='word_1_109' title='bbox 1456 1039 1642 1081; x_wconf 86' lang='lat' dir='ltr'>ordinato</span> 
     </span>
     <span class='ocr_line' id='line_1_13' title="bbox 149 1106 1644 1161; baseline 0.001 -12"><span class='ocrx_word' id='word_1_110' title='bbox 149 1107 366 1160; x_wconf 87' lang='lat' dir='ltr'>profanum</span> <span class='ocrx_word' id='word_1_111' title='bbox 389 1106 518 1149; x_wconf 91' lang='lat' dir='ltr'>altare</span> <span class='ocrx_word' id='word_1_112' title='bbox 540 1107 694 1161; x_wconf 89' lang='lat' dir='ltr'>erigere</span> <span class='ocrx_word' id='word_1_113' title='bbox 716 1108 757 1148; x_wconf 91' lang='lat' dir='ltr'>et</span> <span class='ocrx_word' id='word_1_114' title='bbox 777 1106 1008 1148; x_wconf 87' lang='lat' dir='ltr'>adulteram</span> <span class='ocrx_word' id='word_1_115' title='bbox 1030 1107 1265 1149; x_wconf 88' lang='lat' dir='ltr'>cathedram</span> <span class='ocrx_word' id='word_1_116' title='bbox 1287 1107 1493 1149; x_wconf 91' lang='lat' dir='ltr'>conlocare</span> <span class='ocrx_word' id='word_1_117' title='bbox 1515 1110 1556 1150; x_wconf 90' lang='lat' dir='ltr'>et</span> <span class='ocrx_word' id='word_1_118' title='bbox 1577 1120 1644 1150; x_wconf 90' lang='lat' dir='ltr'>sa-</span> 
     </span>
     <span class='ocr_line' id='line_1_14' title="bbox 145 1175 1641 1230; baseline 0.002 -14"><span class='ocrx_word' id='word_1_119' title='bbox 145 1175 299 1230; x_wconf 86' lang='lat' dir='ltr'>crilega</span> <span class='ocrx_word' id='word_1_120' title='bbox 326 1177 466 1217; x_wconf 89' lang='lat' dir='ltr'>contra</span> <span class='ocrx_word' id='word_1_121' title='bbox 498 1188 643 1216; x_wconf 89' lang='lat' dir='ltr'>uerum</span> <span class='ocrx_word' id='word_1_122' title='bbox 673 1175 925 1217; x_wconf 88' lang='lat' dir='ltr'>sacerdotem</span> <span class='ocrx_word' id='word_1_123' title='bbox 953 1175 1154 1217; x_wconf 86' lang='lat' dir='ltr'>sacrificia</span> <span class='ocrx_word' id='word_1_124' title='bbox 1184 1175 1326 1217; x_wconf 84' lang='lat' dir='ltr'>offerre</span> <span class='ocrx_word' id='word_1_125' title='bbox 1360 1177 1641 1230; x_wconf 75' lang='lat' dir='ltr'>temptauerit,</span> 
     </span>
     <span class='ocr_line' id='line_1_15' title="bbox 148 1243 1643 1298; baseline 0.001 -13"><span class='ocrx_word' id='word_1_126' title='bbox 148 1244 316 1298; x_wconf 87' lang='lat' dir='ltr'>proinde</span> <span class='ocrx_word' id='word_1_127' title='bbox 338 1244 373 1286; x_wconf 92' lang='lat' dir='ltr'>si</span> <span class='ocrx_word' id='word_1_128' title='bbox 396 1244 633 1297; x_wconf 85' lang='lat' dir='ltr'>resipiscere</span> <span class='ocrx_word' id='word_1_129' title='bbox 655 1245 696 1286; x_wconf 92' lang='lat' dir='ltr'>et</span> <span class='ocrx_word' id='word_1_130' title='bbox 717 1243 768 1286; x_wconf 89' lang='lat' dir='ltr'>ad</span> <span class='ocrx_word' id='word_1_131' title='bbox 791 1256 921 1286; x_wconf 89' lang='lat' dir='ltr'>sanae·</span> <span class='ocrx_word' id='word_1_132' title='bbox 930 1244 1081 1285; x_wconf 91' lang='lat' dir='ltr'>mentis</span> <span class='ocrx_word' id='word_1_133' title='bbox 1103 1244 1320 1286; x_wconf 87' lang='lat' dir='ltr'>consilium</span> <span class='ocrx_word' id='word_1_134' title='bbox 1342 1244 1473 1286; x_wconf 91' lang='lat' dir='ltr'>redire</span> <span class='ocrx_word' id='word_1_135' title='bbox 1502 1245 1643 1293; x_wconf 81' lang='lat' dir='ltr'>uellet,</span> 
     </span>
    </p>

    <p class='ocr_par' dir='ltr' id='par_1_5' title="bbox 105 1312 1645 1630">
     <span class='ocr_line' id='line_1_16' title="bbox 105 1312 1642 1368; baseline 0 -13"><span class='ocrx_word' id='word_1_136' title='bbox 105 1331 135 1355; x_wconf 82' lang='lat'>15</span> <span class='ocrx_word' id='word_1_137' title='bbox 151 1315 291 1368; x_wconf 87' lang='lat' dir='ltr'>ageret</span> <span class='ocrx_word' id='word_1_138' title='bbox 307 1312 606 1367; x_wconf 89' lang='lat' dir='ltr'>paenitentiam</span> <span class='ocrx_word' id='word_1_139' title='bbox 623 1314 664 1354; x_wconf 92' lang='lat' dir='ltr'>et</span> <span class='ocrx_word' id='word_1_140' title='bbox 679 1312 730 1355; x_wconf 87' lang='lat' dir='ltr'>ad</span> <span class='ocrx_word' id='word_1_141' title='bbox 748 1312 960 1354; x_wconf 88' lang='lat' dir='ltr'>ecclesiam</span> <span class='ocrx_word' id='word_1_142' title='bbox 981 1313 1151 1367; x_wconf 82' lang='lat' dir='ltr'>supplex</span> <span class='ocrx_word' id='word_1_143' title='bbox 1167 1312 1329 1355; x_wconf 90' lang='lat' dir='ltr'>rediret.</span> <span class='ocrx_word' id='word_1_144' title='bbox 1351 1326 1474 1366; x_wconf 89' lang='lat' dir='ltr'>quam</span> <span class='ocrx_word' id='word_1_145' title='bbox 1490 1326 1642 1355; x_wconf 90' lang='lat' dir='ltr'>uanum</span> 
     </span>
     <span class='ocr_line' id='line_1_17' title="bbox 151 1381 1645 1436; baseline -0.001 -12"><span class='ocrx_word' id='word_1_146' title='bbox 151 1383 225 1431; x_wconf 75' lang='lat' dir='ltr'>est,</span> <span class='ocrx_word' id='word_1_147' title='bbox 257 1381 385 1424; x_wconf 85' lang='lat' dir='ltr'>frater</span> <span class='ocrx_word' id='word_1_148' title='bbox 413 1381 637 1431; x_wconf 86' lang='lat' dir='ltr'>carissime,</span> <span class='ocrx_word' id='word_1_149' title='bbox 669 1383 716 1423; x_wconf 92' lang='lat' dir='ltr'>ut</span> <span class='ocrx_word' id='word_1_150' title='bbox 744 1381 974 1423; x_wconf 86' lang='lat' dir='ltr'>Nouatiano</span> <span class='ocrx_word' id='word_1_151' title='bbox 1005 1394 1134 1436; x_wconf 91' lang='lat' dir='ltr'>nuper</span> <span class='ocrx_word' id='word_1_152' title='bbox 1161 1383 1298 1423; x_wconf 89' lang='lat' dir='ltr'>retuso</span> <span class='ocrx_word' id='word_1_153' title='bbox 1327 1383 1368 1423; x_wconf 89' lang='lat' dir='ltr'>et</span> <span class='ocrx_word' id='word_1_154' title='bbox 1399 1381 1576 1423; x_wconf 83' lang='lat' dir='ltr'>refutato</span> <span class='ocrx_word' id='word_1_155' title='bbox 1604 1383 1645 1424; x_wconf 89' lang='lat' dir='ltr'>et</span> 
     </span>
     <span class='ocr_line' id='line_1_18' title="bbox 146 1450 1644 1504; baseline -0.001 -12"><span class='ocrx_word' id='word_1_156' title='bbox 146 1462 218 1504; x_wconf 90' lang='lat' dir='ltr'>per</span> <span class='ocrx_word' id='word_1_157' title='bbox 249 1452 384 1493; x_wconf 90' lang='lat' dir='ltr'>totum</span> <span class='ocrx_word' id='word_1_158' title='bbox 418 1450 557 1492; x_wconf 90' lang='lat' dir='ltr'>orbem</span> <span class='ocrx_word' id='word_1_159' title='bbox 587 1463 611 1492; x_wconf 89' lang='lat' dir='ltr'>a</span> <span class='ocrx_word' id='word_1_160' title='bbox 641 1450 918 1492; x_wconf 88' lang='lat' dir='ltr'>sacerdotibas</span> <span class='ocrx_word' id='word_1_161' title='bbox 947 1450 1024 1492; x_wconf 90' lang='lat' dir='ltr'>Dei</span> <span class='ocrx_word' id='word_1_162' title='bbox 1056 1450 1246 1492; x_wconf 88' lang='lat' dir='ltr'>abstento</span> <span class='ocrx_word' id='word_1_163' title='bbox 1275 1463 1382 1492; x_wconf 92' lang='lat' dir='ltr'>nunc</span> <span class='ocrx_word' id='word_1_164' title='bbox 1411 1451 1644 1493; x_wconf 85' lang='lat' dir='ltr'>adulatores</span> 
     </span>
     <span class='ocr_line' id='line_1_19' title="bbox 148 1518 1644 1573; baseline -0.001 -12"><span class='ocrx_word' id='word_1_165' title='bbox 148 1519 281 1561; x_wconf 85' lang='lat' dir='ltr'>adhuc</span> <span class='ocrx_word' id='word_1_166' title='bbox 322 1519 437 1561; x_wconf 90' lang='lat' dir='ltr'>nobis</span> <span class='ocrx_word' id='word_1_167' title='bbox 478 1519 684 1572; x_wconf 88' lang='lat' dir='ltr'>patiamur</span> <span class='ocrx_word' id='word_1_168' title='bbox 719 1518 903 1560; x_wconf 89' lang='lat' dir='ltr'>inludere</span> <span class='ocrx_word' id='word_1_169' title='bbox 939 1519 980 1560; x_wconf 90' lang='lat' dir='ltr'>et</span> <span class='ocrx_word' id='word_1_170' title='bbox 1015 1518 1064 1560; x_wconf 91' lang='lat' dir='ltr'>de</span> <span class='ocrx_word' id='word_1_171' title='bbox 1100 1518 1317 1560; x_wconf 87' lang='lat' dir='ltr'>maiestate</span> <span class='ocrx_word' id='word_1_172' title='bbox 1353 1531 1399 1560; x_wconf 90' lang='lat' dir='ltr'>ac</span> <span class='ocrx_word' id='word_1_173' title='bbox 1440 1518 1644 1573; x_wconf 89' lang='lat' dir='ltr'>dignitate</span> 
     </span>
     <span class='ocr_line' id='line_1_20' title="bbox 148 1587 557 1630; baseline -0.005 0"><span class='ocrx_word' id='word_1_174' title='bbox 148 1588 342 1630; x_wconf 90' lang='lat' dir='ltr'>ecclesiae</span> <span class='ocrx_word' id='word_1_175' title='bbox 363 1587 557 1629; x_wconf 88' lang='lat' dir='ltr'>iudicare.</span> 
     </span>
    </p>

    <p class='ocr_par' dir='ltr' id='par_1_6' title="bbox 110 1654 1683 1983">
     <span class='ocr_line' id='line_1_21' title="bbox 110 1654 1683 1711; baseline -0.001 -11"><span class='ocrx_word' id='word_1_176' title='bbox 110 1674 143 1700; x_wconf 80' lang='lat'>20</span> <span class='ocrx_word' id='word_1_177' title='bbox 214 1656 458 1711; x_wconf 86' lang='lat' dir='ltr'>Dirigantur</span> <span class='ocrx_word' id='word_1_178' title='bbox 478 1656 521 1697; x_wconf 91' lang='lat' dir='ltr'>in</span> <span class='ocrx_word' id='word_1_179' title='bbox 542 1655 796 1710; x_wconf 87' lang='lat' dir='ltr'>prouinciam</span> <span class='ocrx_word' id='word_1_180' title='bbox 824 1656 864 1696; x_wconf 92' lang='lat' dir='ltr'>et</span> <span class='ocrx_word' id='word_1_181' title='bbox 893 1655 944 1697; x_wconf 88' lang='lat' dir='ltr'>ad</span> <span class='ocrx_word' id='word_1_182' title='bbox 974 1654 1135 1709; x_wconf 89' lang='lat' dir='ltr'>plebem</span> <span class='ocrx_word' id='word_1_183' title='bbox 1159 1655 1327 1697; x_wconf 88' lang='lat' dir='ltr'>Arelate</span> <span class='ocrx_word' id='word_1_184' title='bbox 1355 1655 1644 1697; x_wconf 89' lang='lat' dir='ltr'>consistentem</span> <span class='ocrx_word' id='word_1_185' title='bbox 1660 1659 1683 1699; x_wconf 80' lang='grc'><strong>3</strong></span> 
     </span>
     <span class='ocr_line' id='line_1_22' title="bbox 154 1723 1645 1778; baseline -0.003 -10"><span class='ocrx_word' id='word_1_186' title='bbox 154 1740 177 1769; x_wconf 88' lang='lat' dir='ltr'>a</span> <span class='ocrx_word' id='word_1_187' title='bbox 199 1728 240 1768; x_wconf 89' lang='lat' dir='ltr'>te</span> <span class='ocrx_word' id='word_1_188' title='bbox 260 1725 421 1767; x_wconf 88' lang='lat' dir='ltr'>litterae</span> <span class='ocrx_word' id='word_1_189' title='bbox 443 1724 593 1778; x_wconf 90' lang='lat' dir='ltr'>quibus</span> <span class='ocrx_word' id='word_1_190' title='bbox 614 1725 803 1766; x_wconf 86' lang='lat' dir='ltr'>abstento</span> <span class='ocrx_word' id='word_1_191' title='bbox 825 1723 1032 1766; x_wconf 85' lang='lat' dir='ltr'>Marciano</span> <span class='ocrx_word' id='word_1_192' title='bbox 1055 1723 1161 1765; x_wconf 90' lang='lat' dir='ltr'>alius</span> <span class='ocrx_word' id='word_1_193' title='bbox 1183 1724 1225 1765; x_wconf 94' lang='lat' dir='ltr'>in</span> <span class='ocrx_word' id='word_1_194' title='bbox 1256 1723 1342 1765; x_wconf 91' lang='lat' dir='ltr'>loco</span> <span class='ocrx_word' id='word_1_195' title='bbox 1373 1723 1459 1765; x_wconf 90' lang='lat' dir='ltr'>eius</span> <span class='ocrx_word' id='word_1_196' title='bbox 1489 1723 1645 1765; x_wconf 89' lang='lat' dir='ltr'>substi-</span> 
     </span>
     <span class='ocr_line' id='line_1_23' title="bbox 147 1791 1646 1849; baseline -0.003 -12"><span class='ocrx_word' id='word_1_197' title='bbox 147 1797 292 1837; x_wconf 90' lang='lat' dir='ltr'>tuatur</span> <span class='ocrx_word' id='word_1_198' title='bbox 329 1795 370 1836; x_wconf 91' lang='lat' dir='ltr'>et</span> <span class='ocrx_word' id='word_1_199' title='bbox 399 1806 497 1849; x_wconf 80' lang='lat' dir='ltr'>grex</span> <span class='ocrx_word' id='word_1_200' title='bbox 526 1792 679 1835; x_wconf 89' lang='lat' dir='ltr'>Christi</span> <span class='ocrx_word' id='word_1_201' title='bbox 718 1793 788 1846; x_wconf 93' lang='lat' dir='ltr'>qui</span> <span class='ocrx_word' id='word_1_202' title='bbox 817 1793 857 1834; x_wconf 92' lang='lat' dir='ltr'>in</span> <span class='ocrx_word' id='word_1_203' title='bbox 886 1792 1127 1833; x_wconf 88' lang='lat' dir='ltr'>hodiernum</span> <span class='ocrx_word' id='word_1_204' title='bbox 1157 1792 1207 1834; x_wconf 88' lang='lat' dir='ltr'>ab</span> <span class='ocrx_word' id='word_1_205' title='bbox 1237 1792 1310 1833; x_wconf 92' lang='lat' dir='ltr'>illo</span> <span class='ocrx_word' id='word_1_206' title='bbox 1346 1791 1570 1845; x_wconf 90' lang='lat' dir='ltr'>dissipatus</span> <span class='ocrx_word' id='word_1_207' title='bbox 1606 1792 1646 1833; x_wconf 89' lang='lat' dir='ltr'>et</span> 
     </span>
     <span class='ocr_line' id='line_1_24' title="bbox 150 1859 1645 1916; baseline -0.003 -11"><span class='ocrx_word' id='word_1_208' title='bbox 150 1863 391 1905; x_wconf 87' lang='lat' dir='ltr'>uulneratus</span> <span class='ocrx_word' id='word_1_209' title='bbox 413 1861 689 1904; x_wconf 85' lang='lat' dir='ltr'>contemnitur</span> <span class='ocrx_word' id='word_1_210' title='bbox 710 1861 942 1916; x_wconf 85' lang='lat' dir='ltr'>colligatur.</span> <span class='ocrx_word' id='word_1_211' title='bbox 966 1859 1144 1902; x_wconf 88' lang='lat' dir='ltr'>sufficiat</span> <span class='ocrx_word' id='word_1_212' title='bbox 1165 1860 1318 1902; x_wconf 89' lang='lat' dir='ltr'>multos</span> <span class='ocrx_word' id='word_1_213' title='bbox 1339 1860 1426 1902; x_wconf 92' lang='lat' dir='ltr'>illic</span> <span class='ocrx_word' id='word_1_214' title='bbox 1442 1873 1488 1902; x_wconf 86' lang='lat' dir='ltr'>ex</span> <span class='ocrx_word' id='word_1_215' title='bbox 1505 1859 1645 1902; x_wconf 89' lang='lat' dir='ltr'>fratri-</span> 
     </span>
     <span class='ocr_line' id='line_1_25' title="bbox 146 1928 1645 1983; baseline -0.003 -9"><span class='ocrx_word' id='word_1_216' title='bbox 146 1932 222 1974; x_wconf 89' lang='lat' dir='ltr'>bus</span> <span class='ocrx_word' id='word_1_217' title='bbox 239 1931 389 1974; x_wconf 87' lang='lat' dir='ltr'>nostris</span> <span class='ocrx_word' id='word_1_218' title='bbox 405 1930 521 1972; x_wconf 89' lang='lat' dir='ltr'>annis</span> <span class='ocrx_word' id='word_1_219' title='bbox 539 1930 631 1972; x_wconf 90' lang='lat' dir='ltr'>istis</span> <span class='ocrx_word' id='word_1_220' title='bbox 649 1929 925 1983; x_wconf 87' lang='lat' dir='ltr'>superioribus</span> <span class='ocrx_word' id='word_1_221' title='bbox 946 1929 1162 1971; x_wconf 83' lang='lat' dir='ltr'>excessisse</span> <span class='ocrx_word' id='word_1_222' title='bbox 1179 1929 1264 1970; x_wconf 90' lang='lat' dir='ltr'>sine</span> <span class='ocrx_word' id='word_1_223' title='bbox 1280 1941 1391 1983; x_wconf 89' lang='lat' dir='ltr'>pace.</span> <span class='ocrx_word' id='word_1_224' title='bbox 1413 1928 1479 1970; x_wconf 91' lang='lat' dir='ltr'>uel</span> <span class='ocrx_word' id='word_1_225' title='bbox 1502 1928 1645 1970; x_wconf 88' lang='lat' dir='ltr'>ceteris</span> 
     </span>
    </p>
   </div>
   <div class='ocr_carea' id='block_1_3' title="bbox 141 2063 1648 2903">
    <p class='ocr_par' dir='ltr' id='par_1_7' title="bbox 141 2063 1648 2903">
     <span class='ocr_line' id='line_1_26' title="bbox 215 2063 1601 2112; baseline -0.004 -10"><span class='ocrx_word' id='word_1_226' title='bbox 215 2068 236 2102; x_wconf 82' lang='lat'><strong>2</strong></span> <span class='ocrx_word' id='word_1_227' title='bbox 254 2067 403 2112; x_wconf 83' lang='lat' dir='ltr'>collegio</span> <span class='ocrx_word' id='word_1_228' title='bbox 422 2077 466 2101; x_wconf 77' lang='lat' dir='ltr'>ex</span> <span class='ocrx_word' id='word_1_229' title='bbox 482 2066 642 2101; x_wconf 87' lang='lat' dir='ltr'>collectio</span> <span class='ocrx_word' id='word_1_230' title='bbox 666 2066 696 2101; x_wconf 89' lang='lat' dir='ltr'><em>C</em></span> <span class='ocrx_word' id='word_1_231' title='bbox 870 2065 1031 2110; x_wconf 86' lang='lat' dir='ltr'>patiatur</span> <span class='ocrx_word' id='word_1_232' title='bbox 1049 2079 1068 2110; x_wconf 75' lang='grc' dir='ltr'><em>ρ</em></span> <span class='ocrx_word' id='word_1_233' title='bbox 1246 2063 1410 2098; x_wconf 89' lang='lat' dir='ltr'>uideatur</span> <span class='ocrx_word' id='word_1_234' title='bbox 1425 2074 1446 2098; x_wconf 93' lang='lat' dir='ltr'>a</span> <span class='ocrx_word' id='word_1_235' title='bbox 1462 2063 1563 2098; x_wconf 87' lang='lat' dir='ltr'>nobis</span> <span class='ocrx_word' id='word_1_236' title='bbox 1581 2075 1601 2098; x_wconf 71' lang='grc' dir='ltr'><em>τ</em></span> 
     </span>
     <span class='ocr_line' id='line_1_27' title="bbox 147 2120 1646 2170; baseline -0.004 -10"><span class='ocrx_word' id='word_1_237' title='bbox 147 2126 169 2160; x_wconf 89' lang='grc'><strong>3</strong></span> <span class='ocrx_word' id='word_1_238' title='bbox 187 2124 328 2160; x_wconf 89' lang='lat' dir='ltr'>uidetur</span> <span class='ocrx_word' id='word_1_239' title='bbox 349 2124 421 2170; x_wconf 79' lang='grc' dir='ltr'>0ορ</span> <span class='ocrx_word' id='word_1_240' title='bbox 553 2123 739 2158; x_wconf 87' lang='lat' dir='ltr'>abstentur</span> <span class='ocrx_word' id='word_1_241' title='bbox 761 2123 805 2158; x_wconf 83' lang='lat'>0¹</span> <span class='ocrx_word' id='word_1_242' title='bbox 819 2123 902 2157; x_wconf 77' lang='lat' dir='ltr'>item</span> <span class='ocrx_word' id='word_1_243' title='bbox 919 2122 941 2155; x_wconf 92' lang='lat' dir='ltr'>l.</span> <span class='ocrx_word' id='word_1_244' title='bbox 959 2125 982 2157; x_wconf 83' lang='lat'><strong><em>6</em></strong></span> <span class='ocrx_word' id='word_1_245' title='bbox 1114 2120 1220 2166; x_wconf 87' lang='lat' dir='ltr'>quod]</span> <span class='ocrx_word' id='word_1_246' title='bbox 1239 2122 1300 2165; x_wconf 88' lang='lat' dir='ltr'>qui</span> <span class='ocrx_word' id='word_1_247' title='bbox 1317 2121 1350 2155; x_wconf 93' lang='lat' dir='ltr'><em>Z</em></span> <span class='ocrx_word' id='word_1_248' title='bbox 1486 2121 1508 2155; x_wconf 88' lang='lat'>5</span> <span class='ocrx_word' id='word_1_249' title='bbox 1524 2123 1646 2155; x_wconf 89' lang='lat' dir='ltr'>nostra</span> 
     </span>
     <span class='ocr_line' id='line_1_28' title="bbox 146 2178 1646 2223; baseline -0.004 -6"><span class='ocrx_word' id='word_1_250' title='bbox 146 2193 182 2217; x_wconf 87' lang='lat' dir='ltr'>se</span> <span class='ocrx_word' id='word_1_251' title='bbox 200 2182 262 2222; x_wconf 87' lang='lat' dir='ltr'>Zo,</span> <span class='ocrx_word' id='word_1_252' title='bbox 282 2192 318 2216; x_wconf 86' lang='lat' dir='ltr'>se</span> <span class='ocrx_word' id='word_1_253' title='bbox 335 2184 457 2215; x_wconf 86' lang='lat' dir='ltr'>sancta</span> <span class='ocrx_word' id='word_1_254' title='bbox 481 2181 514 2215; x_wconf 88' lang='lat' dir='ltr'><strong><em>V</em></strong></span> <span class='ocrx_word' id='word_1_255' title='bbox 680 2181 699 2214; x_wconf 79' lang='lat'>7</span> <span class='ocrx_word' id='word_1_256' title='bbox 718 2180 878 2214; x_wconf 88' lang='lat' dir='ltr'>affricam</span> <span class='ocrx_word' id='word_1_257' title='bbox 895 2179 963 2214; x_wconf 84' lang='lat' dir='ltr'>Zio</span> <span class='ocrx_word' id='word_1_258' title='bbox 1126 2179 1264 2223; x_wconf 87' lang='lat' dir='ltr'>legatos</span> <span class='ocrx_word' id='word_1_259' title='bbox 1281 2189 1346 2213; x_wconf 89' lang='lat' dir='ltr'>om.</span> <span class='ocrx_word' id='word_1_260' title='bbox 1366 2178 1407 2218; x_wconf 86' lang='lat' dir='ltr'>Z,</span> <span class='ocrx_word' id='word_1_261' title='bbox 1426 2178 1586 2222; x_wconf 82' lang='lat' dir='ltr'>legatum</span> <span class='ocrx_word' id='word_1_262' title='bbox 1603 2188 1646 2212; x_wconf 71' lang='lat' dir='ltr'>ecc</span> 
     </span>
     <span class='ocr_line' id='line_1_29' title="bbox 145 2234 1605 2285; baseline -0.003 -12"><span class='ocrx_word' id='word_1_263' title='bbox 145 2240 286 2285; x_wconf 88' lang='lat' dir='ltr'>legatur</span> <span class='ocrx_word' id='word_1_264' title='bbox 308 2240 337 2274; x_wconf 90' lang='lat' dir='ltr'><strong><em>C</em></strong></span> <span class='ocrx_word' id='word_1_265' title='bbox 467 2238 523 2283; x_wconf 83' lang='lat' dir='ltr'>ad]</span> <span class='ocrx_word' id='word_1_266' title='bbox 543 2248 563 2271; x_wconf 89' lang='lat' dir='ltr'>a</span> <span class='ocrx_word' id='word_1_267' title='bbox 582 2238 615 2272; x_wconf 90' lang='lat' dir='ltr'><em>Z</em></span> <span class='ocrx_word' id='word_1_268' title='bbox 749 2238 771 2272; x_wconf 87' lang='grc'>8</span> <span class='ocrx_word' id='word_1_269' title='bbox 788 2237 870 2271; x_wconf 86' lang='lat' dir='ltr'>hinc</span> <span class='ocrx_word' id='word_1_270' title='bbox 887 2246 953 2271; x_wconf 84' lang='lat' dir='ltr'>om.</span> <span class='ocrx_word' id='word_1_271' title='bbox 971 2237 1006 2270; x_wconf 94' lang='lat' dir='ltr'><em>Z</em></span> <span class='ocrx_word' id='word_1_272' title='bbox 1134 2236 1167 2281; x_wconf 91' lang='lat' dir='ltr'>a]</span> <span class='ocrx_word' id='word_1_273' title='bbox 1187 2236 1224 2269; x_wconf 90' lang='lat' dir='ltr'>in</span> <span class='ocrx_word' id='word_1_274' title='bbox 1242 2235 1277 2269; x_wconf 94' lang='lat' dir='ltr'><em>Z</em></span> <span class='ocrx_word' id='word_1_275' title='bbox 1404 2235 1552 2269; x_wconf 84' lang='lat' dir='ltr'>consilio</span> <span class='ocrx_word' id='word_1_276' title='bbox 1570 2234 1605 2268; x_wconf 93' lang='lat' dir='ltr'><em>Z</em></span> 
     </span>
     <span class='ocr_line' id='line_1_30' title="bbox 144 2292 1646 2338; baseline -0.003 -7"><span class='ocrx_word' id='word_1_277' title='bbox 144 2298 166 2332; x_wconf 87' lang='lat'>9</span> <span class='ocrx_word' id='word_1_278' title='bbox 183 2299 285 2331; x_wconf 89' lang='lat' dir='ltr'>erant</span> <span class='ocrx_word' id='word_1_279' title='bbox 302 2296 337 2330; x_wconf 95' lang='lat' dir='ltr'><em>Z</em></span> <span class='ocrx_word' id='word_1_280' title='bbox 484 2295 682 2330; x_wconf 85' lang='lat' dir='ltr'>retulerunt</span> <span class='ocrx_word' id='word_1_281' title='bbox 700 2294 735 2328; x_wconf 92' lang='lat' dir='ltr'><em>Z</em></span> <span class='ocrx_word' id='word_1_282' title='bbox 881 2294 967 2338; x_wconf 86' lang='lat' dir='ltr'>esse]</span> <span class='ocrx_word' id='word_1_283' title='bbox 985 2296 1022 2328; x_wconf 82' lang='lat' dir='ltr'>et</span> <span class='ocrx_word' id='word_1_284' title='bbox 1039 2293 1233 2328; x_wconf 89' lang='lat' dir='ltr'>hereticum</span> <span class='ocrx_word' id='word_1_285' title='bbox 1253 2303 1327 2327; x_wconf 86' lang='lat' dir='ltr'>esse</span> <span class='ocrx_word' id='word_1_286' title='bbox 1345 2292 1380 2326; x_wconf 93' lang='lat' dir='ltr'><em>Z</em></span> <span class='ocrx_word' id='word_1_287' title='bbox 1525 2302 1546 2326; x_wconf 90' lang='lat' dir='ltr'>a</span> <span class='ocrx_word' id='word_1_288' title='bbox 1564 2302 1646 2336; x_wconf 88' lang='lat' dir='ltr'>quo-</span> 
     </span>
     <span class='ocr_line' id='line_1_31' title="bbox 144 2341 1646 2399; baseline -0.005 -10"><span class='ocrx_word' id='word_1_289' title='bbox 144 2354 263 2399; x_wconf 85' lang='lat' dir='ltr'>quam]</span> <span class='ocrx_word' id='word_1_290' title='bbox 281 2355 353 2388; x_wconf 87' lang='lat' dir='ltr'>iam</span> <span class='ocrx_word' id='word_1_291' title='bbox 370 2363 582 2398; x_wconf 89' lang='lat' dir='ltr'>quemquam</span> <span class='ocrx_word' id='word_1_292' title='bbox 601 2352 635 2386; x_wconf 93' lang='lat' dir='ltr'><em>Z</em></span> <span class='ocrx_word' id='word_1_293' title='bbox 832 2353 876 2386; x_wconf 93' lang='lat'>10</span> <span class='ocrx_word' id='word_1_294' title='bbox 892 2341 971 2386; x_wconf 56' lang='lat' dir='ltr'>nfiu‘</span> <span class='ocrx_word' id='word_1_295' title='bbox 993 2351 1023 2386; x_wconf 85' lang='lat' dir='ltr'><strong><em>C</em></strong></span> <span class='ocrx_word' id='word_1_296' title='bbox 1035 2350 1098 2385; x_wconf 77' lang='lat' dir='ltr'>sed</span> <span class='ocrx_word' id='word_1_297' title='bbox 1115 2362 1148 2384; x_wconf 91' lang='lat' dir='ltr'>m</span> <span class='ocrx_word' id='word_1_298' title='bbox 1167 2351 1209 2385; x_wconf 78' lang='lat' dir='ltr'>in</span> <span class='ocrx_word' id='word_1_299' title='bbox 1225 2360 1310 2393; x_wconf 66' lang='lat' dir='ltr'>ras„</span> <span class='ocrx_word' id='word_1_300' title='bbox 1329 2351 1490 2383; x_wconf 87' lang='lat' dir='ltr'>nostrum</span> <span class='ocrx_word' id='word_1_301' title='bbox 1508 2349 1580 2388; x_wconf 81' lang='lat' dir='ltr'><em>Zv,·</em></span> <span class='ocrx_word' id='word_1_302' title='bbox 1598 2349 1646 2391; x_wconf 83' lang='lat' dir='ltr'>cf.</span> 
     </span>
     <span class='ocr_line' id='line_1_32' title="bbox 141 2397 1594 2456; baseline -0.005 -10"><span class='ocrx_word' id='word_1_303' title='bbox 141 2423 179 2456; x_wconf 78' lang='lat' dir='ltr'>p.</span> <span class='ocrx_word' id='word_1_304' title='bbox 197 2414 328 2454; x_wconf 80' lang='lat'><strong><em>506,24</em></strong></span> <span class='ocrx_word' id='word_1_305' title='bbox 489 2399 747 2444; x_wconf 82' lang='lat' dir='ltr'>communicare</span> <span class='ocrx_word' id='word_1_306' title='bbox 764 2409 798 2443; x_wconf 89' lang='lat' dir='ltr'><em>Z</em></span> <span class='ocrx_word' id='word_1_307' title='bbox 957 2408 1022 2442; x_wconf 90' lang='lat' dir='ltr'>sub</span> <span class='ocrx_word' id='word_1_308' title='bbox 1038 2397 1118 2452; x_wconf 56' lang='lat' dir='ltr'>effi</span> <span class='ocrx_word' id='word_1_309' title='bbox 1119 2407 1154 2442; x_wconf 91' lang='lat' dir='ltr'><em>Z</em></span> <span class='ocrx_word' id='word_1_310' title='bbox 1312 2406 1488 2441; x_wconf 89' lang='lat' dir='ltr'>catholica</span> <span class='ocrx_word' id='word_1_311' title='bbox 1506 2405 1543 2440; x_wconf 90' lang='lat' dir='ltr'>in</span> <span class='ocrx_word' id='word_1_312' title='bbox 1560 2410 1594 2440; x_wconf 66' lang='grc' dir='ltr'>οΧ</span> 
     </span>
     <span class='ocr_line' id='line_1_33' title="bbox 145 2463 1647 2508; baseline -0.005 -5"><span class='ocrx_word' id='word_1_313' title='bbox 145 2469 186 2503; x_wconf 91' lang='grc'>11</span> <span class='ocrx_word' id='word_1_314' title='bbox 207 2468 375 2503; x_wconf 89' lang='lat' dir='ltr'>ecclesiae</span> <span class='ocrx_word' id='word_1_315' title='bbox 395 2468 438 2503; x_wconf 62' lang='lat'>(3¹</span> <span class='ocrx_word' id='word_1_316' title='bbox 561 2466 603 2501; x_wconf 90' lang='lat' dir='ltr'>de</span> <span class='ocrx_word' id='word_1_317' title='bbox 620 2477 686 2501; x_wconf 89' lang='lat' dir='ltr'>om.</span> <span class='ocrx_word' id='word_1_318' title='bbox 710 2466 739 2501; x_wconf 83' lang='lat' dir='ltr'><em>C</em></span> <span class='ocrx_word' id='word_1_319' title='bbox 853 2468 888 2500; x_wconf 89' lang='lat' dir='ltr'>et</span> <span class='ocrx_word' id='word_1_320' title='bbox 904 2476 970 2500; x_wconf 86' lang='lat' dir='ltr'>om.</span> <span class='ocrx_word' id='word_1_321' title='bbox 990 2476 1011 2499; x_wconf 90' lang='lat' dir='ltr'>o</span> <span class='ocrx_word' id='word_1_322' title='bbox 1133 2464 1233 2508; x_wconf 81' lang='lat' dir='ltr'>cleri]</span> <span class='ocrx_word' id='word_1_323' title='bbox 1251 2463 1309 2497; x_wconf 88' lang='lat' dir='ltr'>dei</span> <span class='ocrx_word' id='word_1_324' title='bbox 1326 2463 1360 2497; x_wconf 90' lang='lat' dir='ltr'><em>Z</em></span> <span class='ocrx_word' id='word_1_325' title='bbox 1483 2463 1525 2497; x_wconf 83' lang='lat'>12</span> <span class='ocrx_word' id='word_1_326' title='bbox 1542 2463 1647 2497; x_wconf 87' lang='lat' dir='ltr'>sacri-</span> 
     </span>
     <span class='ocr_line' id='line_1_34' title="bbox 144 2520 1648 2570; baseline -0.005 -10"><span class='ocrx_word' id='word_1_327' title='bbox 144 2526 263 2570; x_wconf 88' lang='lat' dir='ltr'>legam</span> <span class='ocrx_word' id='word_1_328' title='bbox 287 2525 316 2561; x_wconf 83' lang='lat' dir='ltr'><strong><em>C</em></strong></span> <span class='ocrx_word' id='word_1_329' title='bbox 481 2524 524 2559; x_wconf 89' lang='grc'>13</span> <span class='ocrx_word' id='word_1_330' title='bbox 541 2523 761 2559; x_wconf 87' lang='lat' dir='ltr'>sacerdotum</span> <span class='ocrx_word' id='word_1_331' title='bbox 779 2525 815 2557; x_wconf 68' lang='grc' dir='ltr'>οι</span> <span class='ocrx_word' id='word_1_332' title='bbox 986 2522 1029 2557; x_wconf 85' lang='grc'><strong>14</strong></span> <span class='ocrx_word' id='word_1_333' title='bbox 1046 2521 1216 2566; x_wconf 87' lang='lat' dir='ltr'>respicere</span> <span class='ocrx_word' id='word_1_334' title='bbox 1239 2520 1322 2564; x_wconf 72' lang='lat'>029</span> <span class='ocrx_word' id='word_1_335' title='bbox 1485 2520 1528 2554; x_wconf 87' lang='grc'>14</span> <span class='ocrx_word' id='word_1_336' title='bbox 1544 2529 1648 2553; x_wconf 89' lang='lat' dir='ltr'>sanae</span> 
     </span>
     <span class='ocr_line' id='line_1_35' title="bbox 145 2576 1643 2626; baseline -0.005 -9"><span class='ocrx_word' id='word_1_337' title='bbox 145 2593 190 2617; x_wconf 74' lang='lat' dir='ltr'>esc</span> <span class='ocrx_word' id='word_1_338' title='bbox 207 2593 307 2617; x_wconf 89' lang='lat' dir='ltr'>sacra</span> <span class='ocrx_word' id='word_1_339' title='bbox 330 2582 360 2617; x_wconf 87' lang='lat' dir='ltr'><strong><em>C</em></strong></span> <span class='ocrx_word' id='word_1_340' title='bbox 518 2582 561 2616; x_wconf 88' lang='lat'>15</span> <span class='ocrx_word' id='word_1_341' title='bbox 577 2592 681 2626; x_wconf 90' lang='lat' dir='ltr'>agere</span> <span class='ocrx_word' id='word_1_342' title='bbox 699 2581 731 2615; x_wconf 93' lang='lat' dir='ltr'><em>Z</em></span> <span class='ocrx_word' id='word_1_343' title='bbox 892 2579 1013 2624; x_wconf 85' lang='lat' dir='ltr'>suplex</span> <span class='ocrx_word' id='word_1_344' title='bbox 1029 2590 1074 2613; x_wconf 78' lang='lat' dir='ltr'>ex</span> <span class='ocrx_word' id='word_1_345' title='bbox 1091 2579 1239 2623; x_wconf 80' lang='lat' dir='ltr'>simplex</span> <span class='ocrx_word' id='word_1_346' title='bbox 1263 2578 1292 2613; x_wconf 84' lang='lat' dir='ltr'><strong><em>C</em></strong></span> <span class='ocrx_word' id='word_1_347' title='bbox 1453 2576 1495 2610; x_wconf 83' lang='lat'>16</span> <span class='ocrx_word' id='word_1_348' title='bbox 1512 2576 1643 2620; x_wconf 87' lang='lat' dir='ltr'>retuso]</span> 
     </span>
     <span class='ocr_line' id='line_1_36' title="bbox 148 2632 1604 2683; baseline -0.005 -9"><span class='ocrx_word' id='word_1_349' title='bbox 148 2649 269 2673; x_wconf 89' lang='lat' dir='ltr'>recuso</span> <span class='ocrx_word' id='word_1_350' title='bbox 286 2649 306 2673; x_wconf 88' lang='lat' dir='ltr'>o</span> <span class='ocrx_word' id='word_1_351' title='bbox 323 2638 385 2673; x_wconf 82' lang='lat' dir='ltr'>sed</span> <span class='ocrx_word' id='word_1_352' title='bbox 403 2641 563 2673; x_wconf 88' lang='lat' dir='ltr'>recusato</span> <span class='ocrx_word' id='word_1_353' title='bbox 579 2639 620 2673; x_wconf 82' lang='lat' dir='ltr'>in</span> <span class='ocrx_word' id='word_1_354' title='bbox 637 2649 748 2683; x_wconf 69' lang='lat' dir='ltr'>marg).</span> <span class='ocrx_word' id='word_1_355' title='bbox 765 2649 811 2671; x_wconf 82' lang='lat' dir='ltr'>m.</span> <span class='ocrx_word' id='word_1_356' title='bbox 830 2638 854 2671; x_wconf 79' lang='lat'><em>2</em></span> <span class='ocrx_word' id='word_1_357' title='bbox 1007 2638 1168 2681; x_wconf 89' lang='lat' dir='ltr'>reputato</span> <span class='ocrx_word' id='word_1_358' title='bbox 1188 2636 1218 2671; x_wconf 89' lang='lat' dir='ltr'><strong><em>C</em></strong></span> <span class='ocrx_word' id='word_1_359' title='bbox 1372 2634 1411 2668; x_wconf 75' lang='lat'>17</span> <span class='ocrx_word' id='word_1_360' title='bbox 1430 2632 1552 2667; x_wconf 89' lang='lat' dir='ltr'>urbem</span> <span class='ocrx_word' id='word_1_361' title='bbox 1570 2633 1604 2666; x_wconf 90' lang='lat' dir='ltr'><em>Z</em></span> 
     </span>
     <span class='ocr_line' id='line_1_37' title="bbox 146 2690 1646 2741; baseline -0.005 -10"><span class='ocrx_word' id='word_1_362' title='bbox 146 2697 308 2731; x_wconf 82' lang='lat' dir='ltr'>abstente</span> <span class='ocrx_word' id='word_1_363' title='bbox 330 2696 372 2731; x_wconf 79' lang='lat'>0¹</span> <span class='ocrx_word' id='word_1_364' title='bbox 500 2696 604 2741; x_wconf 88' lang='lat' dir='ltr'>nunc]</span> <span class='ocrx_word' id='word_1_365' title='bbox 623 2707 692 2730; x_wconf 91' lang='lat' dir='ltr'>non</span> <span class='ocrx_word' id='word_1_366' title='bbox 711 2710 731 2741; x_wconf 78' lang='grc' dir='ltr'><em>ρ</em></span> <span class='ocrx_word' id='word_1_367' title='bbox 855 2694 1058 2729; x_wconf 88' lang='lat' dir='ltr'>adulatores</span> <span class='ocrx_word' id='word_1_368' title='bbox 1075 2693 1156 2728; x_wconf 83' lang='lat' dir='ltr'>add.</span> <span class='ocrx_word' id='word_1_369' title='bbox 1177 2703 1196 2727; x_wconf 89' lang='grc' dir='ltr'>ο</span> <span class='ocrx_word' id='word_1_370' title='bbox 1212 2704 1257 2726; x_wconf 86' lang='lat' dir='ltr'>m.</span> <span class='ocrx_word' id='word_1_371' title='bbox 1275 2702 1343 2727; x_wconf 83' lang='lat' dir='ltr'>rec.</span> <span class='ocrx_word' id='word_1_372' title='bbox 1473 2691 1516 2726; x_wconf 85' lang='grc'><strong>18</strong></span> <span class='ocrx_word' id='word_1_373' title='bbox 1532 2690 1646 2735; x_wconf 84' lang='lat' dir='ltr'>patia-</span> 
     </span>
     <span class='ocr_line' id='line_1_38' title="bbox 147 2747 1647 2798; baseline -0.005 -10"><span class='ocrx_word' id='word_1_374' title='bbox 147 2765 225 2788; x_wconf 89' lang='lat' dir='ltr'>mus</span> <span class='ocrx_word' id='word_1_375' title='bbox 249 2754 278 2789; x_wconf 89' lang='lat' dir='ltr'><strong><em>C</em></strong></span> <span class='ocrx_word' id='word_1_376' title='bbox 401 2754 444 2788; x_wconf 87' lang='lat'>19</span> <span class='ocrx_word' id='word_1_377' title='bbox 461 2752 627 2798; x_wconf 84' lang='lat' dir='ltr'>iudicare]</span> <span class='ocrx_word' id='word_1_378' title='bbox 646 2752 826 2788; x_wconf 85' lang='lat' dir='ltr'>uindicare</span> <span class='ocrx_word' id='word_1_379' title='bbox 843 2763 863 2786; x_wconf 91' lang='lat' dir='ltr'>o</span> <span class='ocrx_word' id='word_1_380' title='bbox 989 2751 1035 2786; x_wconf 81' lang='lat'>20</span> <span class='ocrx_word' id='word_1_381' title='bbox 1051 2749 1265 2795; x_wconf 83' lang='lat' dir='ltr'>dirigantur]</span> <span class='ocrx_word' id='word_1_382' title='bbox 1283 2748 1369 2783; x_wconf 78' lang='lat' dir='ltr'>add.</span> <span class='ocrx_word' id='word_1_383' title='bbox 1389 2747 1439 2782; x_wconf 88' lang='lat' dir='ltr'>Z:</span> <span class='ocrx_word' id='word_1_384' title='bbox 1458 2747 1569 2792; x_wconf 91' lang='lat' dir='ltr'>primo</span> <span class='ocrx_word' id='word_1_385' title='bbox 1587 2750 1647 2782; x_wconf 88' lang='lat' dir='ltr'>tue</span> 
     </span>
     <span class='ocr_line' id='line_1_39' title="bbox 146 2804 1647 2851; baseline -0.005 -6"><span class='ocrx_word' id='word_1_386' title='bbox 146 2811 268 2846; x_wconf 85' lang='lat' dir='ltr'>littere</span> <span class='ocrx_word' id='word_1_387' title='bbox 384 2810 511 2845; x_wconf 88' lang='lat' dir='ltr'>arelati</span> <span class='ocrx_word' id='word_1_388' title='bbox 531 2810 566 2844; x_wconf 94' lang='lat' dir='ltr'><em>Z</em></span> <span class='ocrx_word' id='word_1_389' title='bbox 678 2810 721 2845; x_wconf 82' lang='lat'>21</span> <span class='ocrx_word' id='word_1_390' title='bbox 740 2820 761 2843; x_wconf 89' lang='lat' dir='ltr'>a</span> <span class='ocrx_word' id='word_1_391' title='bbox 778 2811 813 2844; x_wconf 88' lang='lat' dir='ltr'>te</span> <span class='ocrx_word' id='word_1_392' title='bbox 830 2809 975 2843; x_wconf 88' lang='lat' dir='ltr'>litterae</span> <span class='ocrx_word' id='word_1_393' title='bbox 992 2819 1057 2843; x_wconf 80' lang='lat' dir='ltr'>om.</span> <span class='ocrx_word' id='word_1_394' title='bbox 1077 2807 1111 2841; x_wconf 91' lang='lat' dir='ltr'><em>Z</em></span> <span class='ocrx_word' id='word_1_395' title='bbox 1222 2806 1336 2841; x_wconf 84' lang='lat' dir='ltr'>locum</span> <span class='ocrx_word' id='word_1_396' title='bbox 1353 2805 1432 2851; x_wconf 75' lang='grc' dir='ltr'><strong><em>ίορι·</em></strong></span> <span class='ocrx_word' id='word_1_397' title='bbox 1546 2804 1590 2839; x_wconf 82' lang='grc'>23</span> <span class='ocrx_word' id='word_1_398' title='bbox 1607 2814 1647 2838; x_wconf 85' lang='lat' dir='ltr'>ex</span> 
     </span>
     <span class='ocr_line' id='line_1_40' title="bbox 145 2869 299 2903; baseline -0.006 0"><span class='ocrx_word' id='word_1_399' title='bbox 145 2879 190 2903; x_wconf 76' lang='lat' dir='ltr'>ex</span> <span class='ocrx_word' id='word_1_400' title='bbox 207 2870 243 2902; x_wconf 88' lang='lat' dir='ltr'>et</span> <span class='ocrx_word' id='word_1_401' title='bbox 269 2869 299 2903; x_wconf 89' lang='lat' dir='ltr'><em>C</em></span> 
     </span>
    </p>
   </div>
  </div>
 </body>
</html>
