1912 3152
185 185 242 227 38
723 181 916 215 Caecilii
942 181 1155 226 Cypriani

232 285 364 327 XVII.
389 285 503 336 Quod
526 284 800 326 sacerdotium
821 285 940 326 uetus
963 286 1138 326 cessaret
1160 286 1200 327 et
1216 298 1345 328 nouus
1371 290 1555 331 sacerdos
1580 291 1695 331 ueni-

384 355 445 395 ret
468 354 537 406 qui
559 354 601 394 in
623 354 835 394 aeternum
857 352 1022 394 futurus
1045 355 1162 396 esset.

211 423 366 464 XVIII.
392 422 507 472 Quod
523 421 719 474 propheta.
740 421 846 462 alius
869 422 976 462 sieut
997 422 1158 476 Moyses
1179 424 1404 476 promissus
1441 425 1515 475 sit,
1540 426 1697 468 scilicet

385 491 453 543 qui
471 490 766 531 testamentum
780 502 932 531 nouum
950 490 1064 532 daret
1081 492 1121 532 et
1137 491 1206 544 qui
1218 492 1350 546 magis
1368 494 1500 534 audiri
1519 494 1694 536 deberet.

182 560 363 603 XVIIII.
389 559 503 611 Quod
526 561 604 601 duo
626 559 765 613 populi
786 559 985 612 praedicti
1007 560 1113 611 sint,
1146 561 1277 602 maior
1307 563 1347 602 et
1376 563 1528 613 minor,
1561 563 1604 604 id
1634 565 1696 605 est
1726 583 1741 607 s

384 630 501 670 uetus
524 629 769 670 Iudaeorum
791 628 832 670 et
852 640 982 671 nouus
1013 629 1084 682 qui
1105 630 1210 670 esset
1233 643 1279 671 ex
1301 631 1417 672 nobis
1439 631 1617 673 futurus.

271 698 359 739 XX.
385 697 500 748 Quod
542 697 710 739 ecclesia
755 710 856 750 quae
901 697 1016 750 prius
1052 698 1204 740 sterilis
1241 699 1374 740 fuerat
1419 701 1556 754 plures
1593 700 1698 742 filios

384 767 576 808 habitura
606 766 712 808 esset
740 778 786 807 ex
815 766 1032 821 gentibus,
1067 779 1189 819 quam
1227 768 1325 820 quot
1362 779 1570 824 synagoga
1606 771 1698 811 aute

385 836 607 878 habuisset.

252 905 363 946 XXI.
389 903 504 955 Quod
525 904 667 959 gentes
687 905 823 960 magis
846 904 888 946 in
910 904 1124 947 Christum
1147 906 1375 947 crediturae
1397 906 1540 947 essent.
1714 920 1746 944 m

229 974 364 1016 XXII.
390 972 505 1025 Quod
526 986 675 1028 panem
697 975 738 1016 et
759 974 927 1016 calicem
957 973 1109 1015 Christi
1140 976 1180 1016 et
1210 987 1371 1017 omnem
1400 975 1581 1029 gratiam
1611 975 1697 1017 eius

389 1043 580 1085 amissuri
617 1043 751 1084 essent
787 1043 952 1094 Iudaei,
995 1055 1067 1085 1105
1105 1056 1199 1085 uero
1236 1044 1462 1097 accepturi,
1511 1045 1551 1085 et
1590 1044 1697 1097 quod

387 1111 702 1154 christianorum
723 1123 876 1153 nouum
899 1125 1046 1154 nomen
1067 1112 1372 1154 benediceretur
1393 1112 1435 1154 in
1457 1112 1592 1154 terris.

207 1180 363 1223 XXIII.
389 1179 505 1231 Quod
536 1180 586 1222 ad
617 1194 790 1235 regnum
821 1181 1026 1222 caelorum
1057 1183 1191 1236 inagis
1223 1185 1364 1236 gentes
1401 1194 1525 1234 quam
1556 1181 1698 1223 Iudaei

387 1250 639 1303 perueniant.
1715 1264 1745 1289 ιε

187 1317 368 1361 XXIIII.
389 1317 504 1370 Quod
527 1318 610 1360 5010
632 1318 706 1360 1100
728 1318 871 1360 Iudaei
893 1319 1074 1372 accipere
1094 1319 1256 1361 ueniam
1279 1318 1439 1372 possint
1456 1319 1700 1360 delictorum

390 1400 580 1438 suorum,
613 1388 647 1428 51
670 1388 913 1442 sanguinem
935 1387 1088 1429 Christi
1121 1388 1243 1429 000151
1273 1388 1478 1441 baptismo
1511 1388 1595 1429 eius
1627 1388 1700 1430 ab·

388 1456 540 1497 luerint
561 1457 600 1498 et
620 1456 663 1497 in
685 1457 894 1498 eeclesiam
912 1457 1171 1499 transeuntes
1196 1457 1422 1511 praeceptis
1441 1458 1526 1498 01115
1543 1457 1702 1499 obtem-

390 1525 636 1579 perauerint.

248 1845 451 1887 IVDAEOS
472 1858 520 1886 1N
543 1856 783 1887 OFFENSAM
812 1858 892 1887 DEI
922 1857 1156 1887 GRAVITER
1177 1856 1469 1895 DELIQvissss,
1503 1855 1628 1894 QVOD
1718 1859 1751 1884 ‘20

329 1926 546 1955 Donixvir
592 1926 905 1963 RELIQVERINT
950 1927 1006 1955 ET
1043 1926 1187 1955 IDOLA
1239 1925 1399 1955 SECVTI
1445 1925 1558 1954 SINT.

153 1985 172 2025 l
250 1983 306 2024 In
338 1982 506 2022 Exodo
537 1982 758 2035 populus
791 1984 849 2024 ad
881 1983 1069 2024 Aaron:
1103 1984 1266 2038 Exurge
1298 1984 1338 2024 et
1370 1983 1434 2024 fac
1463 1982 1580 2023 nobis
1608 1982 1703 2024 deos

193 2051 263 2104 qui
298 2063 369 2093 nos
413 2052 674 2104 praecedant:
723 2052 818 2105 quia
854 2052 1016 2106 Moyses
1045 2051 1110 2093 uir
1139 2051 1225 2102 hie,
1273 2051 1343 2104 qui
1381 2062 1452 2092 nos
1497 2051 1615 2091 eiecit
1658 2050 1706 2091 de

330 2165 380 2200 :22
407 2165 511 2198 Exod.
532 2165 589 2200 32.
611 2166 639 2199 1.

264 2269 283 2304 1
311 2268 426 2313 XVII]
453 2268 536 2302 XVI
555 2269 589 2303 L
607 2273 639 2303 et
659 2270 711 2303 ita
728 2280 848 2304 omnes
867 2269 1037 2313 deinceps
1055 2269 1247 2304 ύίΐιιῖονιιυι
1272 2268 1416 2303 numeri
1444 2278 1519 2302 mm
1549 2268 1707 2301 rnzc'uores

194 2326 410 2360 exhibentur
426 2327 467 2360 in
482 2326 517 2360 L
582 2326 738 2361 uenisset
756 2327 792 2360 B
887 2327 909 2363 3
934 2327 1107 2371 propheta
1125 2327 1232 2371 alius]
1251 2325 1473 2371 profetadius
1482 2326 1516 2359 A
1595 2335 1708 2359 moses

194 2384 229 2418 L
243 2384 339 2418 etsie
356 2384 433 2426 fere
449 2394 587 2427 semper
658 2384 681 2422 ἶ)
698 2384 873 2429 praedicti
884 2395 927 2418 000
944 2384 1096 2429 perdicti
1104 2384 1152 2418 M
1161 2395 1203 2418 m.
1216 2386 1242 2418 ,2
1277 2410 1280 2413 .
1314 2383 1336 2419 6
1355 2383 1468 2426 nobis]
1483 2382 1585 2416 nouis
1599 2382 1646 2416 M

194 2441 217 2477 7
236 2440 436 2478 steaefisA
505 2441 613 2475 fuerit
625 2442 696 2475 AL
767 2441 790 2478 8
809 2442 909 2487 quot]
925 2441 1548 2486 «111οᾱ143118Θῶίηίῑίᾱεῖεὑιιηιφη.2
1619 2439 1712 2473 sina-

194 2509 287 2544 goga
300 2498 389 2540 AL;
427 2501 492 2535 has
510 2499 717 2533 litterarum
744 2499 803 2533 iet
830 2510 851 2543 y
870 2500 1102 2542 confusiones
1127 2500 1166 2533 z'n
1182 2498 1339 2533 ALMB
1357 2508 1432 2532 non
1456 2508 1577 2532 omnes
1595 2496 1712 2531 aelno-

194 2558 355 2592 tammus
428 2557 477 2593 10
502 2557 635 2591 christo
653 2557 701 2590 M
764 2556 811 2592 13
830 2556 1097 2591 benediceretur
1116 2567 1159 2590 ex
1176 2556 1405 2590 benedicetur
1423 2557 1458 2589 A
1532 2554 1578 2590 16
1598 2553 1704 2597 quod]

193 2615 281 2649 item
301 2614 340 2649 *d
358 2615 393 2648 R
463 2614 527 2648 1100
546 2614 579 2648 L
596 2625 621 2649 s.
642 2615 662 2648 l.
684 2625 724 2648 m.
742 2616 764 2648 2
836 2614 994 2658 capitula
1012 2614 1096 2648 libri
1114 2614 1221 2657 primi
1240 2618 1312 2658 exp.
1332 2612 1438 2657 incip.
1461 2623 1581 2646 eoruni
1600 2612 1710 2645 inter-

194 2672 411 2716 pretationes
429 2683 471 2706 m.
492 2682 551 2706 ree
576 2672 617 2705 in
636 2671 687 2711 M,
708 2676 780 2716 exp.
808 2676 870 2715 cap
896 2671 1025 2715 incipit
1055 2671 1146 2705 liber
1171 2671 1308 2716 primus
1338 2670 1379 2705 de
1409 2669 1523 2704 iudeis
1554 2670 1590 2703 et
1620 2667 1712 2702 chri-

197 2728 325 2762 stianis
344 2732 405 2772 cap
423 2728 440 2762 1
458 2728 511 2772 B,
538 2729 818 2773 inscriptionem
837 2740 899 2762 om.
920 2728 993 2762 AL

266 2798 318 2835 20
342 2798 465 2832 iudaeo
483 2799 517 2832 A
588 2798 720 2832 offensa
748 2797 831 2831 MR
903 2797 950 2832 21
978 2796 1194 2840 reliquerint
1224 2795 1296 2830 AL
1313 2822 1319 2837 ‚
1353 2793 1609 2838 dereliquerint
1640 2791 1708 2833 Bo,

197 2854 467 2899 urelinquerint
486 2855 532 2889 M
602 2855 651 2892 22
678 2865 762 2889 aron
780 2855 815 2888 A
