1912 3152
419 276 476 311 De
502 276 760 312 catholicae
786 277 1004 313 ecclesiae
1029 279 1208 313 unitate
1234 289 1260 313 c.
1288 278 1395 315 7—9.
1558 280 1641 321 217

129 379 292 422 uicem
323 380 374 421 in
401 379 716 431 dilectione,
749 382 884 424 satis
915 382 1134 436 agentes
1157 394 1360 424 seruare
1382 382 1638 424 unitatem

127 448 352 502 spiritus
383 448 433 490 111
464 449 844 492 coniunctione
875 451 1033 503 pacis,
1067 451 1175 492 stare
1205 452 1252 492 tu
1284 452 1325 492 et
1354 451 1491 493 uiuere
1520 452 1640 504 putas

128 528 244 570 posse
265 516 314 558 de
336 517 506 559 ecclesia
528 518 797 570 recedentem,
821 519 935 561 sedes
957 519 1036 560 sibi
1058 518 1160 561 alias
1182 520 1223 561 et
1244 518 1408 561 diuersa
1428 519 1640 561 domicilia

129 585 391 627 condentem?
423 597 517 626 cum
540 585 699 628 dictum
733 587 790 629 sit
825 587 877 629 ad
899 587 1073 639 Rhaab,
1110 587 1152 629 in
1188 600 1267 641 qua
1286 587 1641 641 praeformabatur

80 670 97 695 s
129 653 318 697 ecclesia:
351 656 554 708 patrem
575 656 723 698 tuum
745 658 794 698 et
814 658 1030 699 matrem
1051 658 1194 699 tuam
1223 658 1276 699 et
1304 656 1496 699 fratres
1525 658 1640 699 tuos

128 724 176 764 et
206 722 378 765 totam
409 723 607 766 domum
638 725 810 778 patris
852 726 933 768 tui
965 726 1190 780 colliges
1220 725 1279 767 ad
1310 727 1360 767 te
1392 725 1555 780 ipsam
1587 726 1639 767 in

128 791 328 833 domum
360 792 516 843 tuam,
564 794 613 835 et
644 794 751 835 erit
790 794 956 836 omnis
995 795 1080 848 qui
1112 794 1305 837 exierit
1337 795 1529 837 ostium
1559 795 1640 836 (10-

129 872 234 901 111113
265 861 382 902 tuae
412 861 573 911 foras,
621 875 736 904 reus
775 863 877 904 sibi
917 863 1043 914 erit,
1091 864 1194 905 item
1230 864 1534 906 sacramentum
1557 863 1639 904 Pa-

128 928 247 970 schae
268 929 373 971 nihil
394 930 507 971 aliud
528 931 572 971 in
593 931 722 972 Exodi
744 931 835 986 lege
857 932 1063 974 contineat
1094 945 1219 985 quam
1257 933 1303 973 ut
1339 944 1468 987 agnus
1505 932 1575 985 qui
1598 932 1640 974 in

82 1006 115 1032 ιο
129 996 260 1051 figura
277 997 430 1040 Christi
447 999 648 1041 occiditur
664 1000 707 1041 in
724 1000 844 1043 domo
863 1014 944 1043 una
962 1002 1119 1043 edatur.
1152 1001 1336 1054 loquitur
1354 1001 1464 1042 Deus
1482 1001 1638 1042 dicens:

129 1066 179 1108 in
211 1067 354 1109 domo
386 1081 481 1110 una
512 1069 834 1121 comedetur,
884 1082 979 1112 non
1010 1071 1225 1113 eicietis
1266 1071 1323 1112 de
1353 1070 1500 1112 domo
1531 1082 1636 1111 car-

128 1148 236 1177 nem
268 1136 416 1178 foras.
451 1150 541 1179 caro
573 1137 727 1180 Christi
758 1141 799 1180 et
830 1140 1020 1181 sanctum
1043 1140 1210 1182 Domini
1242 1139 1317 1181 eici
1339 1139 1447 1181 foras
1468 1150 1548 1180 non
1568 1150 1641 1192 po-

129 1205 211 1246 test
231 1218 305 1247 nec
327 1205 409 1248 alia
431 1206 516 1248 ulla
539 1207 799 1249 credentibus
820 1210 982 1260 praeter
1003 1221 1127 1250 unam
1161 1208 1375 1250 ecclesiam
1397 1208 1542 1250 domus
1565 1209 1640 1250 est.

130 1273 232 1315 hanc
255 1273 443 1324 domum,
475 1275 550 1316 hoc
571 1276 860 1318 unanimitatis
883 1277 1109 1331 hospitium
1139 1277 1329 1332 designat
1358 1278 1399 1319 et
1427 1277 1643 1318 denuntiat

6 1352 15 1396 ,2
86 1350 118 1376 1⁵
132 1341 310 1395 Spiritus
346 1345 511 1386 sanctus
548 1345 590 1386 in
624 1345 797 1399 psalmis
841 1346 999 1388 dicens:
1051 1347 1183 1388 Deus
1222 1346 1307 1399 qui
1338 1345 1643 1388 inhabitare

131 1410 272 1453 facit
303 1413 579 1455 unanimes
612 1414 661 1455 in
693 1414 849 1456 domo.
884 1415 925 1456 in
948 1416 1068 1456 domo
1089 1415 1190 1465 Dei,
1224 1415 1266 1456 in
1288 1415 1457 1456 ecclesia
1488 1414 1642 1457 Christi

8 1502 17 1547 't
134 1481 346 1523 unanimes
368 1481 577 1535 habitant,
610 1483 826 1525 concordes
848 1485 889 1525 et
912 1483 1119 1536 simplices
1142 1484 1417 1537 perseuerant.

14 1555 16 1558 “
189 1549 349 1592 Idcirco
372 1552 413 1592 et
434 1550 476 1592 in
499 1551 688 1593 columba
709 1552 824 1594 uenit
859 1551 1036 1606 Spiritus
1068 1554 1253 1595 sanctus:
1286 1552 1459 1605 simplex
1490 1552 1684 1597 animali)

132 1620 174 1661 et
194 1619 350 1661 laetum
381 1621 462 1671 est,
494 1634 573 1662 non
611 1620 705 1663 felle
742 1634 952 1671 amarum,
984 1634 1063 1663 non
1101 1621 1307 1663 morsibus
1344 1633 1533 1671 saeuum,
1565 1632 1644 1662 non

16 1717 18 1723 r
82 1701 119 1727 20
131 1688 335 1743 unguium
355 1689 598 1731 laceratione
620 1690 869 1741 uiolentum,
902 1691 1082 1743 hospitia
1102 1691 1282 1732 humana
1303 1689 1498 1744 diligere,
1521 1689 1643 1731 unius

131 1756 275 1799 domus
298 1758 545 1800 consortium
576 1770 713 1809 nosse,
747 1772 841 1800 cum
872 1760 1067 1814 generant
1098 1759 1223 1800 simul
1245 1759 1351 1800 filios
1374 1758 1512 1809 edere,
1546 1771 1641 1800 cum

131 1827 360 1868 commeant
391 1826 599 1869 uolatibus
630 1828 809 1869 inuicem
833 1827 1068 1878 cohaerere,
1102 1827 1310 1869 communi
1332 1826 1639 1869 conuersatione

130 1894 262 1936 uitam
283 1908 401 1937 suam
422 1895 588 1950 degere,
621 1896 702 1937 oris
724 1896 861 1938 osculo
884 1896 1142 1938 concordiam
1165 1896 1278 1950 pacis
1307 1907 1546 1950 agnoscere,
1580 1895 1640 1936 le-

134 1976 228 2018 gem
260 1964 365 2006 circa
396 1965 533 2007 omnia
565 1966 855 2007 unanimitatis
887 1966 1053 2019 inplere.
1086 1966 1184 2007 haec
1220 1966 1281 2007 est
1311 1965 1353 2006 in
1375 1964 1545 2006 ecclesia
1567 1975 1639 2005 no-

80 2047 114 2072 25
128 2033 275 2074 scenda
297 2034 542 2087 simplicitas
560 2067 569 2085 ,
601 2034 700 2076 haec
731 2035 879 2076 caritas
900 2034 1142 2083 obtinenda,
1175 2035 1222 2075 ut
1243 2033 1452 2075 columbas
1475 2032 1640 2074 dilectio

129 2104 399 2146 fraternitatis
421 2103 631 2154 imitetur,
665 2105 712 2145 ut
734 2104 1005 2145 mansuetudo
1037 2104 1078 2145 et
1108 2103 1257 2145 lenitas
1289 2102 1407 2156 agnis
1429 2102 1470 2143 et
1491 2101 1639 2143 ouibus

127 2174 334 2227 aequetur.
368 2173 467 2226 quid
499 2172 600 2214 facit
631 2173 673 2214 in
695 2174 862 2226 pectore
885 2172 1112 2215 christiano
1133 2172 1324 2225 luporum
1347 2170 1489 2212 feritas
1511 2171 1552 2212 et
1573 2183 1642 2212 ca-

20 2232 24 2253 1

262 2298 284 2332 5
309 2298 377 2332 103.
397 2298 429 2338 2,
450 2298 492 2331 18
510 2309 561 2342 sq.
635 2299 676 2332 11
704 2298 763 2332 Ex.
784 2299 838 2342 12,
856 2298 912 2332 46.
988 2298 1032 2332 15
1058 2298 1114 2332 Ps.
1133 2296 1188 2338 67,
1209 2296 1240 2330 7.

194 2415 216 2449 2
240 2414 293 2459 tu]
313 2416 349 2448 te
366 2414 419 2455 R,
446 2425 510 2449 om.
537 2414 570 2448 G
641 2414 663 2447 3
678 2412 774 2447 sedet
793 2413 828 2448 R
898 2413 920 2447 4
945 2413 1134 2448 condentes
1154 2412 1189 2447 R
1260 2411 1345 2446 raab
1369 2411 1502 2446 WGM
1560 2411 1582 2445 5
1607 2414 1643 2445 et

127 2473 228 2515 (ante
245 2472 343 2517 frat.)
361 2483 424 2506 om.
446 2471 481 2506 R
552 2472 573 2505 6
591 2471 647 2516 ad]
667 2474 703 2505 et
722 2472 768 2505 M
837 2471 953 2515 ipsum
978 2470 1027 2504 G¹
1102 2471 1138 2504 in
1158 2470 1208 2504 W
1222 2481 1248 2504 s.
1267 2470 1288 2504 l.
1308 2480 1352 2503 m.
1366 2471 1392 2503 2
1450 2469 1469 2503 7
1487 2468 1556 2502 erit
1574 2479 1639 2503 om-

130 2529 309 2564 Bazuzius
402 2530 424 2563 9
449 2528 673 2563 contincatur
690 2529 738 2562 M
830 2529 874 2562 10
898 2519 963 2562 dns
982 2528 1031 2562 M
1121 2528 1163 2560 11
1190 2528 1225 2560 et
1243 2537 1310 2560 11011
1329 2526 1377 2560 M
1455 2525 1572 2560 eicitis
1597 2526 1642 2565 G,

130 2587 277 2621 cicietur
292 2587 339 2620 M
408 2597 546 2621 carnem
559 2586 601 2621 (10
615 2586 714 2620 domo
729 2586 775 2629 R,
794 2596 908 2620 caron*
926 2585 968 2620 de
984 2585 1084 2620 domo
1096 2585 1141 2619 M
1205 2585 1248 2619 14
1265 2583 1408 2618 domum
1422 2584 1512 2617 hane
1528 2583 1579 2617 W
1620 2592 1623 2603 ²

128 2645 271 2678 nuntiat
289 2644 335 2678 M
465 2645 507 2678 15
532 2644 697 2688 spiritus.
715 2643 903 2688 ..psalmis
932 2654 999 2678 om.
1019 2643 1054 2678 R
1195 2642 1237 2676 16
1262 2642 1300 2675 in
1328 2641 1430 2675 domo
1455 2652 1520 2674 om.
1539 2640 1575 2675 R

131 2701 172 2734 17
199 2701 398 2735 unianimes
415 2700 508 2735 RG¹
609 2701 819 2735 inhabitant
844 2701 907 2741 M,
934 2700 1101 2734 habitent
1126 2700 1158 2734 G
1255 2700 1297 2732 18
1322 2698 1519 2732 columbam
1544 2697 1574 2730 V

129 2759 172 2792 19
190 2760 244 2792 est
262 2769 326 2793 om.
347 2770 366 2793 v
436 2759 478 2792 21
497 2769 608 2803 super
625 2758 725 2793 edere
740 2759 787 2792 Μ
799 2770 841 2793 m.
858 2761 898 2792 2:
917 2758 1009 2792 alere
1073 2768 1151 2791 cuin
1165 2757 1267 2800 (ante
1280 2757 1493 2798 commeant)
1510 2755 1559 2789 W
1570 2766 1596 2789 s.
1612 2755 1635 2789 I.

129 2826 173 2850 m.
189 2818 220 2855 2,
239 2827 304 2850 om.
324 2816 356 2850 G
426 2816 471 2850 22
489 2818 723 2850 00111111**011118
742 2816 792 2850 W
852 2814 1063 2850 uolatilibus
1078 2814 1126 2848 M
1131 2814 1178 2848 W
1188 2817 1194 2834 ¹
1260 2814 1305 2847 23
1323 2823 1512 2858 agnuscere
1527 2812 1574 2847 M

130 2873 174 2907 ‘25
198 2873 386 2908 dilectione
412 2874 460 2908 G*
539 2874 581 2908 27
609 2873 804 2917 adequetur
826 2873 858 2908 G
