1912 3152
508 238 567 272 De
590 236 811 273 dominica
834 236 1043 272 oratione
1068 246 1096 271 c.
1124 235 1268 271 17—19.
1560 237 1641 280 281

141 345 300 390 Christo
321 353 532 385 manemus
553 341 595 384 et
615 340 798 382 uiuimus
820 352 843 382 a
864 339 1186 383 sanctificatione
1208 340 1295 383 eius
1316 341 1357 383 et
1379 352 1543 395 corpore
1563 352 1643 382 non

140 414 389 458 recedamus.

196 481 338 524 Potest
358 491 454 522 uero
476 479 518 522 et
539 478 598 521 sic
626 478 835 534 intellegi,
868 479 915 520 ut
945 478 1017 532 qui
1048 478 1210 521 saeculo
1242 478 1570 520 renuntiauimus
1603 479 1644 521 et
1666 481 1714 523 19

138 550 308 595 diuitias
336 549 424 592 eius
452 549 494 592 et
522 560 693 602 pompas
724 547 804 590 fide
834 547 993 603 gratiae
1024 547 1224 602 spiritalis
1255 547 1480 590 abiecimus
1506 548 1644 590 cibum

94 631 109 657 ⁵
137 619 440 663 nobistantum
461 617 650 671 petamus
672 618 713 659 et
734 616 917 668 uictum,
950 616 1112 670 quando
1149 616 1330 659 instruat
1365 617 1567 660 Dominus
1603 619 1645 659 et

137 688 267 731 dicat:
307 687 393 741 qui
435 698 530 729 non
575 685 853 728 renuntiat
897 684 1130 727 omnibus
1176 698 1302 739 quae
1347 686 1466 728 sunt
1511 686 1641 737 eim,

136 770 234 801 non
279 756 455 812 potest
500 767 638 797 meus
683 754 985 808 discipulus
1028 766 1148 797 esse.
1203 754 1274 808 qui
1310 755 1450 797 autem
1487 753 1642 797 Christi

136 825 267 879 coepit
301 837 388 868 esse
422 824 648 878 discipulus
684 823 908 866 secundum
937 823 1131 879 magistri
1152 823 1218 866 sui
1239 836 1382 866 uocem
1404 823 1643 865 renuntians

136 894 344 946 omnibus,
377 893 572 936 diurnum
603 893 725 935 debet
755 892 895 935 cibum
925 893 1063 947 petere
1093 905 1167 935 nec
1187 893 1230 935 in
1250 893 1421 948 longum
1442 892 1644 935 desideria

91 974 124 1000 10
134 963 344 1018 petitionis
361 962 576 1005 extendere
597 962 686 1016 ipso
707 961 861 1004 iterum
876 961 1054 1004 Domino
1075 961 1376 1016 praescribente
1398 962 1439 1004 et
1461 962 1643 1004 dicente:

133 1033 301 1078 nolite
332 1033 382 1075 in
413 1031 700 1075 crastinum
732 1030 996 1086 cogitare:
1045 1031 1314 1074 crastinus
1353 1031 1487 1074 enim
1526 1030 1643 1073 dies

133 1104 241 1157 ipse
272 1101 533 1157 cogitabit
562 1100 680 1142 sibi.
714 1099 932 1143 sufficit
962 1100 1069 1142 diei
1101 1100 1309 1142 malitia
1340 1113 1443 1143 sua.
1493 1100 1641 1143 merito

134 1183 229 1227 ergo
251 1170 405 1213 Christi
426 1169 652 1223 discipulus
674 1169 836 1212 uictum
857 1169 939 1212 sibi
960 1169 1003 1211 in
1025 1169 1134 1211 diem
1155 1169 1339 1222 postulat
1370 1170 1441 1223 qui
1472 1170 1521 1212 de
1553 1181 1642 1212 cra-

134 1241 240 1283 stino
270 1240 450 1296 cogitare
481 1239 743 1294 prohibetur,
776 1239 873 1293 quia
903 1239 945 1282 et
975 1239 1229 1281 contrarium
1259 1239 1340 1281 sibi
1370 1239 1418 1280 fit
1449 1240 1490 1281 et
1521 1252 1641 1293 repu-

88 1327 119 1353 ιε
135 1322 282 1365 gnam,
314 1310 361 1351 ut
383 1320 626 1363 quaeramus
647 1307 690 1350 in
712 1308 874 1350 saeculo
896 1308 968 1350 diu
990 1308 1130 1350 uiuere
1162 1308 1233 1363 qui
1263 1309 1445 1362 petimus
1468 1321 1642 1364 regnum

131 1379 207 1422 Dei
229 1377 425 1421 uelociter
445 1377 648 1419 aduenire.
680 1376 739 1419 sic
761 1378 802 1419 et
823 1377 969 1420 beatus
990 1377 1199 1431 apostolus
1221 1378 1361 1420 monet
1391 1377 1573 1420 formans
1596 1379 1638 1420 et

132 1448 393 1491 corroborans
414 1447 501 1500 spei
522 1447 685 1489 nostrae
706 1459 753 1489 ac
775 1446 872 1489 fidei
893 1446 1149 1489 firmitatem.
1179 1446 1339 1498 nihil,
1373 1447 1531 1502 inquit,
1569 1447 1641 1490 in-

132 1517 360 1560 tulimus
391 1516 441 1558 in
471 1516 604 1558 hunc
633 1516 896 1568 mundum,
944 1529 1122 1559 uerum
1163 1528 1252 1559 nec
1296 1517 1500 1559 auferre
1531 1528 1640 1571 pos-

131 1598 321 1629 sumus.
362 1586 615 1628 habentes
654 1586 832 1640 itaque
870 1585 1256 1629 exhibitionem
1293 1587 1344 1628 et
1374 1587 1639 1642 tegumen-

87 1656 237 1698 zotum
267 1655 351 1697 his
383 1655 622 1697 contenti
653 1667 838 1697 sumus,
886 1655 972 1709 qui
1012 1656 1188 1698 autem
1219 1656 1405 1699 uolunt
1436 1656 1639 1699 diuites

131 1723 251 1767 fieri
295 1724 543 1767 incidunt
588 1724 640 1766 in
684 1725 1087 1778 temptationem
1133 1726 1182 1768 et
1222 1726 1542 1780 muscipulas
1589 1726 1640 1768 et

130 1793 398 1837 desideria
443 1795 610 1837 multa
655 1796 705 1837 et
750 1795 994 1838 nocentia
1038 1807 1166 1849 quae
1206 1796 1444 1850 mergunt
1474 1796 1637 1838 homi-

130 1864 320 1906 nemin
351 1863 698 1917 perditionem
729 1865 779 1906 et
809 1863 860 1905 in
881 1864 1176 1907 interitum.
1210 1864 1358 1906 radix
1380 1865 1511 1907 enim
1540 1876 1639 1907 om-

130 1932 267 1974 nium
297 1932 550 1975 malorum
595 1933 673 1974 est
715 1932 988 1986 cupiditas
1032 1946 1181 1987 quam
1226 1934 1442 1987 quidam
1489 1934 1637 1988 adpe-

87 2001 298 2044 2⁵tentes
329 2000 780 2056 naufragauerunt
817 2015 842 2044 a
880 2001 990 2044 fide
1021 2004 1074 2045 et
1104 2002 1445 2045 inseruerunt
1476 2015 1526 2045 se
1556 2003 1638 2045 do-

130 2069 330 2113 loribus
361 2070 561 2113 multis.

263 2209 284 2242 6
310 2208 391 2243 Luc.
412 2208 464 2250 14,
483 2208 538 2243 33.
611 2208 653 2243 11
679 2207 810 2243 Matth.
830 2208 861 2250 6,
880 2208 933 2243 34.
1009 2208 1051 2242 17
1078 2208 1096 2243 I
1114 2208 1203 2243 Tim.
1222 2209 1253 2250 6,
1274 2208 1294 2242 7
1314 2203 1364 2253 sq.

199 2323 217 2357 1
243 2323 279 2357 et
295 2332 435 2368 corpore
453 2323 529 2357 eius
548 2323 596 2358 W
689 2323 710 2358 5
735 2324 898 2368 petamus
916 2325 952 2358 et
970 2322 1105 2358 uictum
1123 2333 1187 2358 om.
1206 2323 1234 2359 S
1327 2323 1348 2358 6
1373 2324 1636 2358 renuntiauerit

135 2380 177 2414 W
244 2381 345 2426 quae]
365 2380 427 2425 qui
447 2382 490 2415 W
556 2381 578 2415 8
603 2391 677 2415 esse
694 2380 810 2426 coepit
823 2381 874 2417 W
936 2391 1056 2416 uocem
1074 2381 1242 2425 magistri
1261 2380 1317 2415 sui
1332 2381 1382 2416 W
1442 2381 1487 2416 10
1503 2391 1543 2416 ca
1560 2382 1637 2415 ten-

129 2437 209 2473 dere
230 2438 281 2473 W
349 2437 487 2473 dicente
504 2448 548 2473 ex
565 2437 709 2473 docente
728 2437 758 2472 S
772 2449 816 2472 m.
832 2440 852 2472 1
946 2439 987 2472 11
1015 2437 1090 2473 dies
1108 2448 1173 2473 om.
1194 2438 1377 2473 Baluzius
1474 2438 1516 2473 12
1542 2438 1637 2484 eogi-

130 2495 224 2530 tauit
246 2496 294 2531 G¹
401 2494 558 2530 sufficiat
576 2495 605 2530 S
709 2495 753 2530 14
770 2495 854 2540 quia
871 2495 919 2540 et]
940 2506 985 2530 an
1003 2506 1070 2530 non
1085 2495 1118 2531 G
1209 2495 1280 2530 tibi
1299 2495 1331 2531 G
1424 2495 1466 2530 fit
1483 2506 1527 2530 σεε
1545 2495 1593 2530 sit
1611 2495 1642 2531 S

129 2563 173 2587 m.
188 2556 224 2594 1,
250 2553 393 2588 uidetur
418 2553 451 2588 G
539 2553 583 2587 16
609 2552 730 2587 uenire
754 2552 788 2587 G
871 2553 1013 2587 firmans
1037 2553 1071 2589 G
1158 2553 1200 2588 17
1226 2564 1265 2588 ac
1283 2553 1365 2588 fidei
1382 2555 1523 2588 nostrae
1542 2553 1572 2588 S

129 2609 245 2655 inquit
261 2621 326 2646 om.
351 2611 383 2646 G-
456 2610 499 2645 18
516 2611 692 2654 nequeW,
711 2609 795 2654 quia
813 2620 874 2645 nee
893 2610 922 2645 S
991 2610 1082 2645 ferre
1101 2611 1132 2646 S
1199 2610 1401 2655 possumus]
1418 2611 1528 2644 simus
1543 2610 1571 2645 S

130 2667 173 2702 19
197 2667 463 2712 exhibitionem]
483 2667 741 2702 nutrimentum
763 2669 814 2703 W
893 2669 930 2703 ct
946 2669 1169 2713 tegmentum
1189 2668 1232 2708 S,
1253 2679 1318 2703 om.
1336 2669 1379 2701 W
1457 2668 1503 2702 20
1528 2668 1638 2702 simus

134 2725 204 2761 Wv
317 2726 361 2759 21
386 2724 621 2769 muscipulam
644 2724 699 2760 Gv
805 2725 851 2760 22
877 2725 1036 2762 homines
1059 2725 1092 2761 G
1212 2725 1257 2760 23
1282 2727 1317 2759 et
1336 2725 1372 2759 in
1390 2725 1577 2759 interitum
1599 2726 1642 2759 W

130 2781 191 2817 sed
208 2782 244 2817 in
262 2794 287 2818 s.
307 2783 329 2817 l.
347 2793 391 2817 m.
408 2784 450 2823 2,
469 2792 535 2817 om.
554 2782 641 2826 SG;
667 2782 714 2826 cf.
734 2786 810 2818 test.
832 2783 906 2819 III
918 2786 963 2819 61
978 2794 1015 2828 p.
1034 2786 1113 2825 165,
1132 2782 1177 2818 de
1194 2782 1308 2827 lapsis
1331 2793 1359 2818 c.
1379 2784 1442 2822 12,
1470 2782 1514 2817 de
1531 2793 1638 2827 opere

134 2842 166 2875 et
183 2839 224 2874 el.
242 2850 269 2875 c.
290 2842 335 2874 10
