1838 3152
226 201 310 243 552
761 199 953 234 Caecilii
987 199 1198 244 Cypriani

185 308 210 347 4
282 302 543 356 Quamquam
572 302 850 345 confessorum
880 315 1050 356 quoque,
1082 315 1182 355 quos
1210 303 1276 344 hic
1305 303 1436 345 adhuc
1463 305 1507 345 in
1528 317 1730 347 carcerem

224 373 407 427 dignitas
440 384 536 413 suae
567 372 828 413 confessionis
860 372 1029 413 inclusit
1059 372 1100 413 et
1128 372 1180 413 ad
1210 374 1413 414 certamen
1446 374 1730 428 euangelicum

225 454 298 483 sua
328 441 428 482 fides
460 441 503 482 in
535 440 782 483 confessione
814 440 898 481 iam
932 441 1109 494 gloriose
1142 442 1270 483 semel
1303 443 1526 493 coronauit,
1566 443 1729 485 litteras

222 510 374 551 habeas
415 509 693 562 conspirantes
734 522 827 550 cum
868 509 1019 550 litteris
1061 510 1224 560 nostris,
1268 510 1415 562 quibus
1464 512 1729 553 seueritatem

224 579 483 632 euangelicae
528 578 767 631 disciplinae
812 578 1073 630 protulerunt
1114 580 1154 620 et
1194 579 1373 621 inlicitas
1420 580 1636 632 petitiones
1677 581 1757 622 abs

223 648 418 689 ecclesiae
439 647 591 701 pudore
612 647 868 696 reuocarunt,
898 659 948 688 ne
970 647 1003 687 si
1025 648 1099 688 hoc
1120 647 1239 689 facile
1261 648 1464 699 fecissent,
1488 649 1730 703 disciplinae

223 716 483 770 euangelicae
521 716 658 757 ruinas
694 728 773 756 non
808 715 929 757 facile
965 716 1175 766 sarcirent,
1212 717 1454 769 praesertim
1490 730 1584 759 cum
1621 719 1729 759 nulli

224 786 358 840 magis
390 772 478 826 tam
508 797 732 839 congruens
763 786 869 826 esset
900 786 1038 826 tenore
1068 785 1294 839 euangelici
1323 786 1479 839 uigoris
1510 787 1731 828 inlibatam

224 856 474 910 dignitatem
503 867 664 895 seruare
694 868 817 908 quam
848 855 918 907 qui
947 867 988 896 se
1017 855 1305 896 excruciandos
1327 855 1366 896 et
1388 855 1728 897 excarnificandos

222 936 294 977 pro
342 923 554 978 euangelio
600 923 833 965 furentibus
880 923 1161 974 tradidissent,
1209 936 1259 965 ne
1300 924 1489 978 martyrii
1535 925 1728 966 honorem
1743 938 1775 962 10

227 993 374 1034 merito
403 993 632 1045 perderent,
669 993 703 1034 si
724 992 767 1033 in
789 992 994 1034 occasione
1026 993 1217 1046 martyrii
1238 993 1583 1045 praeuaricatores
1607 1006 1731 1035 euan-

223 1061 324 1116 gelii
353 1074 438 1103 esse
468 1062 707 1103 uoluissent.
744 1074 842 1103 nam
871 1062 941 1114 qui
963 1062 1006 1103 id
1028 1062 1135 1115 quod
1165 1062 1288 1103 habet
1315 1074 1395 1102 non
1417 1062 1598 1103 custodit
1621 1062 1663 1103 in
1686 1074 1730 1104 eo

224 1143 271 1172 ex
288 1144 366 1184 quo
388 1131 494 1173 illud
515 1131 709 1184 possidet,
731 1131 830 1172 dum
848 1131 891 1173 id
909 1144 956 1173 ex
974 1144 1051 1184 quo
1074 1131 1256 1185 possidet
1278 1131 1420 1179 uiolat,
1444 1132 1604 1173 amittit
1626 1132 1732 1174 illud

223 1201 332 1253 quod
352 1201 598 1254 possidebat,

185 1273 206 1312 5
278 1269 327 1311 In
348 1282 426 1323 quo
456 1270 541 1310 loco
570 1269 770 1311 maximas
797 1270 877 1311 tibi
906 1269 1036 1323 adque
1064 1270 1209 1311 uberes
1239 1270 1394 1324 gratias
1426 1270 1574 1312 referre
1606 1270 1728 1312 debe·
1745 1285 1775 1310 15

222 1351 315 1380 mus
337 1339 378 1380 et
399 1338 609 1380 reddimus
639 1339 745 1392 quod
774 1339 944 1380 illorum
974 1340 1145 1380 carceris
1174 1339 1361 1380 tenebras
1383 1339 1536 1381 litteris
1558 1340 1642 1380 tuis
1665 1339 1730 1381 in-

224 1407 454 1458 luminasti,
489 1408 596 1461 quod
618 1409 668 1449 ad
690 1408 783 1450 illos
813 1409 965 1449 uenisti
988 1409 1189 1461 quomodo
1211 1409 1381 1450 introire
1402 1409 1590 1462 potuisti,
1623 1409 1730 1461 quod

226 1477 397 1518 illorum
426 1477 583 1519 animos
613 1490 686 1518 sua
707 1477 786 1519 fide
809 1478 849 1518 et
871 1477 1122 1519 confessione
1144 1478 1330 1519 robustos
1353 1478 1436 1519 tuis
1459 1478 1731 1519 adlocutioni-

224 1545 301 1586 bus
330 1546 562 1599 litterisque
584 1546 789 1597 recreasti,
821 1547 928 1599 quod
950 1546 1171 1588 felicitates
1195 1559 1334 1588 eorum
1358 1546 1571 1600 condignis
1593 1547 1730 1588 laudi-

190 1630 194 1634 ’
223 1615 300 1656 bus
329 1616 568 1667 prosecutus
596 1615 818 1657 accendisti
841 1616 891 1656 ad
913 1616 1045 1657 multo
1069 1615 1343 1657 ardentiorem
1366 1616 1552 1657 caelestis
1575 1616 1728 1669 gloriae
1744 1631 1776 1656 20

225 1684 520 1737 cupididatem,
544 1685 651 1737 quod
673 1696 818 1738 pronos
840 1684 1043 1738 inpulisti,
1068 1685 1175 1736 quod
1195 1686 1242 1725 ut
1260 1684 1466 1726 credimus
1486 1686 1526 1725 et
1544 1686 1734 1738 optamus

225 1751 407 1794 uictores
434 1753 594 1794 futuros
629 1753 788 1794 uiribus
820 1754 882 1794 tui
917 1754 1114 1794 sermonis
1151 1753 1367 1794 animasti:
1405 1754 1452 1794 ut
1483 1766 1735 1806 quamquam

223 1822 300 1864 hoc
332 1823 468 1865 totum
503 1823 552 1865 de
583 1822 662 1865 fide
695 1822 977 1864 confitentium
1000 1824 1041 1864 et
1064 1822 1112 1864 de
1135 1822 1275 1863 diuina
1306 1823 1566 1876 indulgentia
1596 1823 1735 1864 uenire

296 2018 314 2050 1
334 2017 559 2062 quamquam]
582 2028 687 2062 quam
706 2017 741 2051 Β
858 2027 994 2051 carcere
1013 2017 1135 2052 BHN
1243 2017 1265 2051 2
1283 2017 1475 2061 dignitatis
1494 2017 1534 2051 H
1539 2018 1549 2035 ¹
1658 2027 1736 2051 con-

225 2074 394 2108 fessiones
417 2076 448 2109 Τ
574 2075 595 2108 3
620 2075 686 2109 fide
705 2075 740 2109 Β
866 2075 1040 2120 gloriosae
1064 2076 1101 2116 Τ,
1134 2075 1288 2118 gloriosa
1313 2087 1332 2109 v
1461 2075 1483 2108 ἵ)
1500 2074 1559 2119 ab]
1591 2074 1634 2108 ad
1652 2074 1696 2107 H

226 2132 246 2165 6
264 2132 432 2176 pudorem
446 2133 489 2166 H
563 2133 781 2166 reuocabunt
799 2133 835 2166 Β
912 2143 955 2166 110
974 2132 1004 2166 si
1022 2133 1108 2173 ΓΗ,
1125 2133 1195 2166 nisi
1215 2132 1384 2167 BLNTv
1463 2132 1566 2166 facile
1585 2143 1650 2165 om.
1670 2143 1690 2166 υ

227 2190 246 2223 7
264 2190 388 2224 ruinae
407 2190 464 2225 Bo
589 2191 804 2224 sarcirentur
821 2202 842 2225 v
966 2191 987 2224 8
1006 2201 1079 2224 csso
1097 2190 1142 2223 H
1260 2192 1381 2224 tenore
1405 2190 1546 2233 scripsi,
1577 2191 1735 2223 tenorem

225 2246 265 2280 F
263 2247 385 2282 HLN
386 2249 426 2291 Τ,
444 2249 546 2282 tenor
564 2248 599 2282 Β
693 2248 853 2292 uigorem
871 2248 913 2282 H
1002 2248 1185 2282 illibatum
1202 2259 1222 2282 v
1329 2249 1349 2282 9
1367 2248 1650 2292 dignitatemque
1668 2259 1688 2281 υ

226 2317 262 2340 se
280 2317 344 2340 om.
364 2306 402 2340 N
518 2306 781 2349 excruciandos]
812 2305 1026 2340 excusandos
1045 2305 1080 2339 B
1197 2305 1241 2339 io
1257 2307 1454 2349 martyrum
1472 2306 1525 2337 Ηι
1643 2304 1684 2337 11
1705 2305 1735 2337 si

226 2363 399 2398 occisione
417 2364 452 2397 Β
523 2364 566 2397 12
585 2374 657 2397 esse
675 2363 874 2397 uoluissent
892 2363 1070 2408 euangelii
1088 2363 1137 2405 H,
1156 2374 1230 2397 esse
1248 2374 1373 2407 cuang.
1393 2374 1426 2396 u.
1446 2363 1480 2396 Β
1552 2373 1619 2406 quo
1642 2363 1688 2396 Τ1

227 2421 266 2454 id
286 2432 350 2455 om.
371 2421 445 2455 ΒΤ
558 2421 698 2455 custodi
716 2421 753 2455 in
771 2432 827 2455 eos
850 2423 882 2454 T
995 2421 1038 2455 13
1055 2420 1223 2465 possidet]
1243 2420 1328 2454 add.
1349 2421 1408 2454 H:
1428 2420 1549 2454 uideat
1568 2419 1689 2453 amitti

227 2479 311 2513 dum
329 2478 366 2512 id
383 2490 423 2512 ex
441 2490 508 2523 quo
524 2479 683 2523 possidet
701 2490 764 2513 om.
785 2479 829 2513 N
923 2479 971 2523 id]
991 2479 1050 2512 hic
1069 2479 1104 2513 Β
1202 2478 1360 2522 possedit
1378 2478 1419 2512 H
1511 2477 1652 2511 amittit
1670 2488 1737 2511 om.

227 2536 348 2578 FHT,
367 2536 480 2570 uiolat
505 2536 620 2571 Oxou.
637 2537 722 2579 fort.
742 2541 837 2571 recte
945 2537 1080 2571 151000
1100 2547 1166 2580 quo
1187 2537 1221 2570 Β
1326 2536 1396 2570 tibi
1415 2547 1478 2570 om.
1500 2535 1536 2569 Β
1630 2536 1673 2569 16
1691 2535 1737 2578 et]

227 2595 269 2628 ut
289 2595 324 2628 Β
424 2594 487 2628 illo
506 2595 541 2628 L
643 2605 797 2628 carceres
820 2595 852 2629 T
959 2594 1115 2628 tenebris
1134 2595 1169 2628 Β
1278 2594 1321 2627 18
1340 2594 1476 2627 animas
1496 2595 1537 2626 H
1625 2592 1738 2626 elocu-

228 2651 388 2686 tionibus
411 2653 443 2687 T
557 2652 600 2686 19
620 2652 729 2686 creati
748 2653 780 2684 B
889 2652 1077 2685 felicitatis
1096 2653 1170 2686 ΒΤ
1277 2652 1436 2695 indignis
1456 2651 1491 2684 Β
1599 2650 1645 2685 20
1661 2660 1740 2694 pro-

228 2711 365 2744 secutos
379 2710 457 2744 NT
546 2710 739 2744 ascendisti
753 2709 789 2743 13
883 2709 1080 2743 ardentiore
1099 2710 1243 2743 caelesti
1258 2709 1293 2743 Β
1385 2710 1428 2742 21
1450 2708 1645 2752 cupiditate
1660 2708 1695 2741 B

226 2769 366 2812 pronos]
386 2768 424 2801 in
442 2779 504 2802 nos
521 2768 603 2803 FH
604 2769 642 2809 Τ,
662 2768 823 2813 pronosit
842 2768 877 2802 Β
983 2767 1168 2811 inpulsisti
1186 2767 1230 2807 L,
1250 2766 1374 2810 polisti
1397 2767 1434 2807 T,
1457 2766 1641 2800 intellectu
1660 2765 1695 2798 Β

228 2826 281 2870 ut]
303 2837 344 2860 uc
362 2826 401 2860 F
490 2826 534 2860 23
553 2825 805 2860 confidentium
826 2825 905 2859 BN
995 2825 1035 2859 de
1054 2836 1118 2859 om.
1140 2825 1176 2858 Β
