1912 3152
286 188 368 228 176
824 183 1020 219 Caecilii
1046 183 1262 228 Cypriani

285 290 412 331 tietur
443 301 515 330 uos
547 287 741 340 temptari
764 299 884 340 super
905 287 1013 340 quod
1033 287 1224 340 potestis,
1258 287 1327 328 sed
1349 287 1471 328 faciet
1492 299 1586 329 cum
1607 287 1786 340 tempta-

284 358 393 399 tione
416 357 541 399 etiam
564 356 762 398 euadendi
784 356 1044 407 facultatem,
1077 357 1124 397 ut
1144 356 1311 408 possitis
1332 356 1516 397 tolerare.

559 459 663 501 NON
694 472 921 510 QVIDQVID
952 471 1085 501 LICET
1116 470 1221 500 ESSE
1251 471 1530 501 FACIENDVM.

218 551 271 591 92
343 540 539 583 Paulus
562 541 833 594 apostolus
856 540 914 581 ad
937 539 1244 581 Corinthios
1266 540 1446 592 prima:
1480 538 1629 580 Omnia
1649 539 1788 589 licent,

285 610 354 651 sed
374 622 455 651 non
477 609 613 650 omnia
634 609 864 662 expediunt.
897 609 1034 650 omnia
1053 608 1192 659 licent,
1216 608 1286 649 sed
1306 620 1385 649 non
1402 608 1538 649 omnia
1560 607 1788 649 aedificant.
1821 625 1836 650 5

449 713 752 754 PRAEDICTVM
784 723 909 761 QVOD
941 722 1171 752 HAERESES
1203 723 1415 753 FVTVRAE
1446 722 1624 753 EssEN'r.

218 805 271 845 93
343 794 537 835 Paulus
569 793 857 846 apostolus:
891 791 1063 845 Oportet
1086 792 1126 833 et
1146 791 1332 833 haereses
1355 804 1454 843 esse,
1477 793 1525 833 ut
1548 793 1588 833 et
1607 791 1677 845 qui
1697 803 1791 845 pro-

285 863 372 904 bati
395 863 490 904 sunt
510 861 719 903 manifesti
740 861 841 902 fiant
861 861 904 902 in
925 860 1054 902 uobis.

362 968 459 1010 CVM
490 980 663 1009 TIMORE
694 979 751 1007 ET
783 978 971 1008 IIONORE
1002 977 1345 1008 EVCHARISTIAM
1377 977 1704 1008 ACCIPIENDAM.

216 1056 269 1096 94
341 1050 397 1090 111
428 1048 686 1089 Leuitico:
720 1047 874 1089 Anima
910 1048 1049 1089 autem
1086 1059 1364 1101 quaecumque
1399 1047 1709 1089 manducauerit
1746 1060 1840 1090 exn>

285 1131 401 1160 carne
439 1117 627 1159 sacrificii
664 1117 857 1158 salutaris
889 1117 996 1170 quod
1030 1118 1091 1158 est
1127 1117 1295 1158 Domini
1332 1117 1373 1158 et
1418 1116 1668 1158 inmunditia
1705 1116 1792 1158 eius

284 1199 404 1240 super
425 1187 563 1240 ipsum
585 1187 666 1236 est,
699 1186 849 1238 peribit
887 1186 1025 1227 anima
1060 1186 1133 1227 illa
1172 1186 1221 1227 de
1253 1186 1403 1239 populo
1440 1197 1524 1226 suo.
1572 1186 1704 1226 Item
1735 1185 1793 1226 ad

284 1255 586 1297 Corinthios
618 1255 802 1309 prima:
837 1254 1092 1308 Quicumque
1129 1255 1438 1296 manducauerit
1470 1268 1616 1308 panem
1653 1255 1693 1295 et
1729 1254 1794 1295 bi-

283 1325 390 1366 berit
426 1325 594 1367 calicem
630 1325 798 1366 Domini
834 1325 1002 1379 indigne
1048 1338 1140 1366 reus
1183 1325 1261 1366 erit
1297 1325 1474 1378 corporis
1511 1326 1551 1367 et
1582 1324 1793 1379 sanguinis

283 1393 464 1435 Domini.
1798 1418 1829 1442 15

450 1486 592 1528 Boms
625 1497 982 1537 CONVIVENDmr,
1016 1497 1166 1527 MALOS
1197 1498 1354 1527 AVTEM
1386 1497 1628 1528 vrrANnos.

217 1569 269 1609 95
340 1566 486 1619 Apud
518 1566 836 1609 Salomonem
858 1567 911 1608 in
933 1567 1262 1609 Prouerbiis:
1294 1567 1356 1608 Ne
1378 1567 1594 1608 adduxeris
1616 1565 1794 1620 impium

284 1634 326 1675 in
347 1635 632 1677 habitaculum
654 1636 871 1677 iustorum.
904 1637 1034 1678 Item
1065 1637 1115 1678 in
1145 1636 1543 1678 Ecclesiastico:
1583 1636 1667 1677 Viri
1689 1635 1790 1678 iusti

285 1704 368 1745 sint
389 1705 468 1746 tibi
491 1706 697 1747 conuiuae.
745 1706 880 1747 Item
912 1705 1056 1747 illic:
1089 1705 1262 1747 Amicus
1284 1706 1416 1747 fidelis
1439 1706 1790 1747 medicamentum

284 1773 395 1815 uitae
418 1774 458 1815 et
480 1773 809 1815 inmortalitatis.
858 1774 988 1815 Item
1019 1774 1158 1815 illic:
1190 1775 1328 1829 Longe
1366 1775 1506 1816 abesto
1542 1776 1591 1816 ab
1628 1775 1792 1816 homine
1806 1788 1839 1814 20

282 1843 529 1895 potestatem
570 1843 745 1885 habente
788 1844 996 1885 occidendi
1048 1842 1103 1899 [et
1146 1856 1225 1885 non
1263 1844 1533 1896 suspicaberis
1567 1841 1789 1899 timorem]

282 1914 420 1955 Item
452 1914 593 1955 illic:
641 1914 756 1955 Felix
795 1914 865 1966 qui
897 1913 1055 1955 inuenit
1087 1914 1268 1955 amicum
1300 1927 1444 1955 uerum
1476 1914 1516 1955 et
1538 1913 1608 1967 qui
1630 1913 1789 1954 enarrat

419 2040 441 2074 4
457 2040 475 2074 I
493 2040 567 2074 Cor.
585 2039 637 2080 10,
655 2040 708 2074 23.
775 2040 794 2072 7
812 2039 830 2073 I
849 2039 923 2074 Cor.
945 2040 997 2081 11,
1015 2040 1067 2073 19.
1133 2040 1177 2073 10
1194 2039 1276 2073 Leu.
1297 2039 1326 2080 7,
1346 2040 1400 2074 20.
1476 2040 1517 2073 13
1535 2039 1552 2073 I
1571 2039 1646 2073 Cor.
1667 2039 1719 2079 11,
1738 2039 1794 2073 ⁶27.

283 2097 323 2130 17
343 2098 444 2131 Pron.
461 2098 517 2139 24,
534 2098 587 2132 15.
649 2098 695 2133 18
715 2098 779 2132 Sir.
795 2099 826 2139 9,
844 2098 896 2132 16.
959 2098 1001 2132 19
1021 2098 1085 2132 Sir.
1101 2098 1132 2139 6,
1145 2098 1196 2131 16.
1257 2099 1303 2132 20
1320 2098 1385 2131 Sir.
1401 2098 1431 2138 9,
1444 2099 1494 2132 13.
1557 2098 1601 2131 22
1619 2097 1749 2138 sun-25,
1761 2097 1791 2130 9.

351 2213 370 2246 1
397 2213 487 2246 illud
506 2213 597 2256 quod
614 2213 666 2253 A,
694 2212 729 2246 id
755 2212 847 2256 quod
866 2214 916 2248 W
915 2213 960 2246 M
968 2240 974 2253 ‚
1001 2213 1063 2246 sed
1080 2213 1121 2246 sin
1136 2214 1183 2247 M
1199 2212 1235 2246 id
1252 2212 1337 2246 aad.
1356 2224 1398 2246 m.
1418 2215 1441 2246 2
1538 2212 1624 2246 ferre
1642 2212 1792 2256 potestis

279 2270 315 2304 A
387 2270 458 2314 sed]
479 2272 515 2304 et-
536 2270 669 2305 WLM
749 2281 827 2304 cum
845 2270 1093 2314 temptatione]
1113 2270 1449 2314 contemplationem
1468 2270 1503 2303 B
1573 2271 1594 2303 2
1620 2268 1791 2303 euadendi

278 2328 502 2372 facultatem]
521 2329 733 2372 prouentum
751 2328 936 2362 facultatis
958 2329 1002 2361 W
1099 2328 1227 2372 positis
1251 2329 1295 2361 W
1399 2328 1420 2360 3
1446 2327 1539 2361 Item
1557 2338 1624 2360 non
1642 2327 1727 2361 LM

277 2385 300 2418 4
325 2385 440 2429 prima
458 2397 522 2419 om.
541 2386 577 2419 A
648 2386 668 2419 (3
694 2386 785 2419 Item
803 2385 1023 2429 praedictum
1043 2385 1129 2419 lel
1203 2385 1335 2418 heresis
1354 2384 1438 2419 LJI
1512 2385 1530 2417 7
1557 2387 1592 2418 et
1610 2396 1673 2418 om.
1690 2384 1725 2417 B

279 2443 364 2487 esse]
385 2454 420 2476 se
438 2443 471 2476 A
542 2444 583 2476 ut
600 2444 640 2476 ut
658 2443 693 2477 L
763 2444 798 2477 et
816 2443 877 2486 qui
895 2443 1035 2487 probati
1054 2444 1137 2476 sunt
1154 2443 1204 2483 A,
1231 2442 1373 2486 probati
1393 2443 1441 2478 W
1443 2442 1582 2476 LMB0
1660 2442 1681 2476 S
1705 2442 1793 2475 fiant

277 2500 330 2541 A,
359 2500 433 2533 siut
452 2500 642 2535 WLMBU
723 2501 744 2534 9
771 2501 989 2534 eucharistia
1006 2501 1042 2534 B
1114 2501 1156 2534 11
1183 2499 1345 2534 dominus
1363 2500 1398 2533 R
1469 2499 1556 2544 eius]
1576 2499 1686 2543 ipsius
1707 2511 1724 2534 υ

283 2558 325 2591 12
343 2558 409 2602 est]
430 2560 465 2591 et
482 2559 532 2592 W
602 2558 644 2592 13
663 2558 792 2602 prima]
813 2585 818 2592 .
840 2558 877 2591 Π
896 2585 902 2591 .
921 2558 957 2591 A
1028 2558 1089 2602 qui
1103 2558 1138 2591 B
1201 2557 1468 2591 manducauerit
1482 2558 1526 2598 A,
1546 2556 1734 2590 comederit
1743 2557 1789 2597 B,

278 2615 391 2648 ederit
408 2615 558 2650 WLMv
628 2617 664 2649 ct
681 2615 732 2656 A,
761 2617 823 2649 aut
844 2615 1028 2650 WLMBv
1100 2615 1142 2649 16
1169 2615 1445 2648 conueniendum
1464 2627 1483 2649 1·
1555 2615 1668 2648 malus
1687 2614 1722 2647 A

281 2673 322 2706 17
350 2673 512 2706 aduxeris
530 2673 566 2706 A
637 2673 681 2706 18
706 2672 910 2706 habitaculo
932 2673 981 2707 W
1051 2673 1139 2706 item
1157 2672 1249 2716 apud
1267 2672 1414 2706 eundem
1433 2685 1452 2707 v
1539 2672 1624 2705 uiri.
1641 2699 1647 2706 .
1665 2699 1672 2706 .
1688 2683 1783 2706 .con-

278 2730 391 2763 uiuae.
418 2731 512 2764 Item
530 2730 607 2764 illic
620 2731 730 2774 ponit
752 2731 802 2765 W
812 2734 895 2773 post
914 2731 999 2763 item
1018 2730 1094 2764 illic
1112 2731 1133 2764 l.
1153 2732 1204 2763 20
1289 2731 1334 2763 21)
1359 2732 1413 2764 est
1431 2730 1527 2763 uitae
1548 2731 1599 2765 W
1666 2732 1702 2763 ct
1719 2741 1783 2764 om.

284 2787 368 2821 11'13
439 2788 642 2822 mortalitas
661 2788 697 2822 Β
782 2788 825 2821 21
851 2787 1042 2821 habentem
1060 2788 1185 2829 ΑΕΒ,
1204 2798 1229 2821 s.
1250 2788 1270 2821 l.
1292 2799 1332 2821 m.
1352 2792 1375 2822 2
1396 2789 1437 2820 W
1520 2789 1569 2821 et.
1586 2814 1592 2820 .
1610 2787 1789 2821 timorem

277 2856 340 2878 om.
353 2845 511 2879 AU'LL'
581 2846 626 2880 ‘22
643 2846 741 2889 felix]
757 2845 882 2879 beatus
892 2845 957 2879 Μυ
1021 2856 1142 2879 uerum
1161 2845 1313 2879 amicum
1329 2845 1490 2879 WLML‘
1553 2846 1588 2878 et
1605 2855 1669 2879 om.
1686 2845 1721 2878 B
