1838 3152
160 232 241 274 796
694 229 882 264 Caecilii
908 229 1123 274 Cypriani

159 335 302 386 utpote
353 333 423 385 qui
474 333 735 385 baptizentur
786 333 1084 387 gloriosissimo
1134 335 1174 375 et
1223 335 1401 376 maximo
1454 334 1664 388 sanguinis

161 402 382 454 baptismo⁷
415 401 463 441 de
493 412 570 452 quo
594 400 633 441 et
655 400 856 441 Dominus
888 399 1049 441 dicebat
1079 400 1226 441 habere
1248 412 1289 441 se
1311 401 1426 441 aliud
1455 401 1662 454 baptisma

160 470 373 523 baptizari.
398 468 597 523 sanguine
619 469 757 509 autem
781 480 852 509 suo
875 468 1103 520 baptizatos
1126 469 1166 509 et
1182 469 1367 521 passione
1389 470 1664 511 sanctificatos

161 538 438 581 consummari
460 538 499 578 et
522 537 686 578 diuinae
718 537 1028 589 pollicitationis
1059 537 1236 591 gratiam
1266 539 1454 590 consequi
1485 539 1665 580 declarat

158 609 201 649 in
224 607 439 662 euangelio
460 607 571 647 idem
589 606 804 656 Dominus,
828 605 990 658 quando
1013 606 1064 647 ad
1085 607 1288 648 latronem
1310 607 1352 647 in
1372 607 1460 659 ipsa
1480 608 1666 660 passione
1682 626 1695 647 5

159 677 392 719 credentem
415 676 456 717 et
478 675 741 716 confitentem
770 675 953 727 loquitur
983 676 1023 716 et
1053 675 1159 727 quod
1189 688 1326 717 secum
1355 676 1518 717 futurus
1549 677 1603 717 sit
1624 678 1666 718 in

158 745 348 799 paradiso
382 744 612 798 pollicetur.
649 745 896 797 quapropter
928 743 998 796 qui
1032 743 1128 785 fidei
1151 745 1191 785 et
1212 744 1380 785 ueritati
1413 757 1665 799 praesumus,

160 826 226 855 eos
259 814 328 866 qui
365 814 414 854 ad
449 814 573 854 fidem
596 815 636 854 et
658 813 880 854 ueritatem
911 812 1084 853 ueniunt
1106 814 1147 854 et
1169 814 1337 866 agentes
1369 813 1667 866 paenitentiam

160 882 320 923 remitti
351 882 430 923 sibi
461 882 626 935 peccata
657 882 893 934 deposcunt,
925 882 1109 934 decipere
1130 894 1210 923 non
1232 882 1424 923 debemus
1447 883 1487 923 et
1509 883 1666 933 fallere,

160 952 231 992 sed
266 952 467 993 correctos
490 964 512 991 a
534 951 649 992 nobis
676 964 721 991 ac
743 950 985 992 reformatos
1018 951 1069 991 ad
1100 963 1269 1005 regnum
1305 952 1508 992 caelorum
1543 951 1667 993 disci-
1684 969 1715 993 ιο

159 1020 286 1073 plinis
312 1020 558 1061 caelestibus
581 1020 754 1061 erudire.

88 1094 142 1134 23
216 1088 295 1130 Sed
325 1089 426 1130 dicit
456 1089 627 1141 aliquis:
657 1084 770 1141 ‘quid
801 1101 894 1142 ergo
925 1089 995 1130 fiet
1018 1089 1066 1130 de
1088 1089 1151 1130 his
1174 1089 1244 1141 qui
1266 1088 1309 1130 in
1329 1089 1597 1141 praeteritum
1619 1089 1668 1131 de

158 1158 320 1199 haeresi
357 1158 408 1199 ad
445 1159 660 1199 ecclesiam
701 1159 910 1199 uenientes
953 1158 1038 1199 sine
1077 1158 1283 1211 baptismo
1319 1158 1489 1199 admissi
1525 1152 1666 1200 suntP’

159 1227 302 1279 potens
337 1228 399 1268 est
421 1228 622 1268 Dominus
652 1227 933 1268 misericordia
964 1239 1037 1269 sua
1068 1227 1372 1281 indulgentiam
1406 1227 1500 1268 dare
1530 1228 1570 1268 et
1603 1239 1668 1268 eos

161 1296 230 1348 qui
265 1296 316 1337 ad
349 1296 564 1338 ecclesiam
598 1296 843 1349 simpliciter
874 1295 1044 1337 admissi
1073 1296 1116 1354 in
1137 1296 1308 1337 ecclesia
1340 1296 1595 1337 dormierunt
1617 1295 1666 1336 ab
1684 1313 1713 1337 15

162 1365 355 1406 ecclesiae
377 1378 474 1406 suae
495 1365 734 1406 muneribus
757 1377 835 1406 non
858 1378 1057 1419 separare.
1079 1379 1158 1407 non
1179 1366 1318 1407 tamen
1335 1366 1431 1418 quia
1447 1365 1666 1418 aliquando

161 1434 343 1474 erratum
375 1434 450 1484 est,
485 1434 573 1474 ideo
607 1446 767 1488 semper
788 1435 1008 1475 errandum
1031 1436 1105 1484 est,
1138 1447 1230 1475 cum
1253 1435 1387 1489 magis
1410 1435 1667 1488 sapientibus
1703 1460 1705 1463 -

160 1502 200 1542 et
229 1502 363 1543 Deum
394 1503 640 1545 timentibus
673 1506 871 1558 congruat
903 1504 1133 1557 patefactae
1165 1505 1205 1545 et
1233 1505 1466 1557 perspectae
1499 1504 1669 1545 ueritati

159 1571 336 1613 libenter
377 1573 509 1625 adque
550 1573 832 1614 incunctanter
873 1574 1040 1626 obsequi
1077 1586 1200 1625 quam
1236 1573 1500 1626 pertinaciter
1536 1573 1667 1625 adque

159 1639 365 1682 obstinate
414 1643 553 1683 contra
602 1642 750 1684 fratres
793 1644 833 1684 et
876 1644 1016 1684 contra
1064 1643 1293 1684 sacerdotes
1334 1654 1406 1695 pro
1447 1641 1663 1683 haereticis
1681 1654 1715 1679 ρο

160 1709 368 1751 reluctari.

91 1782 144 1821 24
216 1778 302 1820 Nec
341 1781 558 1832 quisquam
599 1782 807 1822 existimet
843 1781 1083 1832 haereticos,
1122 1794 1166 1823 eo
1200 1781 1307 1834 quod
1340 1782 1426 1822 illis
1461 1780 1668 1833 baptisma

160 1848 391 1900 opponitur,
422 1849 538 1901 quasi
569 1849 735 1890 secundi
765 1849 964 1902 baptismi
994 1850 1192 1891 uocabulo
1224 1850 1515 1892 scandalizatos
1545 1850 1592 1889 ut
1615 1847 1666 1889 ad

297 1984 318 2017 2
344 1985 386 2017 cf.
415 1984 494 2018 Luc.
524 1985 578 2026 12,
603 1985 657 2018 50.

229 2099 247 2131 1
266 2099 395 2143 utputa
414 2100 443 2133 C
459 2111 478 2133 a
497 2111 541 2133 ω)
559 2111 578 2133 o
704 2100 905 2143 baptizetur
923 2100 957 2134 L
1082 2101 1117 2134 et
1135 2111 1179 2134 eac
1197 2101 1238 2133 ut
1260 2101 1292 2134 T
1412 2099 1433 2133 2
1452 2100 1486 2131 et
1504 2108 1567 2131 om.
1588 2097 1616 2131 ζ’

158 2145 294 2192 dffi'P
445 2158 466 2190 3
485 2156 662 2200 baptizari
681 2168 705 2190 s.
726 2168 755 2190 a.
776 2167 836 2190 suo
855 2167 919 2191 om.
940 2157 969 2192 C
1115 2168 1176 2191 suo
1194 2168 1258 2192 om.
1279 2158 1313 2191 L
1458 2155 1663 2199 baptizatus

159 2217 194 2248 et
215 2215 286 2256 ΒΟ,
315 2214 496 2259 baptizato
516 2214 574 2248 sed
593 2215 627 2248 L
813 2214 1054 2249 sanctificatus
1074 2216 1141 2250 BG
1325 2216 1347 2248 4
1365 2214 1522 2249 declarat
1539 2213 1603 2247 hoc
1622 2224 1667 2246 ea:

158 2272 396 2306 declaratione
416 2272 444 2306 (ss'
603 2272 622 2305 7
641 2271 707 2305 fide
727 2272 773 2306 (2¹2
933 2273 1083 2306 ueritate
1103 2273 1168 2307 GP
1321 2271 1579 2316 praesumimus
1598 2270 1626 2304 (J

159 2331 181 2364 8
200 2329 316 2374 fidem]
337 2329 441 2363 finem
459 2330 493 2363 L
633 2330 677 2363 10
694 2332 867 2363 corrector
888 2330 916 2364 C
923 2332 931 2348 ¹
1070 2341 1109 2364 ac
1127 2341 1191 2364 om.
1211 2330 1257 2370 B,
1275 2331 1310 2363 et
1328 2330 1357 2364 G
1371 2331 1387 2363 t
1405 2340 1432 2363 s.
1451 2329 1471 2363 l.
1612 2327 1671 2361 de-

159 2387 333 2422 formatos
353 2388 388 2422 R
471 2386 474 2388 ’
562 2387 604 2420 11
623 2387 755 2421 erudiri
774 2388 889 2421 BLN
891 2389 923 2422 T
1095 2388 1138 2421 12
1156 2387 1214 2421 sed
1231 2387 1321 2421 dicit
1338 2391 1400 2421 etc.
1420 2387 1497 2420 exh.
1517 2386 1668 2430 Auyust.

159 2446 179 2479 l.
201 2457 228 2479 c.
250 2445 324 2479 ΙΙΙ
337 2448 379 2488 7,·
404 2445 437 2479 V
449 2448 480 2488 17
498 2448 532 2488 2,
552 2446 600 2478 39
748 2445 842 2479 dicet
858 2445 893 2479 P
1037 2445 1099 2479 fiet
1116 2446 1152 2478 et
1170 2445 1199 2479 C
1336 2444 1377 2478 de
1395 2443 1511 2478 heresi
1529 2443 1613 2477 add.
1633 2443 1677 2478 N

158 2503 201 2536 in
219 2513 346 2546 marg„
364 2502 487 2536 debere
506 2503 549 2543 L,
570 2501 694 2536 debere
712 2502 743 2536 si
762 2502 805 2536 0¹
976 2503 1017 2537 13
1034 2502 1215 2547 baptisma
1233 2502 1345 2536 LNP
1361 2501 1423 2545 (ef.
1440 2512 1477 2545 Ρ.
1499 2501 1624 2544 788,8)

160 2560 203 2594 15
221 2560 265 2594 ad
283 2560 480 2604 ecclesiam]
499 2560 544 2594 ad
562 2560 591 2594 C
605 2560 668 2594 sed
688 2570 766 2603 emp.
786 2571 830 2594 m.
849 2563 893 2604 2,·
912 2560 1061 2594 ueniunt
1079 2560 1165 2594 add.
1187 2560 1220 2593 B
1384 2559 1426 2593 16
1444 2569 1605 2602 separare
1625 2568 1670 2592 em

160 2628 302 2662 sperare
323 2619 356 2652 T
470 2618 569 2662 quia]
588 2618 650 2661 qui
668 2618 735 2652 BC
741 2619 750 2635 ¹
875 2618 917 2651 17
936 2617 1135 2662 errandum]
1155 2617 1192 2651 id
1210 2618 1328 2651 ratum
1348 2617 1383 2650 B
1508 2616 1550 2650 18
1568 2617 1668 2659 pate-

159 2676 254 2709 facta
273 2675 319 2710 C²
463 2676 510 2720 et]
531 2686 570 2709 ac
588 2676 623 2709 L
762 2677 946 2720 perspecta
965 2676 1025 2717 Οἳ,
1044 2675 1223 2719 profectae
1241 2676 1276 2709 B
1421 2673 1576 2708 ueritate
1595 2673 1624 2707 (J

161 2732 203 2766 19
221 2732 382 2776 obsequi]
398 2733 472 2767 add
490 2733 536 2767 C:
557 2744 664 2776 quain
681 2733 915 2777 pertinaciter
933 2733 1089 2777 obsequi,
1109 2744 1190 2776 emp.
1210 2744 1254 2767 m.
1273 2734 1298 2766 2
1421 2732 1466 2765 20
1483 2731 1669 2765 obstinan-

160 2791 215 2823 ter
241 2790 285 2824 N
486 2793 607 2824 contra
633 2790 844 2835 sacerdotes]
876 2790 1138 2824 consacerdotes
1166 2790 1291 2825 BCNv
1320 2789 1382 2823 sed
1407 2789 1436 2823 C
1460 2799 1523 2823 con
1547 2799 1573 2822 s.
1599 2788 1620 2821 Z.

159 2847 203 2880 21
223 2847 396 2881 reluctare
415 2858 457 2880 ne
477 2848 521 2882 (Ιι
660 2848 705 2881 23
723 2847 982 2882 scandalizatus
1005 2849 1038 2882 T
