1838 3152
580 236 789 281 Epistula
814 236 1151 271 LV11.—-·LVIII.
1528 239 1609 281 657

109 354 217 383 nunc
248 342 289 383 et
319 340 489 382 ferocior
526 353 663 395 pugna
693 340 903 391 imminet,
947 341 998 382 ad
1041 354 1166 395 quam
1195 341 1274 383 fide
1305 341 1541 395 incorrupta
1571 342 1614 384 et

110 410 267 452 uirtute
293 409 462 452 robusta
481 421 624 463 parare
655 422 697 451 se
727 408 901 451 debeant
931 409 1087 451 milites
1110 409 1277 461 Christi,
1311 411 1612 452 considerantes

110 478 261 520 idcirco
292 491 335 520 se
365 477 514 519 cotidie
545 478 714 520 calicem
745 477 957 531 sanguinis
986 476 1141 520 Christi
1162 478 1301 520 bibere
1322 481 1370 520 ut
1391 479 1551 533 possint
1571 480 1614 520 et

116 546 196 600 ipsi
227 548 394 600 propter
424 545 633 588 Christum
666 546 909 602 sanguinem
940 545 1124 589 fundere.
1167 547 1242 589 hoc
1273 548 1335 589 est
1366 549 1474 590 enim
1507 547 1615 589 uelle

82 629 97 654 s
112 626 206 656 cum
237 612 399 656 Christo
420 614 608 664 inueniri,
642 615 684 657 id
706 615 813 668 quod
837 614 1029 658 Christus
1051 616 1092 657 et
1114 615 1253 658 docuit
1275 617 1315 657 ct
1337 616 1436 658 fecit
1458 616 1616 658 imitari

112 682 336 724 secundum
375 683 599 725 Iohannem
638 684 870 737 apostolum
910 684 1115 726 dicentem
1128 699 1137 726 :
1180 697 1205 738 q
1216 698 1242 726 u
1254 684 1267 725 i
1307 685 1387 726 dic
1399 685 1412 726 i
1425 687 1443 727 t
1485 699 1503 727 s
1513 698 1534 727 e
1566 685 1617 726 in

112 749 320 792 Christo
362 764 579 802 manere,
619 752 772 794 debet
809 752 1057 806 quomodo
1098 753 1193 795 ille
1232 753 1529 795 ambulauit
1569 753 1619 795 et

112 818 162 872 ip
173 833 191 861 s
201 831 221 860 e
260 832 283 861 a
293 833 334 861 m
345 819 369 860 b
380 821 464 862 ula
473 834 492 862 r
502 833 535 862 e.
578 820 679 862 item
718 821 873 862 Paulus
911 821 1119 874 apostolus
1160 821 1398 863 exhortatur
1428 823 1470 863 et
1501 822 1619 863 docet

113 887 274 929 dicens:
307 902 481 930 sumus
512 889 622 930 filii
645 889 749 930 Dei.
782 889 824 930 si
855 891 1023 932 autem
1044 889 1158 932 filii
1189 892 1239 932 et
1269 890 1483 932 heredes
1504 890 1619 941 Dei,

0 990 1 998 2
69 975 102 1000 ιο
116 956 392 1001 coheredes
423 958 591 1000 autem
623 957 839 1009 Christi,
885 959 1146 1013 siquidem
1176 959 1536 1013 conpatiamur
1567 959 1621 1001 ut

114 1026 163 1067 et
193 1026 701 1080 conmagnificemur.

175 1092 287 1145 Quae
309 1107 415 1136 nunc
435 1095 573 1137 omnia
594 1095 885 1138 consideranda
905 1098 1002 1139 sunt
1022 1097 1159 1151 nobis,
1193 1098 1240 1139 ut
1261 1109 1380 1139 nemo
1402 1097 1622 1150 quicquam
1637 1097 1661 1136 2

117 1162 167 1204 de
198 1163 358 1204 saeculo
390 1163 473 1205 iam
504 1163 703 1207 moriente
733 1165 950 1216 desideret,
982 1166 1052 1207 sed
1075 1168 1273 1219 sequatur
1293 1165 1518 1216 Christum,
1551 1166 1623 1219 qui

120 1232 162 1272 et
193 1231 303 1273 uiuit
332 1231 375 1273 in
406 1232 618 1274 aeternum
648 1235 689 1275 et
711 1233 900 1276 uiuificat
921 1247 1059 1277 seruos
1082 1247 1175 1277 suos
1197 1235 1240 1277 in
1261 1235 1340 1277 fide
1361 1236 1425 1278 sui
1446 1235 1624 1277 nominis

71 1320 103 1345 ιε,
118 1301 375 1343 constitutos.
417 1301 531 1343 uenit
559 1302 669 1344 enim
698 1304 874 1356 tempuS,
907 1304 1054 1346 fratres
1091 1303 1367 1355 dilectissimi,
1401 1304 1510 1358 quod
1540 1304 1625 1345 iam

116 1370 277 1423 pridem
298 1370 500 1411 Dominus
523 1371 660 1413 noster
680 1373 990 1425 praenuntiauit
1019 1374 1060 1415 et
1089 1373 1229 1415 docuit
1250 1373 1442 1415 aduenire
1464 1373 1625 1415 dicens:

118 1438 293 1481 ueniet
338 1439 460 1482 hora
506 1442 560 1482 ut
606 1442 768 1483 omnis
821 1442 905 1495 qui
957 1454 1041 1483 uos
1087 1442 1343 1484 occiderit
1380 1442 1533 1496 putet
1577 1453 1627 1483 se

120 1507 362 1550 officium
394 1509 497 1551 Deo
529 1509 707 1552 facere.
746 1510 832 1552 sed
870 1510 962 1553 hoc
1001 1510 1219 1561 facient,
1265 1511 1504 1564 quoniam
1534 1523 1627 1553 non

124 1580 477 1631 cognouerunt
515 1580 714 1633 patrem
751 1593 911 1634 neque
942 1594 1030 1622 me.
1062 1580 1184 1623 haec
1217 1582 1388 1623 autem
1419 1581 1628 1622 locutus

77 1659 232 1692 20sum
265 1647 411 1690 uobis
441 1649 497 1689 ut
518 1662 627 1690 cum
648 1649 850 1691 uenerit
870 1649 990 1691 hora
1012 1662 1204 1700 eorum,
1236 1661 1483 1691 memores
1505 1648 1628 1690 sitis

123 1715 243 1767 quia
273 1727 361 1770 ego
392 1716 499 1758 dixi
531 1717 691 1759 uobis.
725 1730 798 1759 nec
829 1718 1048 1771 quisquam
1078 1718 1255 1760 miretur
1275 1717 1629 1771 persecutionibus

121 1795 194 1825 nos
225 1784 408 1826 adsiduis
439 1786 609 1840 fatigari
641 1787 682 1828 et
712 1787 915 1841 pressuris
946 1787 1191 1841 angentibus
1222 1787 1455 1840 frequenter
1476 1785 1628 1841 urgeri,

123 1853 282 1905 quando
305 1854 403 1896 haec
425 1855 564 1896 sutura
585 1855 627 1896 in
648 1856 886 1898 nouissimis
908 1856 1163 1910 temporibus
1180 1856 1382 1897 Dominus
1401 1857 1496 1898 ante
1512 1867 1631 1910 prae-

124 1920 273 1963 dixerit
306 1923 346 1963 et
377 1923 573 1965 militiam
604 1925 787 1966 nostram
819 1924 1058 1979 magisterio
1091 1926 1131 1966 et
1162 1924 1420 1966 hortamento
1452 1924 1514 1965 sui
1546 1936 1631 1964 ser-

79 2010 111 2034 25
130 1990 262 2031 monis
294 1990 554 2041 instruxerit,
595 1992 743 2034 Petrus
759 2005 934 2046 -quoque
966 1993 1174 2046 apostolus
1207 1993 1293 2034 eius
1325 1992 1510 2034 docuerit
1540 1992 1633 2033 ideo

263 2176 284 2209 6
312 2175 326 2208 1
355 2175 401 2209 lo.
429 2175 460 2217 2,
488 2177 518 2210 6.
615 2178 636 2210 9
662 2177 761 2210 Rom.
787 2176 819 2211 8.
847 2176 901 2216 16,
928 2176 980 2210 17.
1076 2175 1118 2209 17
1145 2175 1194 2210 Io.
1221 2176 1275 2216 16,
1300 2175 1400 2210 2-4,

201 2338 218 2370 1
239 2337 416 2382 imminet}
444 2338 573 2372 fratres
597 2337 824 2371 dilectissimi
842 2337 925 2371 add.
952 2337 984 2371 V
1111 2338 1133 2370 2
1151 2336 1200 2381 sc]
1220 2346 1282 2370 uos
1307 2336 1337 2380 Q
1466 2335 1489 2369 4
1507 2334 1634 2369 christi

128 2395 212 2440 ΒΨ
233 2395 421 2439 (christum
440 2395 549 2441 MQ²)
675 2395 867 2429 funderant
887 2395 936 2430 Β·
1062 2396 1115 2428 cst
1133 2394 1240 2439 enim]
1265 2395 1361 2427 stent
1380 2393 1414 2427 B
1545 2392 1567 2427 5
1585 2392 1636 2436 id]

131 2452 161 2486 si
189 2452 224 2487 id
244 2452 278 2487 R
395 2455 430 2488 et
455 2453 587 2497 docuit]
615 2453 734 2487 docuit
755 2452 784 2498 Q
898 2452 921 2486 8
938 2452 1063 2496 paulus
1089 2452 1213 2486 beatus
1239 2451 1419 2496 apostolus
1438 2450 1521 2491 BP,
1552 2461 1636 2494 apo·

131 2510 244 2544 stolus
262 2510 388 2554 paulus
408 2510 448 2555 Q,
466 2510 591 2554 paulus
609 2511 645 2546 R
773 2510 990 2554 exhortatur]
1010 2511 1197 2554 exoptatur
1215 2509 1251 2544 R
1389 2508 1410 2541 9
1432 2509 1551 2542 autem
1569 2506 1637 2540 filii

131 2568 325 2613 BPQRV,
352 2570 470 2602 autem
496 2567 562 2602 filii
579 2568 636 2603 dei
660 2579 680 2603 v
826 2567 883 2602 dei
909 2566 1093 2602 coheredes
1112 2578 1175 2600 om.
1197 2566 1233 2601 R
1373 2566 1412 2599 11
1432 2564 1637 2609 magnifice-

132 2637 211 2660 mur
229 2626 264 2661 R
383 2626 425 2659 12
442 2637 462 2659 a
478 2625 580 2660 nobis
600 2626 635 2660 P
751 2628 791 2659 ut
808 2636 873 2660 om.
893 2625 926 2660 R
1052 2625 1094 2658 13
1112 2623 1319 2657 morientem
1338 2623 1374 2657 R
1491 2631 1638 2665 sequan-

134 2686 194 2718 tur
210 2683 245 2717 B
386 2684 428 2718 14
442 2684 477 2717 ct
492 2683 597 2728 uiuit]
613 2683 708 2717 uiuit
721 2694 741 2718 υ
882 2683 924 2716 15
938 2682 1056 2716 ueniet
1071 2682 1106 2716 R
1246 2680 1288 2714 16
1302 2680 1420 2714 noster
1439 2689 1502 2713 om.
1519 2678 1596 2713 RV

132 2741 265 2786 dicens]
284 2741 409 2776 doeens
429 2753 446 2775 v
586 2741 627 2775 17
647 2740 746 2775 uenit
762 2740 797 2774 R
936 2741 977 2774 18
994 2739 1162 2783 officium]
1181 2737 1388 2781 obsequium
1406 2747 1427 2771 v
1558 2735 1637 2779 hoc}

133 2800 220 2834 haec
239 2811 258 2834 v
379 2800 422 2833 19
440 2800 613 2832 nonerunt
635 2798 668 2832 V
787 2798 829 2832 21
849 2798 945 2843 quia]
964 2808 1052 2841 quae
1072 2797 1144 2830 BP
1267 2794 1312 2828 22
1330 2793 1520 2838 agentibus
1539 2792 1622 2827 ΒΜ
1630 2793 1640 2810 “

135 2857 366 2903 (angentibus
384 2857 428 2891 Μ
433 2856 492 2901 Ὦ)
587 2856 631 2890 23
648 2855 869 2900 praedixerat
887 2855 922 2889 B
1014 2854 1058 2888 25
1078 2855 1153 2887 eius
1171 2862 1235 2887 om.
1262 2852 1293 2886 V

273 2929 339 2958 111.
1308 2910 1365 2950 42
