1912 3152
289 207 372 249 334
819 203 1009 239 Caecilii
1042 205 1255 249 Cypriani

288 310 331 351 et
352 308 547 350 fiduciam
568 307 758 360 loquendi
781 308 851 361 qui
873 308 915 350 in
932 307 1128 350 Numeris
1150 309 1346 351 aduersus
1368 308 1538 351 Balaam
1557 308 1799 360 prophetam

292 378 417 419 etiam
439 376 596 418 asinam
618 376 760 418 fecerit
781 377 906 430 loqui.
930 390 1054 430 quare
1076 377 1118 418 in
1138 377 1489 431 persecutionibus
1506 390 1625 419 nemo
1643 377 1797 432 cogitet

292 446 399 499 quod
435 445 665 499 periculum
701 444 889 487 diabolus
928 446 1127 499 inportet,
1161 446 1230 488 sed
1264 445 1391 487 immo
1431 445 1659 488 consideret
1692 445 1798 498 quod

292 514 495 556 auxilium
525 514 634 555 Deus
669 515 870 567 praestet,
903 527 975 555 nec
1011 515 1193 556 mentem
1230 514 1451 556 labefactet
1479 514 1659 555 humana
1695 514 1800 555 infe-

293 582 418 625 statio
438 615 446 634 ‚
491 582 560 624 sed
582 583 811 624 corroboret
832 582 955 624 fidem
978 583 1118 624 diuina
1139 583 1336 637 protectio
1356 615 1364 634 ‚
1400 583 1558 636 quando
1581 582 1800 635 unusquis·
1832 595 1845 618 5

294 665 371 706 que
393 652 616 694 secundum
647 652 851 694 dominica
887 652 1088 705 promissa
1125 653 1166 693 et
1201 651 1294 693 fidei
1332 664 1428 693 suae
1459 651 1608 693 merita
1639 651 1802 692 tantum

295 721 469 775 accipiat
505 720 553 762 de
588 720 663 762 Dei
701 732 773 774 ope
811 722 1011 773 quantum
1047 733 1088 762 se
1118 721 1256 763 credat
1284 720 1482 773 accipere,
1524 733 1597 762 nec
1619 720 1674 762 sit
1696 721 1803 773 quod

296 789 551 842 omnipotens
587 791 794 842 praestare
816 801 894 830 non
915 789 1065 842 possit,
1108 789 1188 831 nisi
1211 789 1244 830 si
1268 789 1505 843 accipientis
1527 789 1627 831 fides
1651 789 1801 831 caduca

296 858 504 900 defecerit.

294 962 425 1004 ANTE
458 973 752 1003 PRAEDICTVM
785 972 890 1003 ESSE
923 974 1047 1011 QVOD
1079 973 1165 1004 NOS
1196 973 1385 1004 MVNDVS
1408 973 1520 1004 ODIO
1543 971 1802 1003 IIABITVRVS
1818 973 1848 998 10

295 1042 431 1072 ESSET
462 1043 518 1071 ET
558 1042 683 1080 QVOD
727 1042 1095 1072 PERSECVTIONES
1133 1042 1382 1072 ADVERSVM
1421 1041 1505 1072 NOS
1544 1042 1803 1072 EXCITARET

295 1112 352 1141 ET
394 1111 519 1149 QVOD
561 1111 691 1141 NIHIL
730 1111 891 1141 NOVVM
933 1111 1221 1141 CHRISTIANIS
1252 1111 1470 1149 ACCIDAT,
1518 1111 1705 1149 QVANDO
1745 1112 1802 1140 AB

354 1180 499 1210 INITIO
531 1181 681 1210 MVNDI
713 1180 821 1210 BONI
861 1180 1216 1210 LABORAVERINT
1257 1180 1313 1209 ET
1347 1178 1557 1210 OPPRESSI
1591 1180 1745 1217 ADQVE

675 1248 820 1279 OCCISI
852 1248 952 1279 SINT
983 1248 1101 1279 IVSTI
1131 1250 1190 1278 AB
1221 1248 1428 1278 INIVSTIS.

232 1323 276 1363 ll
353 1317 553 1359 Dominus
590 1318 632 1359 in
669 1318 882 1373 euangelio
918 1319 1155 1371 praemonet
1192 1318 1232 1359 et
1268 1317 1533 1370 praenuntiat
1570 1317 1727 1358 dicens:
1761 1316 1845 1357 Si15

296 1387 518 1429 mundus
549 1398 636 1428 uos
668 1387 802 1438 odit7
837 1387 1034 1429 scitote
1078 1387 1325 1440 quoniam
1356 1399 1429 1428 me
1472 1386 1634 1440 primo
1677 1385 1799 1426 odit.

294 1456 335 1498 si
367 1456 423 1498 de
455 1457 637 1498 mundo
669 1457 881 1507 essetiS‚
915 1457 1135 1498 mundus
1167 1457 1296 1509 quod
1329 1468 1472 1497 suum
1505 1456 1644 1497 esset
1675 1467 1804 1496 ama-

294 1526 391 1567 ret:
445 1526 529 1567 sed
576 1524 693 1578 quia
739 1525 796 1567 de
840 1526 1021 1567 mundo
1053 1538 1146 1567 non
1181 1525 1306 1567 estis
1339 1527 1390 1566 et
1421 1536 1509 1579 ego
1542 1523 1679 1578 elegi
1712 1535 1802 1566 uos

295 1594 356 1635 de
388 1594 592 1645 mundo,
644 1595 924 1648 propterea
963 1594 1075 1636 odit
1114 1606 1202 1636 uos
1232 1594 1460 1635 mundus.
1494 1593 1803 1634 mementote

295 1674 583 1705 sermonem
617 1675 760 1715 quem
791 1662 897 1704 dixi
938 1663 1105 1705 uobis:
1157 1658 1268 1705 ‘non
1308 1665 1383 1705 est
1423 1675 1601 1704 seruus
1640 1662 1845 1705 maior20

294 1732 496 1774 domino
519 1724 636 1773 suo.'
668 1732 709 1773 si
741 1744 814 1773 me
845 1733 1107 1785 persecuti
1140 1734 1280 1783 sunt,
1314 1734 1361 1773 et
1392 1743 1479 1772 uos
1501 1744 1803 1785 persequen-

294 1801 390 1842 tur.
443 1802 483 1843 et
515 1801 687 1843 iterum:
736 1802 915 1843 ueniet
953 1802 1103 1853 hora,
1154 1803 1208 1843 ut
1239 1801 1406 1842 omnis
1440 1801 1524 1853 qui
1556 1813 1641 1843 uos
1673 1801 1802 1843 occi-

295 1869 432 1911 derit
463 1871 615 1922 putet
647 1882 694 1911 se
726 1869 967 1912 officium
990 1871 1093 1912 Deo
1126 1872 1310 1912 facere:
1344 1870 1427 1911 sed
1459 1870 1549 1911 hoc
1580 1870 1801 1921 facient,

295 1938 533 1991 quoniam
563 1951 658 1980 non
703 1941 1056 1993 cognouerunt
1102 1940 1303 1993 patrem
1345 1951 1508 1992 neque
1540 1952 1629 1981 me.
1677 1939 1804 1980 haec

294 2009 470 2049 autem
515 2008 722 2049 loeutus
779 2021 889 2050 sum
939 2009 1115 2059 uobis,
1177 2009 1231 2050 ut
1277 2021 1384 2050 cum
1431 2009 1636 2050 uenerit
1681 2008 1843 2050 hora25

294 2089 471 2118 eorum
503 2088 746 2118 memores
777 2077 924 2128 sitis,
958 2078 1076 2131 quia
1108 2089 1196 2132 ego
1228 2076 1338 2118 dixi
1370 2077 1530 2119 uobis.
1565 2078 1801 2119 etiterum:

297 2158 438 2188 amen
483 2159 627 2188 amen
671 2146 782 2188 dico
830 2146 976 2188 uobis
1022 2146 1262 2199 quoniam
1308 2157 1397 2187 uos
1442 2146 1723 2200 plorabitis
1755 2147 1801 2188 et

296 2215 594 2269 plangetis,
643 2216 907 2257 saeculum
939 2216 1109 2257 autem
1154 2215 1428 2270 gaudebit:
1476 2227 1566 2256 uos
1607 2215 1801 2258 tristes

435 2352 477 2385 15
503 2352 551 2386 Io.
574 2352 626 2393 15,
647 2353 689 2386 1&
708 2362 757 2396 sq.
831 2352 876 2387 22
902 2353 952 2387 Io.
973 2353 1025 2393 16,
1045 2354 1146 2388 2-4.
1167 2353 1221 2387 20.
1241 2353 1294 2387 33.

367 2467 385 2500 1
411 2466 531 2500 balam
549 2466 602 2507 W,
635 2466 730 2500 alam
752 2467 795 2501 S¹
891 2468 1064 2511 profetam
1087 2470 1132 2509 S,
1157 2467 1253 2512 piam
1284 2468 1393 2501 fotam
1420 2467 1456 2503 R
1549 2469 1570 2502 2
1597 2468 1682 2502 fecit
1700 2468 1735 2503 R

297 2523 443 2568 cogitet]
464 2526 500 2558 ct
517 2523 602 2558 add.
621 2523 673 2559 Β2
753 2525 774 2558 3
800 2523 1011 2569 periculum]
1030 2524 1123 2569 perit
1142 2535 1219 2559 curn
1238 2525 1274 2560 R
1344 2525 1365 2559 4
1391 2526 1508 2559 mente
1525 2524 1560 2559 R
1632 2525 1728 2560 labet
1745 2525 1799 2559 fac

298 2584 333 2616 ct
351 2581 384 2617 R
456 2581 608 2616 humane
626 2581 812 2616 insectatio
832 2582 866 2617 R
953 2581 973 2616 6
998 2581 1186 2626 dominica]
1205 2581 1329 2616 diuina
1352 2582 1399 2616 W
1489 2582 1507 2615 7
1535 2592 1570 2616 se
1588 2593 1614 2617 c.
1634 2582 1799 2626 accipere]

299 2641 431 2674 secreta
448 2639 536 2674 scire
554 2639 589 2674 R
683 2639 704 2673 8
730 2639 957 2683 accipienties
977 2639 1020 2674 S¹
1117 2638 1183 2673 fide
1201 2639 1237 2675 R
1324 2639 1367 2675 11
1394 2639 1671 2683 persecutionem
1696 2640 1737 2673 W

299 2698 342 2731 12
368 2699 404 2731 et
422 2696 552 2740 quod..
569 2697 606 2731 ,1.
626 2699 672 2731 14
690 2696 835 2731 iniustis
855 2707 920 2731 om.
941 2697 991 2731 W
1061 2697 1105 2730 13
1130 2696 1258 2731 mundo
1277 2696 1328 2731 12¹
1400 2699 1435 2730 et
1452 2696 1534 2731 boni
1554 2697 1583 2732 S
1653 2697 1695 2732 14
1721 2697 1801 2731 sunt

298 2753 333 2788 R
428 2755 470 2787 16
495 2754 608 2798 primo
626 2754 717 2788 odiit
733 2765 753 2789 υ
864 2755 906 2787 18
932 2754 1031 2798 estis]
1051 2754 1222 2789 essetisR
1308 2756 1344 2788 et
1362 2765 1426 2789 om.
1442 2755 1488 2790 W
1575 2756 1620 2789 20
1637 2754 1798 2789 sermonis
1907 2768 1911 2793 ι

302 2811 353 2846 W
354 2811 410 2846 Ro
503 2812 546 2845 21
573 2812 618 2856 si]
638 2812 698 2856 qui
718 2811 747 2846 S
827 2813 1061 2855 persequutur
1080 2811 1109 2846 S
1116 2825 1128 2855 ;
1155 2812 1200 2854 cf.
1221 2815 1296 2847 test.
1316 2812 1391 2846 III
1402 2814 1452 2846 29
1546 2813 1590 2846 25
1614 2823 1674 2847 ora
1692 2812 1734 2847 S¹

298 2868 340 2902 27
367 2869 514 2912 ploratis
537 2869 586 2903 W
664 2870 709 2904 28
733 2869 951 2913 plangebitis
971 2869 999 2904 S
1070 2871 1105 2903 ot
1125 2880 1186 2903 uos
1211 2870 1259 2904 W
1326 2869 1444 2903 tristis
1464 2869 1506 2902 8¹
