1838 3152
202 236 283 277 786
730 233 923 268 Caecilii
947 233 1164 277 Cypriani

200 339 419 380 damnatus
450 339 491 379 et
523 339 637 379 extra
673 337 853 390 paradisi
889 336 1022 378 fontes
1058 337 1266 390 relegatus
1303 337 1412 378 aruit
1443 339 1484 378 et
1515 337 1700 378 aeternae

201 407 292 448 sitis
315 407 499 448 siccitate
521 406 699 447 defecit?

137 481 183 520 ll
258 475 421 517 Clamat
442 476 644 517 Dominus
677 477 724 517 ut
756 475 827 528 qui
860 474 952 516 sitit
986 473 1127 515 ueniat
1158 474 1198 515 et
1229 473 1347 515 bibat
1378 473 1427 515 de
1460 473 1701 514 fluminibus

202 557 329 598 aquae
350 546 484 593 uiuae,
508 557 612 597 quae
633 545 682 586 de
704 545 791 586 eius
813 545 956 585 uentre
977 542 1195 583 fluxerunt.
1226 554 1304 596 quo
1326 544 1525 584 uenturus
1548 543 1609 583 est
1631 541 1702 594 qui

201 614 306 666 sitit,
343 615 538 654 utrumne
567 613 619 654 ad
645 613 871 654 haereticos
908 611 979 652 ubi
1015 610 1106 652 fons
1136 612 1176 652 et
1204 610 1357 652 fluuius
1393 623 1522 663 aquae
1557 610 1729 651 uitaliS5

202 682 366 723 omnino
388 694 467 723 non
488 683 561 731 est,
586 695 638 723 an
659 682 710 723 ad
732 681 947 722 ecclesiam
970 692 1072 733 quae
1093 693 1175 721 una
1196 680 1259 721 est
1280 681 1321 721 et
1343 691 1463 733 super
1484 692 1613 720 unum
1634 679 1705 732 qui

203 752 243 793 et
273 751 407 793 claues
440 751 527 792 eius
559 751 716 803 accepit
745 749 916 791 Domini
948 761 1044 790 uoce
1076 748 1250 790 fundata
1281 750 1372 790 est?
1404 749 1504 790 haec
1534 750 1595 790 est
1624 762 1705 790 una

203 832 304 873 quae
332 821 446 861 tenet
477 822 518 861 et
538 819 721 872 possidet
751 831 914 860 omnem
942 818 1080 872 sponsi
1108 818 1172 858 sui
1194 819 1235 859 et
1257 817 1412 859 domini
1441 818 1703 870 potestatem.

202 890 246 931 in
266 889 343 930 hac
374 889 665 942 praesidemus,
704 899 774 940 pro
807 888 956 929 honore
985 888 1071 929 eius
1104 887 1235 940 adque
1267 887 1427 928 unitate
1459 899 1706 941 pugnamus,

203 958 326 1000 huius
349 959 389 999 et
410 958 591 1012 gratiam
619 957 774 1010 pariter
796 958 837 998 et
858 957 1034 1011 gloriam
1064 955 1176 997 fideli
1199 955 1414 997 deuotione
1437 954 1705 997 defendimus.
1722 966 1754 991 10

203 1039 275 1068 nos
297 1027 437 1068 diuino
454 1026 656 1080 permissu
672 1026 856 1080 rigamus
878 1025 1087 1066 sitientem
1103 1025 1180 1066 Dei
1197 1024 1408 1078 populum,
1432 1036 1504 1065 nos
1522 1024 1704 1066 custodi-

204 1108 297 1136 mus
318 1095 515 1137 terminos
536 1094 732 1136 uitalium
755 1094 945 1135 fontium.
977 1093 1011 1134 si
1033 1093 1302 1147 possessionis
1323 1094 1487 1134 nostrae
1509 1093 1573 1134 ius
1593 1094 1708 1135 tene-

204 1176 310 1214 mus,
344 1164 379 1205 si
408 1165 711 1206 sacramentum
740 1163 915 1204 unitatis
945 1162 1219 1217 agnoscimus,
1257 1175 1329 1203 cur
1359 1162 1708 1214 praeuaricatores

204 1233 409 1286 ueritatis,
433 1245 504 1273 cur
521 1232 748 1286 proditores
770 1231 944 1273 unitatis
967 1231 1212 1272 existimus?
1235 1244 1340 1284 aqua
1361 1232 1553 1273 ecclesiae
1574 1231 1708 1273 fidelis

207 1303 246 1344 et
267 1302 462 1344 salutaris
486 1302 526 1342 et
548 1302 689 1342 sancta
718 1300 925 1354 corrumpi
947 1302 987 1342 et
1009 1300 1232 1342 adulterari
1254 1312 1333 1342 non
1354 1302 1502 1353 potest,
1537 1301 1645 1342 sieut
1667 1302 1707 1342 et
1723 1312 1753 1336 1⁵

207 1372 298 1425 ipsa
328 1371 499 1413 ecclesia
520 1370 756 1423 incorrupta
778 1371 819 1411 et
840 1371 954 1411 casta
975 1371 1015 1411 et
1037 1369 1186 1422 pudica
1209 1370 1281 1411 est.
1304 1370 1339 1410 si
1362 1370 1553 1411 ecclesiae
1573 1369 1711 1411 deuoti

210 1442 250 1483 et
271 1441 314 1482 in
337 1440 506 1482 ecclesia
536 1439 752 1481 constituti
781 1440 877 1480 sunt
897 1439 1107 1488 haeretici,
1140 1439 1310 1491 possunt
1332 1440 1373 1480 et
1394 1439 1601 1491 baptismo
1624 1438 1711 1479 eius

208 1512 249 1552 et
271 1509 417 1551 ceteris
447 1509 698 1550 salutaribus
734 1508 848 1549 bonis
881 1507 955 1548 uti.
989 1507 1023 1548 si
1046 1508 1185 1548 autem
1214 1508 1255 1548 in
1287 1508 1456 1549 ecclesia
1488 1519 1568 1549 non
1601 1509 1711 1557 sunt,

207 1579 335 1620 immo
358 1580 399 1620 et
421 1579 560 1619 contra
592 1577 804 1618 ecclesiam
834 1576 1003 1630 faciunt,
1039 1576 1239 1629 quomodo
1268 1576 1478 1630 baptizare
1509 1576 1712 1629 baptismo

210 1647 404 1689 ecclesiae
425 1648 625 1700 possunt?
1725 1655 1760 1681 20

144 1725 194 1765 12
267 1716 410 1769 Neque
433 1716 543 1757 enim
563 1727 692 1768 parua
713 1727 776 1756 res
798 1713 1017 1755 haereticis
1039 1714 1080 1755 et
1100 1713 1263 1755 modica
1284 1714 1531 1765 conceditur,
1555 1714 1713 1767 quando

212 1799 234 1827 a
255 1786 372 1827 nobis
402 1785 608 1838 baptisma
630 1796 771 1825 eorum
792 1783 835 1824 iu
857 1783 1069 1835 acceptum
1090 1783 1279 1833 refertur,
1313 1795 1406 1824 cum
1427 1783 1522 1824 inde
1543 1783 1716 1836 incipiat

210 1855 342 1896 omnis
374 1854 469 1896 fidei
491 1854 603 1908 origo
627 1854 667 1894 et
692 1853 743 1894 ad
765 1864 878 1905 spem
899 1852 1009 1893 uitae
1031 1853 1218 1893 aeternae
1241 1851 1433 1893 salutaris
1454 1852 1653 1907 ingressio
1675 1852 1716 1893 et

210 1924 477 1977 purificandis
510 1935 556 1964 ac
589 1921 850 1963 uiuificandis
872 1921 950 1962 Dei
981 1921 1110 1962 seruis
1143 1921 1284 1962 diuina
1318 1920 1516 1975 dignatio.
1555 1934 1651 1962 nam
1680 1920 1715 1961 si

210 1992 409 2046 baptizari
438 1992 529 2045 quis
551 1991 659 2044 apud
680 1990 904 2032 haereticos
925 1990 1074 2043 potuit,
1108 1990 1250 2042 utique
1273 1990 1313 2030 et
1334 1990 1551 2031 remissam
1571 2001 1714 2042 pecca·
1728 1997 1760 2022 2⁵

284 2165 303 2197 1
323 2164 370 2208 et]
389 2166 444 2198 est
462 2165 498 2197 et
521 2164 554 2198 T
568 2164 603 2197 et
620 2173 646 2196 s.
667 2163 687 2196 l.
830 2162 1006 2206 religatus
1025 2161 1105 2202 LP,
1125 2161 1261 2205 ligatus
1281 2161 1316 2195 Β
1463 2161 1484 2195 2
1501 2160 1621 2195 deficit
1639 2161 1673 2195 L

212 2222 233 2255 3
250 2220 354 2255 bibat
371 2223 406 2255 et
426 2222 461 2255 P
560 2220 583 2255 4
599 2220 736 2265 uentre]
755 2220 856 2254 uenis
875 2220 904 2254 U
919 2231 934 2253 s
951 2230 977 2254 s.
997 2220 1018 2253 l.
1114 2219 1330 2253 refluxerunt
1348 2219 1378 2254 C
1476 2219 1498 2253 ξ)
1515 2219 1620 2253 fluius
1640 2220 1675 2253 P

212 2289 301 2322 aque
318 2290 362 2312 ex
381 2289 469 2322 quae
488 2279 524 2313 P
655 2279 675 2313 6
694 2289 738 2311 an
757 2278 791 2312 L
808 2288 834 2311 s.
854 2277 875 2311 l.
1011 2278 1030 2310 7
1050 2278 1187 2321 accepit
1205 2279 1240 2311 et
1261 2277 1333 2311 PT
1457 2287 1541 2311 uoce
1559 2266 1676 2311 dffi‘P

211 2336 233 2370 8
251 2338 287 2370 et
305 2335 335 2370 d.
355 2336 583 2380 potestatem]
603 2336 759 2380 gratiam
778 2335 808 2370 C
924 2335 944 2369 9
962 2346 1158 2379 pugnemus
1178 2335 1228 2368 L¹
1347 2335 1391 2369 io
1408 2334 1520 2379 fidoli]
1539 2334 1621 2368 fidei
1640 2335 1676 2368 P

211 2393 411 2438 deuotione]
431 2393 566 2427 uirtute
585 2393 614 2428 C
746 2393 787 2426 11
807 2403 869 2426 nos
888 2403 953 2427 om.
974 2393 1021 2434 N,
1041 2403 1103 2426 nos
1123 2391 1164 2426 de
1182 2404 1202 2426 v
1334 2392 1450 2426 diuini
1469 2392 1497 2426 C
1504 2395 1512 2409 ¹
1642 2402 1719 2436 901-

213 2450 321 2485 1111330
340 2451 386 2486 0²
483 2461 651 2494 rogamus
672 2451 707 2484 Β
799 2450 928 2494 9091110
951 2450 995 2485 (1¹
1089 2449 1307 2484 custodimur
1325 2450 1355 2485 C
1360 2452 1367 2468 ¹
1471 2450 1514 2483 12
1530 2449 1719 2493 903303310-

212 2508 269 2541 nis
288 2518 370 2552 ergo
388 2519 408 2541 v
532 2507 600 2551 ius]
620 2507 695 2540 eius
715 2506 752 2548 C,
770 2506 864 2540 iuste
882 2507 918 2541 P
1046 2507 1089 2541 13
1108 2507 1138 2540 si
1157 2507 1191 2541 L
1208 2518 1233 2541 s.
1252 2508 1273 2541 I.
1401 2508 1621 2541 sacramento
1639 2506 1675 2540 B

214 2565 259 2598 14
288 2564 474 2598 existimus
507 2575 595 2599 co‘rr.
627 2556 673 2598 'in
705 2564 951 2598 existimamus
982 2564 1019 2605 C,
1055 2564 1316 2598 exsistimemus
1345 2565 1378 2599 T
1405 2564 1448 2598 in
1479 2575 1565 2607 ras.y
1599 2564 1720 2597 existi-

213 2632 352 2656 mamur
368 2634 389 2657 v
521 2633 632 2666 aquae
651 2622 713 2663 L¹‚
733 2632 843 2665 asqua
865 2623 905 2662 T,
923 2623 995 2666 atq.
1015 2622 1050 2656 Β
1188 2623 1232 2656 15
1249 2622 1424 2666 corrumpi
1444 2648 1450 2655 .
1467 2648 1474 2655 .
1490 2649 1495 2654 .
1517 2621 1722 2665 incorrupta

214 2691 278 2715 om.
300 2681 336 2714 Β
512 2691 538 2714 0.
559 2681 606 2725 et]
626 2691 652 2715 0.
672 2681 734 2714 aut
757 2680 786 2715 C
800 2680 862 2714 sed
880 2681 943 2713 aut
959 2691 985 2714 s.
1005 2680 1026 2714 l.
1215 2681 1258 2714 16
1276 2681 1311 2714 et
1327 2679 1455 2724 pudica
1473 2680 1509 2713 et
1525 2681 1623 2712 casta
1642 2679 1677 2712 Β

214 2739 269 2772 est
286 2749 330 2772 επ
347 2740 383 2772 et
404 2737 434 2773 G
633 2738 664 2771 si
682 2747 773 2771 corr.
790 2738 833 2771 in
850 2737 899 2770 sic
918 2736 961 2777 L,
981 2737 1011 2769 si
1030 2747 1112 2781 ergo
1132 2737 1167 2771 Β
1367 2736 1409 2770 17
1427 2736 1490 2770 alt.
1509 2737 1544 2769 et
1561 2746 1626 2769 om.
1650 2735 1680 2770 G

212 2796 260 2830 20
276 2796 442 2830 eclesiam
459 2796 494 2829 L
655 2794 699 2828 22
717 2793 873 2828 defertur
892 2794 1042 2828 LNPT
1198 2793 1242 2828 24
1259 2804 1298 2827 ac
1314 2792 1539 2827 uiuificandis
1557 2803 1621 2827 om.
1642 2792 1679 2826 Β

215 2853 259 2886 25
277 2853 425 2886 remissa
444 2852 563 2887 BC¹P
