1838 3152
586 233 797 277 Epistula
823 232 1130 267 VIII—VIIII.
1516 236 1601 278 489

102 355 126 383 a
155 339 272 380 uobis
303 338 463 380 litteras
495 337 547 379 ad
577 350 642 379 me
672 337 820 378 missas
850 349 921 390 per
952 335 1231 378 Crementium
1261 338 1601 392 hypodiaconum,

102 409 245 463 quibus
273 407 509 461 plenissime
540 406 588 447 de
609 406 784 460 glorioso
816 406 902 447 eius
934 406 1045 447 exitu
1076 406 1312 459 instruerer,
1346 408 1387 448 et
1418 408 1602 449 exultaui

103 477 201 520 satis
238 475 343 529 quod
381 487 452 528 pro
496 474 734 528 integritate
769 473 1140 515 administrationis
1177 474 1264 516 eius
1305 475 1603 517 consummatio

103 557 259 599 quoque
287 545 454 585 honesta
475 543 727 597 processerit.
780 543 823 584 in
844 554 922 596 quo
944 543 1060 584 uobis
1082 555 1240 596 quoque
1261 543 1488 595 plurimum
1509 557 1604 598 gra-

76 630 90 654 5
105 613 214 655 tulor
234 612 340 666 quod
362 613 448 654 eius
465 612 706 654 memoriam
728 614 815 654 tam
838 612 986 654 celebri
1008 613 1049 654 et
1070 612 1235 653 inlustri
1257 613 1490 654 testimonio
1512 625 1606 666 pro-

105 682 345 735 sequamini,
367 683 414 723 ut
435 694 506 735 per
522 694 594 722 uos
615 682 884 723 innotesceret
911 682 1028 723 nobis
1049 682 1156 734 quod
1178 683 1219 722 et
1240 681 1357 722 uobis
1378 682 1483 722 esset
1500 682 1607 723 circa

103 750 322 803 praepositi
344 751 586 792 memoriam
617 750 841 805 gloriosum
863 751 903 792 et
923 751 1040 792 nobis
1071 762 1229 803 quoque
1251 750 1345 791 fidei
1367 763 1413 791 ac
1435 751 1605 791 uirtutis

103 818 311 872 praeberet
353 819 596 872 exemplum.
648 832 745 860 nam
786 821 990 872 quantum
1020 819 1245 872 perniciosa
1276 832 1338 860 res
1369 819 1431 860 est
1461 819 1512 859 ad
1543 831 1608 860 se-

103 888 315 941 quentium
336 889 498 941 lapsum
520 888 637 930 ruina
669 889 903 942 praepositi,
937 889 979 930 in
1000 889 1163 929 tantum
1191 889 1329 930 contra
1351 888 1454 929 utile
1476 889 1538 929 est
1568 889 1609 929 et

60 975 92 1000 10
106 957 283 999 salutare
305 970 398 998 cum
420 969 462 999 se
483 957 693 1010 episcopus
716 970 786 1011 per
806 957 1114 999 firmamentum
1144 957 1240 999 fidei
1262 957 1461 999 fratribus
1492 969 1609 1010 prae-

109 1026 179 1068 bet
199 1025 459 1067 imitandum.

159 1096 259 1149 Legi
290 1096 416 1137 etiam
445 1096 620 1146 litteras,
651 1095 694 1137 in
715 1095 864 1149 quibus
884 1107 956 1137 nec
977 1096 1046 1148 qui
1079 1095 1316 1149 scripserint
1345 1106 1418 1136 nec
1438 1094 1489 1135 ad
1511 1105 1611 1147 quos
1626 1097 1650 1137 2

108 1164 307 1218 scriptum
348 1165 403 1206 sit
443 1165 721 1220 significanter
761 1178 995 1218 expressum
1040 1165 1114 1206 est.
1177 1166 1217 1206 et
1248 1164 1441 1217 quoniam
1472 1176 1538 1204 me
1569 1163 1614 1204 in

111 1232 242 1275 isdem
277 1233 429 1275 litteris
451 1234 492 1275 et
513 1233 715 1286 scriptura
738 1234 778 1274 et
799 1245 940 1275 sensus
961 1233 1002 1274 et
1024 1232 1186 1274 chartae
1208 1232 1318 1285 ipsae
1348 1243 1505 1285 quoque
1527 1242 1613 1272 mo-

8 1292 10 1340 ἶ
65 1315 96 1344 1⁵
109 1303 256 1344 uerunt
277 1315 325 1343 ne
347 1303 445 1355 quid
466 1316 513 1345 ex
535 1315 628 1344 uero
651 1303 717 1344 uel
748 1302 1007 1344 subtractum
1039 1302 1094 1344 sit
1123 1302 1192 1343 uel
1221 1302 1489 1351 inmutatum,
1522 1313 1614 1342 ean-

107 1371 202 1413 dem
233 1372 284 1414 ad
315 1384 386 1413 uos
417 1373 635 1426 epistolam
665 1373 941 1415 authenticam
972 1371 1126 1422 remisi,
1159 1372 1206 1412 ut
1237 1369 1534 1426 recognoscatis
1563 1382 1616 1411 an

108 1440 197 1493 ipsa
226 1441 282 1481 sit
303 1454 428 1494 quam
450 1440 680 1483 Crementio
702 1441 979 1496 hypodiacono
1000 1440 1284 1495 perferendam
1305 1439 1488 1481 dedistis,
1521 1451 1615 1492 per-

110 1522 232 1562 quam
263 1510 416 1551 etenim
447 1523 570 1565 graue
602 1511 685 1561 est,
719 1511 752 1552 si
784 1511 985 1564 epistulae
1017 1510 1188 1552 clericae
1218 1509 1371 1550 ueritas
1401 1506 1614 1549 mendacio

113 1578 249 1632 aliquo
279 1579 320 1620 et
341 1578 484 1620 fraude
515 1580 705 1633 corrupta
736 1580 809 1621 est.
862 1580 937 1621 hoc
958 1579 1089 1633 igitur
1119 1578 1166 1619 ut
1197 1578 1299 1619 scire
1326 1576 1542 1630 possimus,
1575 1575 1616 1617 et

61 1661 95 1688 νο
111 1648 357 1701 scripturam
379 1648 419 1688 et
440 1648 783 1702 subscriptionem
812 1662 864 1690 an
884 1649 1020 1690 uestra
1042 1648 1099 1689 sit
1120 1647 1393 1701 recognoscite
1424 1646 1464 1687 et
1499 1644 1617 1687 nobis

110 1716 208 1769 quid
238 1716 294 1758 sit
321 1717 364 1758 in
395 1728 488 1758 uero
520 1717 744 1759 rescribite.
795 1718 889 1770 opto
911 1729 996 1767 uos,
1029 1717 1177 1758 fratres
1209 1715 1425 1768 carissimi,
1457 1711 1654 1768 semper'⁵

115 1785 214 1827 bene
235 1787 383 1827 ualere.

178 1936 196 1968 1
223 1945 243 1969 a
268 1934 369 1968 uobis
407 1935 525 1979 accepi
551 1948 579 1968 ω
676 1934 902 1969 crimentium
935 1934 1063 1968 EIMo
1172 1934 1194 1968 2
1225 1933 1418 1967 instrueret
1443 1932 1489 1966 M
1495 1934 1502 1952 ¹
1520 1958 1527 1972 ,
1564 1930 1619 1965 in-

110 1994 226 2026 struer
244 1993 276 2027 T
381 1992 404 2026 4
421 2002 556 2036 quoque
578 1991 677 2026 uobis
696 2003 715 2026 ο
732 1992 793 2026 sed
812 2002 948 2036 quoque
962 2003 988 2026 s.
1008 1993 1029 2026 l.
1048 2003 1092 2026 m.
1117 1995 1141 2027 2
1258 1991 1277 2025 7
1296 1989 1468 2034 propositi
1487 1989 1534 2023 T¹
1546 2001 1574 2022 ω

114 2060 135 2084 a
158 2049 259 2084 nobis
286 2049 375 2083 E¹m
491 2051 513 2083 8
539 2052 671 2094 quanto
698 2063 726 2083 ω
843 2051 1066 2094 sequentiam
1095 2051 1142 2091 T⁷
1175 2047 1466 2093 consequentium
1497 2047 1531 2082 V

114 2106 136 2139 9
153 2108 207 2139 est
223 2106 272 2150 et]
292 2107 328 2139 et
346 2116 421 2140 οωυ
494 2105 537 2139 12
554 2105 696 2139 litteras
714 2105 805 2139 alias
823 2105 859 2145 T,
886 2105 975 2138 alias
993 2105 1141 2139 litteras.
1149 2104 1308 2139 ΕΙΜοω
1380 2104 1454 2149 nec]
1473 2115 1517 2138 ne
1530 2104 1579 2139 M

119 2163 302 2207 scripserit
319 2164 398 2208 quis
417 2163 493 2207 (qni
513 2164 556 2208 ω)
574 2163 681 2204 Ε“ω,
708 2163 768 2206 qui
786 2162 879 2206 (quis
899 2163 953 2206 Io)
973 2162 1156 2206 scripserit
1173 2162 1222 2197 M
1225 2163 1298 2197 TIo
1347 2162 1444 2207 quos]
1464 2172 1526 2196 uos
1545 2161 1578 2196 T

113 2220 157 2254 14
183 2220 320 2254 hisdem
339 2221 466 2255 E¹Mo
474 2222 545 2261 Τω,
575 2220 703 2255 iisdem
721 2221 763 2255 Ιυ
856 2221 999 2254 carthae
1016 2221 1090 2255 ET
1180 2220 1256 2265 ipse
1274 2220 1395 2255 ETM
1499 2220 1543 2254 15
1567 2219 1624 2265 ne]

116 2288 180 2312 nec
197 2279 230 2313 T
289 2279 505 2312 sustractum
524 2279 572 2313 T¹
649 2278 719 2322 uel]
738 2277 844 2311 uellit
861 2278 894 2312 T
960 2279 1139 2312 mutatum
1158 2278 1191 2312 T
1259 2279 1302 2313 16
1321 2277 1540 2312 autenticam
1555 2276 1583 2311 Ι

120 2336 172 2380 ut]
210 2338 250 2369 ut
286 2346 365 2370 cum
394 2336 428 2371 T
517 2335 818 2380 recognouiscatis
848 2335 880 2368 T
971 2336 1012 2369 17
1047 2335 1122 2380 ipse
1147 2335 1187 2369 E
1278 2335 1322 2369 18
1355 2345 1481 2379 graues
1513 2335 1545 2370 T

118 2392 162 2426 19
186 2393 233 2437 et]
261 2392 317 2427 uel
345 2392 380 2427 V
461 2393 507 2427 20
531 2383 791 2437 subscriptione
821 2393 854 2428 T
928 2396 1048 2428 uestra
1072 2404 1179 2428 manu
1211 2393 1244 2428 V
1325 2393 1370 2427 22
1395 2392 1513 2427 ualere
1536 2392 1624 2427 bene

116 2450 231 2484 ualete
261 2451 306 2491 T,
340 2449 428 2484 bene
454 2450 573 2484 ualere
599 2450 717 2486 ualete
742 2451 790 2484 M
814 2471 857 2474 —
883 2450 1049 2496 Epistula
1075 2450 1244 2496 Cypriani
1268 2449 1497 2484 rescribentis
1523 2449 1624 2492 (scri-

115 2506 198 2542 bens
223 2508 320 2551 EM)
353 2507 482 2542 Romae
515 2508 605 2542 clero
629 2507 671 2542 dc
694 2508 891 2543 redditione
923 2508 1077 2553 episcopi
1109 2507 1224 2543 urbici
1250 2498 1379 2551 (urbici
1406 2508 1450 2551 T)
1475 2505 1622 2551 explicit

113 2565 238 2606 EMT,
264 2575 328 2600 om.
357 2566 419 2607 Iro,
447 2565 602 2610 Explicit
627 2565 669 2600 de
692 2565 866 2601 redicione
892 2566 1046 2601 urbicini
1072 2565 1283 2611 episcopio.
1304 2585 1347 2590 —
