1912 3152
310 839 618 895 THASCI
664 840 999 896 CAECILI
1045 842 1435 898 CYPRIANI

563 977 674 1040 AD
722 977 1173 1043 QVIRINVM

433 1126 917 1182 (TESTIMONIORVM
948 1130 1099 1173 LIBRI
1133 1130 1302 1186 TRES).

321 1359 644 1395 CYPRIANVS
678 1361 919 1404 QVIRINO
952 1362 1114 1399 FILIO
1146 1363 1418 1399 SALVTEM.

72 1503 87 1528 5
172 1452 563 1539 obtemperandum
595 1484 695 1538 fuit„
742 1484 802 1526 fili
834 1485 1066 1536 carissime,
1113 1485 1314 1528 desiderio
1344 1487 1415 1529 tuo
1447 1487 1627 1542 spiritali

111 1555 400 1610 inpensissima
420 1553 617 1606 petitione
638 1553 780 1595 diuina
801 1554 1042 1608 magisteria
1062 1555 1258 1608 poscenti,
1282 1556 1432 1609 quibus
1453 1568 1525 1598 nos
1542 1557 1627 1598 Do-

111 1624 249 1667 minus
270 1636 340 1678 per
361 1623 584 1676 scripturas
605 1623 765 1664 sanctas
788 1622 948 1665 erudire
971 1624 1011 1665 et
1031 1623 1231 1665 instruere
1248 1624 1444 1679 dignatus
1467 1625 1548 1676 est,
1580 1626 1629 1667 ut

111 1707 135 1735 a
156 1693 335 1735 tenebris
357 1692 502 1734 erroris
524 1691 691 1733 abducti
723 1693 764 1733 ct
785 1691 875 1734 luce
905 1692 992 1734 eius
1023 1706 1125 1747 pura
1156 1694 1197 1735 et
1228 1693 1401 1735 candida
1431 1694 1627 1737 luminati

111 1762 223 1804 uiam
244 1761 356 1803 uitae
392 1773 464 1815 per
485 1761 685 1802 salutaria
707 1762 962 1803 sacramenta
992 1762 1218 1804 teneamus.
1251 1764 1293 1804 et
1322 1763 1490 1816 quidem
1519 1763 1627 1805 sicut

65 1830 271 1885 mpetisti,
303 1830 363 1871 ita
393 1843 417 1871 a
446 1829 563 1871 nobis
595 1841 727 1871 sermo
758 1830 992 1884 conpositus
1024 1831 1065 1872 et
1095 1830 1264 1873 libellus
1287 1831 1509 1885 conpendio
1531 1832 1625 1874 bre-

111 1900 250 1941 uiante
272 1899 458 1952 digestus
481 1898 563 1948 est,
610 1898 656 1939 ut
679 1911 781 1951 quae
813 1899 1099 1942 scribebantur
1128 1912 1208 1941 non
1237 1900 1352 1953 copia
1377 1900 1521 1942 latiore
1543 1901 1625 1943 dif-

179 2022 353 2047 nxrmct‘r
385 2021 698 2046 'rnsrmoxronvir
739 2011 840 2055 (add.
874 2023 918 2046 m.
951 2015 995 2048 2.·
1044 2012 1150 2046 Liber
1189 2011 1288 2047 beati
1321 2013 1468 2058 augusti
1502 2015 1625 2049 eontra

111 2075 309 2110 donatistas
327 2077 364 2109 et
385 2074 499 2119 ydola.
527 2074 618 2108 Item
643 2074 734 2109 liber
765 2075 925 2119 cypriani
950 2064 1007 2119 epi
1037 2085 1076 2109 ac
1111 2075 1282 2120 martyris
1318 2076 1359 2110 (le
1391 2077 1623 2111 sacramentis

111 2124 206 2182 Xffi)
241 2148 384 2173 rxcrmr
425 2148 473 2172 An
516 2148 710 2175 QVIRINVM
736 2139 789 2180 A,
838 2148 983 2173 Ixcn‘ir
1025 2148 1074 2172 An
1110 2149 1303 2176 ermxvm
1344 2149 1457 2173 LIBER
1496 2139 1623 2183 (LIBER

112 2207 176 2230 om.
196 2196 257 2239 M)
287 2205 427 2230 Pium-s
453 2195 545 2235 LM‚
571 2195 704 2240 Incipit
722 2196 877 2240 epistula
905 2196 949 2230 ad
974 2196 1162 2239 Quirinum
1191 2196 1247 2237 133
1273 2196 1473 2241 Angustia„
1493 2201 1624 2232 contra

112 2253 208 2288 (luas
221 2253 321 2297 epsset.
334 2253 458 2298 Pelay.
479 2253 500 2288 l.
518 2253 585 2294 IV,
605 2264 632 2287 e.
644 2255 700 2287 21.
713 2264 749 2297 p.
763 2256 838 2288 480
850 2253 875 2288 d
885 2267 895 2287 .·
912 2253 1128 2298 Cyprianum
1143 2253 1253 2287 etiam
1268 2254 1343 2298 ipse
1357 2254 1623 2289 haeresiarches

112 2310 262 2345 istorum
280 2310 449 2355 Pelagius
474 2321 552 2345 cum
576 2310 697 2345 debito
723 2311 851 2345 honore
876 2314 1142 2351 commemorat,
1169 2311 1231 2345 ubi
1255 2310 1623 2346 testimoniorum

112 2368 245 2403 librum
259 2368 425 2410 scribens,
445 2379 525 2403 eum
540 2379 575 2402 se
590 2368 720 2403 asserit
734 2368 882 2410 imitari,
898 2368 974 2403 ‘hoc
989 2368 1036 2403 se'
1051 2367 1180 2403 dicens'
1190 2369 1303 2404 facere
1324 2367 1375 2402 ad
1389 2369 1418 2402 R
1430 2380 1448 2402 0
1458 2379 1578 2403 mano
1588 2381 1603 2402 s
1612 2396 1622 2413 ,

113 2425 204 2470 quod
222 2425 285 2460 ille
303 2425 427 2460 fecerit
444 2425 494 2460 ad
512 2424 777 2469 Quirinum',
804 2430 836 2460 et
855 2426 1014 2460 eiusdem
1030 2426 1117 2460 libri
1137 2429 1240 2461 027.-
1257 2425 1384 2461 merito
1402 2427 1437 2461 et
1455 2425 1506 2460 ad
1524 2426 1624 2469 Qui·

112 2483 255 2517 rinum
279 2483 321 2517 de
353 2483 418 2517 hac
443 2493 478 2517 re
518 2483 823 2517 absolutissimam
855 2484 1071 2518 sententiam
1102 2484 1286 2528 proponit,
1329 2483 1386 2518 cui
1415 2483 1624 2518 testimonia

111 2539 235 2574 diuina
264 2540 512 2585 subiungeret;
539 2541 755 2585 Hieronym.
773 2541 919 2586 Dialoy.
940 2545 1072 2576 contra
1090 2542 1216 2587 Pelay.
1238 2553 1266 2576 c.
1287 2543 1358 2576 32:
1391 2551 1569 2585 quumque
1587 2552 1624 2575 se

111 2596 340 2637 imitatorem,
351 2597 458 2632 immo
468 2598 680 2642 expletorem
695 2598 810 2643 operis
824 2597 922 2632 beati
934 2598 1103 2643 Cypriani
1118 2599 1307 2633 scribentis
1322 2598 1371 2633 ad
1389 2598 1449 2640 Qu
1460 2598 1549 2633 irin
1559 2609 1623 2633 um

111 2664 186 2687 esse
204 2654 371 2688 fateatur.
399 2655 486 2689 inde
510 2667 586 2690 non
614 2656 786 2690 inmerito
803 2656 965 2690 conicias
981 2657 1186 2701 yenm'num
1203 2657 1324 2701 operis
1342 2656 1488 2691 titulum
1507 2656 1625 2699 fuisse

111 2723 160 2747 Αῐ)
186 2722 399 2753 erlttva3
424 2713 536 2758 uulyo
565 2713 784 2748 inscribitur
792 2727 803 2748 .·
830 2714 1116 2748 testimoniorum
1146 2713 1233 2748 libri
1262 2713 1431 2748 aduersus
1457 2713 1478 2748 J
1483 2713 1621 2747 udaeos.

181 2776 204 2812 5
230 2775 508 2820 obteperandum
526 2777 559 2810 A
665 2761 744 2811 k‘nsse
762 2777 844 2811 MR
916 2777 938 2812 6
965 2777 1140 2821 peticione
1157 2777 1192 2811 A
1265 2777 1287 2813 7
1315 2777 1512 2811 scribturas
1530 2777 1564 2810 A
1589 2779 1622 2810 et

111 2833 163 2867 sie
179 2833 258 2875 fere
274 2843 414 2876 semper
512 2833 687 2869 instruere
705 2834 914 2873 ALMRV,
942 2834 1130 2868 instituere
1154 2829 1270 2869 Oaxen.
1358 2834 1382 2870 8
1409 2833 1553 2868 abducti
1573 2834 1621 2878 et]

115 2888 261 2923 adducti
276 2888 318 2923 ad
335 2889 368 2923 Β
439 2889 553 2924 lucem
581 2890 616 2925 Β
687 2891 887 2925 illuminati
908 2902 953 2926 ex
967 2891 1135 2937 luminati
1150 2892 1197 2925 M
1208 2903 1250 2926 m.
1267 2893 1292 2926 2
1380 2891 1429 2927 10
1446 2890 1623 2936 cumposi-

113 2947 171 2980 tus
197 2947 230 2980 L
304 2947 349 2982 11
378 2949 488 2991 utque
506 2948 552 2982 M
637 2948 886 2983 scribebantur
903 2959 947 2983 eac
965 2948 1168 2983 scribantur
1186 2949 1234 2983 M

1287 3006 1346 3047 3*
