1838 3152
161 229 243 271 836
696 227 891 263 Caecilii
916 227 1132 273 Cypriani

160 333 288 373 simus
324 344 419 386 ergo
455 331 708 373 orationibus
744 331 895 373 nostris
929 332 1127 374 alterutro
1163 333 1369 375 adiutores
1400 335 1441 376 et
1469 346 1659 389 rogemus

160 401 267 442 sicut
303 400 522 450 mandasti,
559 402 607 442 ut
628 401 761 442 Deum
798 402 838 442 et
874 400 1084 442 Christum
1121 402 1162 442 et
1194 402 1359 456 angelos
1393 403 1435 444 in
1470 403 1660 445 omnibus

160 470 320 511 actibiss
350 469 499 510 nostris
527 469 750 510 habeamus
780 469 971 511 fautores,
1010 471 1198 523 optamus
1228 471 1281 521 te,
1316 472 1490 514 Domine
1519 472 1658 523 frater,

160 550 318 591 semper
338 538 440 579 bene
461 538 597 579 ualere
620 538 660 579 et
681 538 812 580 nostri
834 538 1083 580 meminisse.
1108 540 1246 581 saluta
1268 552 1407 582 omnes
1429 541 1499 593 qui
1522 542 1660 583 tecum

160 608 267 649 sunt.
307 619 444 648 omnes
479 607 608 648 nostri
641 607 711 661 qui
742 607 957 650 nobiscum
990 609 1086 650 sunt
1115 609 1155 649 te
1177 610 1318 651 amant
1348 610 1390 651 et
1411 610 1595 652 salutant
1616 612 1688 652 ets

162 676 301 717 uidere
325 676 570 717 desiderant.

435 869 918 942 EPISTVLA
968 870 1387 944 LXXVIII.

161 1005 398 1041 CYPRIANO
422 1006 597 1040 FRATRI
623 1006 681 1040 ET
707 1007 949 1042 COLLEGAE
973 1007 1140 1043 LVCIVS
1165 1007 1224 1041 ET
1252 1007 1333 1050 QVI
1352 1008 1448 1043 CVM
1465 1008 1524 1044 ΕΟ
1543 1008 1663 1042 SVNT

587 1063 798 1098 FRATRES
824 1064 982 1100 OMNES
1008 1064 1062 1098 IN
1087 1065 1179 1100 DEO
1205 1065 1238 1099 S.

124 1217 139 1256 l
216 1214 509 1256 Exultantibus
537 1215 652 1256 nobis
684 1218 723 1257 et
748 1216 1000 1257 laetantibus
1029 1216 1071 1257 in
1092 1216 1177 1256 Deo
1208 1217 1315 1269 quod
1344 1228 1415 1258 nos
1438 1217 1478 1258 et
1499 1216 1541 1257 in
1564 1228 1657 1257 con-
1677 1231 1709 1255 ιο

159 1283 409 1336 gressionem
432 1285 655 1326 armauerit
672 1286 711 1326 et
730 1284 771 1325 in
788 1285 942 1338 proelio
964 1284 1141 1326 uictores
1164 1297 1237 1326 sua
1259 1285 1496 1339 dignatione
1518 1284 1660 1326 fecerit

159 1353 481 1405 superuenerunt
502 1353 666 1394 litterae
688 1360 795 1403 tuae,
818 1353 944 1395 frater
967 1354 1188 1403 carissime,
1213 1367 1312 1407 quas
1334 1368 1406 1408 per
1427 1354 1654 1395 Herennia-

156 1433 256 1461 num
296 1420 621 1475 hypodiaconum
664 1423 703 1463 et
740 1423 952 1464 Lucanum
994 1424 1034 1464 et
1070 1423 1299 1464 Maximum
1335 1424 1376 1465 et
1414 1423 1661 1465 Amantium

158 1489 368 1532 acoluthos
410 1491 562 1532 misisti
602 1491 739 1533 nobis:
782 1491 931 1544 quibus
972 1492 1090 1533 lectis
1131 1492 1358 1545 recepimus
1399 1493 1440 1533 in
1481 1493 1658 1534 uinculis

156 1557 451 1609 laxamentum,
481 1559 523 1600 in
552 1572 740 1613 pressura
770 1560 971 1602 solacium
1000 1561 1040 1601 et
1070 1560 1112 1601 in
1133 1561 1376 1602 necessitate
1404 1561 1658 1614 praesidium
1677 1579 1709 1602 15

158 1627 197 1667 et
226 1627 392 1668 excitati
422 1640 563 1670 sumus
586 1630 627 1670 et
648 1629 856 1670 robustius
886 1629 1060 1670 animati
1081 1642 1126 1671 ac
1149 1630 1182 1671 si
1205 1630 1304 1683 quid
1334 1630 1511 1683 amplius
1536 1629 1662 1671 fuerit

157 1707 390 1749 poenarum.
415 1710 510 1738 nam
533 1699 626 1739 ante
648 1698 879 1752 passionem
904 1711 927 1739 a
943 1698 983 1739 te
1005 1710 1146 1739 sumus
1169 1699 1219 1740 ad
1241 1699 1416 1752 gloriam
1438 1699 1660 1752 prouocati,

160 1764 229 1817 qui
258 1765 369 1818 prior
397 1766 513 1807 nobis
544 1766 740 1808 ducatum
762 1767 813 1808 ad
835 1767 1129 1808 confessionem
1158 1767 1335 1809 nominis
1359 1766 1511 1808 Christi
1543 1780 1661 1821 prae-

159 1833 301 1875 buisti.
333 1846 405 1877 nos
436 1848 532 1877 uero
562 1836 691 1877 secuti
721 1836 899 1890 uestigia
921 1835 1184 1878 confessionis
1205 1838 1301 1878 tuae
1322 1849 1462 1890 parem
1485 1836 1662 1891 gratiam

226 1994 243 2027 1
262 1994 394 2028 nostris
413 2006 477 2029 om.
497 1995 562 2041 Ηβ
716 1996 927 2029 alterutrum
949 1996 1017 2041 βνυ
1170 1996 1217 2041 et]
1238 1996 1297 2031 sed
1313 1997 1336 2031 h
1485 1997 1506 2031 3
1524 1996 1663 2030 actibus

157 2061 219 2085 om.
242 2051 274 2085 T
416 2053 549 2086 nostris
568 2063 631 2087 om.
653 2067 676 2097 μ
821 2053 991 2097 fautores]
1012 2054 1150 2087 futuros
1171 2054 1204 2087 T
1339 2055 1502 2098 optamus
1522 2081 1529 2088 .
1546 2079 1553 2086 .
1569 2080 1576 2087 .
1597 2054 1618 2088 l.
1640 2055 1663 2088 6

158 2107 361 2142 desiderant
380 2120 444 2143 om.
465 2123 485 2143 v
592 2110 730 2144 domine
749 2121 813 2145 om.
834 2122 851 2145 r
960 2111 1084 2155 frater]
1103 2113 1203 2155 pater
1219 2099 1298 2144 kffie
1318 2111 1373 2145 Br
1487 2111 1510 2145 4
1527 2122 1663 2155 semper

154 2179 219 2203 om.
251 2170 325 2214 Τβν
535 2168 652 2202 saluta
755 2169 955 2203 desiderant
985 2181 1049 2204 om.
1077 2169 1121 2203 Β.
1156 2190 1198 2193 -
1225 2168 1397 2213 Cypriane
1426 2168 1659 2202 Nemesianus

154 2226 307 2260 Datiuus
326 2226 424 2260 Felix
451 2227 487 2260 et
505 2225 630 2260 Victor
655 2227 801 2271 explicit
823 2228 861 2268 T,
889 2227 1077 2271 Rescripta
1101 2226 1338 2260 confessorum
1357 2225 1503 2270 explicit
1521 2225 1566 2266 B,
1593 2236 1660 2260 om.

153 2284 326 2329 ΗΙινβμυ.
346 2304 384 2308 -

221 2342 334 2386 Epist.
353 2341 553 2375 LXXVIII.
572 2362 614 2366 —
633 2341 766 2386 Incipit
792 2342 835 2376 ad
852 2342 1000 2377 Lucium
1026 2342 1174 2386 (Incipit
1191 2341 1292 2376 Lucii
1312 2343 1350 2386 μ)
1370 2342 1405 2374 et
1431 2341 1492 2384 qui
1518 2351 1595 2374 cum
1622 2350 1661 2373 co

154 2401 237 2433 sunt
265 2400 296 2434 T
299 2399 366 2444 Qu,
396 2399 531 2443 Incipit
556 2399 601 2433 ad
625 2399 775 2434 Lucium
793 2400 838 2441 B,
865 2400 1041 2444 Cypriane
1058 2400 1190 2434 Lucius
1217 2399 1277 2443 qui
1303 2400 1339 2432 et
1363 2398 1589 2432 Nicostratus
1608 2398 1660 2438 H,

154 2467 219 2491 om.
238 2456 269 2490 h.
290 2477 332 2482 -
350 2457 372 2491 8
389 2457 575 2501 cyprianus
593 2457 723 2501 BQTh
854 2457 946 2492 lucio
965 2458 1000 2491 Β
1007 2457 1098 2502 ῼΤῘι
1236 2467 1314 2490 cum
1332 2456 1383 2500 eo]
1403 2466 1540 2489 mecum
1557 2455 1614 2489 Bv

153 2513 172 2547 9
192 2524 311 2548 omnes
337 2524 400 2553 om.
421 2527 445 2559 μ
555 2503 637 2547 <iffi
639 2515 684 2548 H
686 2515 737 2549 Tv
847 2515 891 2549 10
907 2517 943 2549 et
959 2526 1023 2549 nos
1042 2516 1073 2549 T
1179 2516 1215 2548 et
1231 2515 1268 2548 in
1285 2514 1426 2557 scripsi,
1446 2515 1480 2547 et
1504 2512 1543 2558 Q,
1561 2512 1598 2546 in
1618 2513 1658 2553 T,

152 2571 195 2605 ad
215 2571 340 2615 ΒΗμυ
519 2572 561 2604 11
581 2571 627 2616 et]
648 2573 689 2604 ut
707 2571 742 2605 Β
918 2583 980 2606 sua
999 2583 1062 2606 om.
1085 2572 1120 2606 Β
1296 2571 1339 2605 12
1356 2570 1590 2604 herenninum
1608 2570 1659 2610 H,

151 2629 367 2662 hennianum
391 2628 480 2673 ῼῘιμ,
499 2628 691 2662 ennianum
711 2629 749 2670 T,
771 2629 971 2663 saturnium
990 2630 1025 2663 et
1042 2629 1296 2663 herennianum
1319 2628 1353 2662 V
1486 2627 1529 2661 13
1546 2627 1656 2661 lucia-

151 2697 236 2719 num
255 2687 311 2721 Βυ
421 2687 456 2719 et
474 2686 672 2719 amantium
691 2697 756 2720 om.
784 2687 818 2720 V
923 2687 966 2721 14
983 2687 1167 2721 acoluthos
1187 2686 1264 2728 TV,
1283 2686 1431 2720 acolitos
1450 2684 1611 2729 ΒΗῼῘιμ

150 2743 302 2777 misistis
321 2743 355 2777 Β
482 2743 584 2777 nobis
603 2754 665 2777 om.
683 2743 718 2777 Β
859 2744 902 2778 15
919 2744 1091 2788 pressuris
1110 2744 1145 2778 Β
1285 2744 1328 2778 16
1346 2743 1396 2787 ac]
1417 2742 1461 2776 ad
1479 2753 1537 2786 μυ,
1555 2743 1593 2775 at
1611 2742 1633 2774 Ιι
1642 2755 1654 2784 ,-

152 2801 199 2843 cf.
216 2811 251 2844 p.
271 2803 354 2844 827,
366 2803 387 2835 7
573 2801 717 2844 quidam
735 2801 832 2845 prius
847 2802 896 2835 M
909 2800 1010 2845 (quid
1028 2801 1181 2846 amplius
1202 2800 1245 2846 Q)
1431 2799 1472 2833 17
1491 2798 1591 2833 abste
1609 2799 1655 2839 B,

153 2860 235 2891 ante
253 2861 294 2902 μ1
436 2857 479 2892 19
497 2858 689 2902 uestigium
713 2859 746 2893 T
