<?xml version="1.0" encoding="UTF-8"?>
<!DOCTYPE html PUBLIC "-//W3C//DTD XHTML 1.0 Transitional//EN"
    "http://www.w3.org/TR/xhtml1/DTD/xhtml1-transitional.dtd">
<html xmlns="http://www.w3.org/1999/xhtml" xml:lang="en" lang="en">
 <head>
  <title>
</title>
<meta http-equiv="Content-Type" content="text/html;charset=utf-8" />
  <meta name='ocr-system' content='tesseract 3.04.00' />
  <meta name='ocr-capabilities' content='ocr_page ocr_carea ocr_par ocr_line ocrx_word'/>
</head>
<body>
  <div class='ocr_page' id='page_1' title='image "./corpusscriptor203cypruoft/corpusscriptor203cypruoft_0017.png"; bbox 0 0 1912 3152; ppageno 0'>
   <div class='ocr_carea' id='block_1_1' title="bbox 668 242 1660 289">
    <p class='ocr_par' dir='ltr' id='par_1_1' title="bbox 668 242 1660 289">
     <span class='ocr_line' id='line_1_1' title="bbox 668 242 1660 289; baseline 0 -11"><span class='ocrx_word' id='word_1_1' title='bbox 668 242 731 278; x_wconf 87' lang='lat' dir='ltr'>Ad</span> <span class='ocrx_word' id='word_1_2' title='bbox 748 242 968 277; x_wconf 87' lang='lat' dir='ltr'>Donatum</span> <span class='ocrx_word' id='word_1_3' title='bbox 992 252 1020 277; x_wconf 92' lang='grc'>6.</span> <span class='ocrx_word' id='word_1_4' title='bbox 1045 242 1153 289; x_wconf 68' lang='grc'>4-5,</span> <span class='ocrx_word' id='word_1_5' title='bbox 1636 244 1660 286; x_wconf 80' lang='grc'><strong>7</strong></span> 
     </span>
    </p>
   </div>
   <div class='ocr_carea' id='block_1_2' title="bbox 115 345 1712 1779">
    <p class='ocr_par' dir='ltr' id='par_1_2' title="bbox 115 345 1712 1779">
     <span class='ocr_line' id='line_1_2' title="bbox 153 345 1666 403; baseline -0.003 -11"><span class='ocrx_word' id='word_1_6' title='bbox 153 349 331 403; x_wconf 86' lang='lat' dir='ltr'>hospitio</span> <span class='ocrx_word' id='word_1_7' title='bbox 351 348 462 390; x_wconf 89' lang='lat' dir='ltr'>iusta</span> <span class='ocrx_word' id='word_1_8' title='bbox 482 347 712 402; x_wconf 79' lang='lat' dir='ltr'>operatione</span> <span class='ocrx_word' id='word_1_9' title='bbox 732 347 943 397; x_wconf 87' lang='lat' dir='ltr'>teneatur,</span> <span class='ocrx_word' id='word_1_10' title='bbox 966 358 1014 388; x_wconf 91' lang='lat' dir='ltr'>ne</span> <span class='ocrx_word' id='word_1_11' title='bbox 1036 347 1202 399; x_wconf 88' lang='lat' dir='ltr'>accepta</span> <span class='ocrx_word' id='word_1_12' title='bbox 1223 346 1420 388; x_wconf 86' lang='lat' dir='ltr'>securitas</span> <span class='ocrx_word' id='word_1_13' title='bbox 1441 345 1666 401; x_wconf 88' lang='lat' dir='ltr'>indiligen-</span> 
     </span>
     <span class='ocr_line' id='line_1_3' title="bbox 152 414 1126 471; baseline -0.005 -10"><span class='ocrx_word' id='word_1_14' title='bbox 152 419 256 461; x_wconf 91' lang='lat' dir='ltr'>tiam</span> <span class='ocrx_word' id='word_1_15' title='bbox 276 418 411 471; x_wconf 88' lang='lat' dir='ltr'>pariat</span> <span class='ocrx_word' id='word_1_16' title='bbox 441 417 482 459; x_wconf 90' lang='lat' dir='ltr'>et</span> <span class='ocrx_word' id='word_1_17' title='bbox 502 417 621 458; x_wconf 88' lang='lat' dir='ltr'>uetus</span> <span class='ocrx_word' id='word_1_18' title='bbox 642 415 772 458; x_wconf 88' lang='lat' dir='ltr'>denuo</span> <span class='ocrx_word' id='word_1_19' title='bbox 793 415 924 457; x_wconf 90' lang='lat' dir='ltr'>hostis</span> <span class='ocrx_word' id='word_1_20' title='bbox 945 414 1126 469; x_wconf 88' lang='lat' dir='ltr'>obrepat.</span> 
     </span>
     <span class='ocr_line' id='line_1_4' title="bbox 212 483 1712 538; baseline -0.002 -9"><span class='ocrx_word' id='word_1_21' title='bbox 212 486 403 529; x_wconf 85' lang='lat' dir='ltr'>Ceterum</span> <span class='ocrx_word' id='word_1_22' title='bbox 423 486 458 527; x_wconf 85' lang='lat' dir='ltr'>si</span> <span class='ocrx_word' id='word_1_23' title='bbox 479 486 527 528; x_wconf 92' lang='lat' dir='ltr'>tu</span> <span class='ocrx_word' id='word_1_24' title='bbox 548 485 821 536; x_wconf 74' lang='lat' dir='ltr'>innocentiae,</span> <span class='ocrx_word' id='word_1_25' title='bbox 854 484 889 525; x_wconf 88' lang='lat' dir='ltr'>si</span> <span class='ocrx_word' id='word_1_26' title='bbox 912 484 1098 526; x_wconf 88' lang='lat' dir='ltr'>iustitiae</span> <span class='ocrx_word' id='word_1_27' title='bbox 1119 483 1232 525; x_wconf 91' lang='lat' dir='ltr'>uiam</span> <span class='ocrx_word' id='word_1_28' title='bbox 1253 484 1394 526; x_wconf 90' lang='lat' dir='ltr'>teneas</span> <span class='ocrx_word' id='word_1_29' title='bbox 1416 483 1578 538; x_wconf 83' lang='lat' dir='ltr'>inlapsa</span> <span class='ocrx_word' id='word_1_30' title='bbox 1598 483 1670 525; x_wconf 88' lang='lat' dir='ltr'>fir·</span> <span class='ocrx_word' id='word_1_31' title='bbox 1688 486 1712 526; x_wconf 80' lang='lat'>5</span> 
     </span>
     <span class='ocr_line' id='line_1_5' title="bbox 155 552 1671 610; baseline -0.003 -12"><span class='ocrx_word' id='word_1_32' title='bbox 155 556 301 598; x_wconf 89' lang='lat' dir='ltr'>mitate</span> <span class='ocrx_word' id='word_1_33' title='bbox 322 554 491 610; x_wconf 86' lang='lat' dir='ltr'>uestigii</span> <span class='ocrx_word' id='word_1_34' title='bbox 510 554 587 605; x_wconf 92' lang='lat' dir='ltr'>tui,</span> <span class='ocrx_word' id='word_1_35' title='bbox 609 554 644 596; x_wconf 91' lang='lat' dir='ltr'>si</span> <span class='ocrx_word' id='word_1_36' title='bbox 665 554 708 596; x_wconf 91' lang='lat' dir='ltr'>in</span> <span class='ocrx_word' id='word_1_37' title='bbox 728 554 863 596; x_wconf 91' lang='lat' dir='ltr'>Deum</span> <span class='ocrx_word' id='word_1_38' title='bbox 883 553 1043 595; x_wconf 87' lang='lat' dir='ltr'>uiribus</span> <span class='ocrx_word' id='word_1_39' title='bbox 1063 552 1164 594; x_wconf 88' lang='lat' dir='ltr'>totis</span> <span class='ocrx_word' id='word_1_40' title='bbox 1185 565 1231 594; x_wconf 90' lang='lat' dir='ltr'>ac</span> <span class='ocrx_word' id='word_1_41' title='bbox 1250 553 1338 594; x_wconf 87' lang='lat' dir='ltr'>toto</span> <span class='ocrx_word' id='word_1_42' title='bbox 1360 552 1478 594; x_wconf 89' lang='lat' dir='ltr'>corde</span> <span class='ocrx_word' id='word_1_43' title='bbox 1499 564 1671 606; x_wconf 88' lang='lat' dir='ltr'>suspen-</span> 
     </span>
     <span class='ocr_line' id='line_1_6' title="bbox 129 621 1673 676; baseline -0.003 -10"><span class='ocrx_word' id='word_1_44' title='bbox 129 644 143 669; x_wconf 82' lang='lat'><strong>⁵</strong></span> <span class='ocrx_word' id='word_1_45' title='bbox 157 636 226 666; x_wconf 90' lang='lat' dir='ltr'>sus</span> <span class='ocrx_word' id='word_1_46' title='bbox 258 624 333 665; x_wconf 93' lang='lat' dir='ltr'>hoc</span> <span class='ocrx_word' id='word_1_47' title='bbox 365 623 422 665; x_wconf 89' lang='lat' dir='ltr'>sis</span> <span class='ocrx_word' id='word_1_48' title='bbox 443 623 607 665; x_wconf 89' lang='lat' dir='ltr'>tantum</span> <span class='ocrx_word' id='word_1_49' title='bbox 638 623 746 676; x_wconf 89' lang='lat' dir='ltr'>quod</span> <span class='ocrx_word' id='word_1_50' title='bbox 768 634 854 664; x_wconf 88' lang='lat' dir='ltr'>esse</span> <span class='ocrx_word' id='word_1_51' title='bbox 875 622 1067 676; x_wconf 90' lang='lat' dir='ltr'>coepisti,</span> <span class='ocrx_word' id='word_1_52' title='bbox 1099 622 1264 663; x_wconf 88' lang='lat' dir='ltr'>tantum</span> <span class='ocrx_word' id='word_1_53' title='bbox 1284 621 1363 662; x_wconf 93' lang='lat' dir='ltr'>tibi</span> <span class='ocrx_word' id='word_1_54' title='bbox 1385 621 1437 663; x_wconf 91' lang='lat' dir='ltr'>ad</span> <span class='ocrx_word' id='word_1_55' title='bbox 1458 621 1673 663; x_wconf 80' lang='lat' dir='ltr'>licentiam</span> 
     </span>
     <span class='ocr_line' id='line_1_7' title="bbox 158 689 1674 746; baseline -0.003 -12"><span class='ocrx_word' id='word_1_56' title='bbox 158 693 302 743; x_wconf 90' lang='lat' dir='ltr'>datur,</span> <span class='ocrx_word' id='word_1_57' title='bbox 335 692 536 745; x_wconf 91' lang='lat' dir='ltr'>quantum</span> <span class='ocrx_word' id='word_1_58' title='bbox 559 691 720 746; x_wconf 90' lang='lat' dir='ltr'>gratiae</span> <span class='ocrx_word' id='word_1_59' title='bbox 741 690 942 745; x_wconf 90' lang='lat' dir='ltr'>spiritalis</span> <span class='ocrx_word' id='word_1_60' title='bbox 964 691 1150 744; x_wconf 88' lang='lat' dir='ltr'>augetur.</span> <span class='ocrx_word' id='word_1_61' title='bbox 1184 701 1264 731; x_wconf 90' lang='grc'><strong>11011</strong></span> <span class='ocrx_word' id='word_1_62' title='bbox 1287 690 1416 742; x_wconf 86' lang='grc'><strong>6111111,</strong></span> <span class='ocrx_word' id='word_1_63' title='bbox 1449 689 1519 742; x_wconf 90' lang='lat' dir='ltr'>qui</span> <span class='ocrx_word' id='word_1_64' title='bbox 1549 689 1674 731; x_wconf 89' lang='lat' dir='ltr'>bene-</span> 
     </span>
     <span class='ocr_line' id='line_1_8' title="bbox 160 757 1676 812; baseline -0.003 -9"><span class='ocrx_word' id='word_1_65' title='bbox 160 761 348 804; x_wconf 92' lang='lat' dir='ltr'>ficiorum</span> <span class='ocrx_word' id='word_1_66' title='bbox 368 760 629 802; x_wconf 89' lang='lat' dir='ltr'>terrestrium</span> <span class='ocrx_word' id='word_1_67' title='bbox 650 771 738 801; x_wconf 88' lang='lat' dir='ltr'>mos</span> <span class='ocrx_word' id='word_1_68' title='bbox 761 760 835 810; x_wconf 88' lang='lat' dir='ltr'>est,</span> <span class='ocrx_word' id='word_1_69' title='bbox 859 759 903 801; x_wconf 94' lang='lat' dir='ltr'>in</span> <span class='ocrx_word' id='word_1_70' title='bbox 924 759 1169 812; x_wconf 86' lang='lat' dir='ltr'>capessendo</span> <span class='ocrx_word' id='word_1_71' title='bbox 1188 758 1237 799; x_wconf 80' lang='lat' dir='ltr'>de</span> <span class='ocrx_word' id='word_1_72' title='bbox 1258 757 1348 800; x_wconf 85' lang='lat' dir='ltr'>Deo</span> <span class='ocrx_word' id='word_1_73' title='bbox 1368 770 1536 800; x_wconf 91' lang='lat' dir='ltr'>munere</span> <span class='ocrx_word' id='word_1_74' title='bbox 1557 771 1676 800; x_wconf 89' lang='lat' dir='ltr'>men-</span> 
     </span>
     <span class='ocr_line' id='line_1_9' title="bbox 160 826 1675 882; baseline -0.003 -10"><span class='ocrx_word' id='word_1_75' title='bbox 160 843 256 873; x_wconf 90' lang='lat' dir='ltr'>sura</span> <span class='ocrx_word' id='word_1_76' title='bbox 276 830 364 871; x_wconf 89' lang='lat' dir='ltr'>ulla</span> <span class='ocrx_word' id='word_1_77' title='bbox 395 828 461 871; x_wconf 90' lang='lat' dir='ltr'>uel</span> <span class='ocrx_word' id='word_1_78' title='bbox 491 828 637 870; x_wconf 88' lang='lat' dir='ltr'>modus</span> <span class='ocrx_word' id='word_1_79' title='bbox 659 829 732 870; x_wconf 90' lang='lat' dir='ltr'>est.</span> <span class='ocrx_word' id='word_1_80' title='bbox 765 827 968 881; x_wconf 89' lang='lat' dir='ltr'>profluens</span> <span class='ocrx_word' id='word_1_81' title='bbox 990 827 1164 882; x_wconf 90' lang='lat' dir='ltr'>largiter</span> <span class='ocrx_word' id='word_1_82' title='bbox 1185 827 1354 881; x_wconf 89' lang='lat' dir='ltr'>spiritus</span> <span class='ocrx_word' id='word_1_83' title='bbox 1376 826 1503 868; x_wconf 90' lang='lat' dir='ltr'>nullis</span> <span class='ocrx_word' id='word_1_84' title='bbox 1524 826 1675 868; x_wconf 93' lang='lat' dir='ltr'>finibus</span> 
     </span>
     <span class='ocr_line' id='line_1_10' title="bbox 159 895 1676 953; baseline -0.003 -12"><span class='ocrx_word' id='word_1_85' title='bbox 159 898 362 953; x_wconf 86' lang='lat' dir='ltr'>premitur</span> <span class='ocrx_word' id='word_1_86' title='bbox 388 910 461 940; x_wconf 93' lang='grc'><strong>1166</strong></span> <span class='ocrx_word' id='word_1_87' title='bbox 492 897 773 939; x_wconf 83' lang='lat' dir='ltr'>coercentibus</span> <span class='ocrx_word' id='word_1_88' title='bbox 802 896 994 939; x_wconf 85' lang='lat' dir='ltr'>claustris</span> <span class='ocrx_word' id='word_1_89' title='bbox 1027 896 1139 938; x_wconf 90' lang='lat' dir='ltr'>intra</span> <span class='ocrx_word' id='word_1_90' title='bbox 1167 897 1279 938; x_wconf 85' lang='lat' dir='ltr'>certa</span> <span class='ocrx_word' id='word_1_91' title='bbox 1308 897 1512 937; x_wconf 89' lang='lat' dir='ltr'>metarum</span> <span class='ocrx_word' id='word_1_92' title='bbox 1542 895 1676 949; x_wconf 89' lang='lat' dir='ltr'>spatia</span> 
     </span>
     <span class='ocr_line' id='line_1_11' title="bbox 115 965 1677 1021; baseline -0.003 -10"><span class='ocrx_word' id='word_1_93' title='bbox 115 988 147 1012; x_wconf 82' lang='grc' dir='ltr'>ιο</span> <span class='ocrx_word' id='word_1_94' title='bbox 161 968 359 1010; x_wconf 88' lang='lat' dir='ltr'>frenatur.</span> <span class='ocrx_word' id='word_1_95' title='bbox 399 968 542 1008; x_wconf 90' lang='lat' dir='ltr'>manat</span> <span class='ocrx_word' id='word_1_96' title='bbox 572 966 746 1021; x_wconf 89' lang='lat' dir='ltr'>iugiter,</span> <span class='ocrx_word' id='word_1_97' title='bbox 790 966 986 1008; x_wconf 82' lang='lat' dir='ltr'>exuberat</span> <span class='ocrx_word' id='word_1_98' title='bbox 1017 965 1234 1008; x_wconf 87' lang='lat' dir='ltr'>afluenter:</span> <span class='ocrx_word' id='word_1_99' title='bbox 1282 966 1470 1007; x_wconf 89' lang='lat' dir='ltr'>nostrum</span> <span class='ocrx_word' id='word_1_100' title='bbox 1512 966 1677 1007; x_wconf 86' lang='lat' dir='ltr'>tantum</span> 
     </span>
     <span class='ocr_line' id='line_1_12' title="bbox 161 1034 1679 1090; baseline -0.001 -12"><span class='ocrx_word' id='word_1_101' title='bbox 161 1037 278 1078; x_wconf 87' lang='lat' dir='ltr'>sitiat</span> <span class='ocrx_word' id='word_1_102' title='bbox 293 1037 436 1090; x_wconf 90' lang='lat' dir='ltr'>pectus</span> <span class='ocrx_word' id='word_1_103' title='bbox 453 1036 494 1078; x_wconf 88' lang='lat' dir='ltr'>et</span> <span class='ocrx_word' id='word_1_104' title='bbox 511 1037 660 1089; x_wconf 85' lang='lat' dir='ltr'>pateat.</span> <span class='ocrx_word' id='word_1_105' title='bbox 685 1036 885 1089; x_wconf 91' lang='lat' dir='ltr'>quantum</span> <span class='ocrx_word' id='word_1_106' title='bbox 905 1035 1007 1076; x_wconf 91' lang='lat' dir='ltr'>illuc</span> <span class='ocrx_word' id='word_1_107' title='bbox 1027 1035 1123 1077; x_wconf 92' lang='lat' dir='ltr'>fidei</span> <span class='ocrx_word' id='word_1_108' title='bbox 1145 1034 1303 1088; x_wconf 89' lang='lat' dir='ltr'>capacis</span> <span class='ocrx_word' id='word_1_109' title='bbox 1325 1034 1562 1088; x_wconf 79' lang='lat' dir='ltr'>adferimuS,</span> <span class='ocrx_word' id='word_1_110' title='bbox 1584 1036 1679 1076; x_wconf 90' lang='lat' dir='ltr'>tan-</span> 
     </span>
     <span class='ocr_line' id='line_1_13' title="bbox 162 1103 1680 1159; baseline -0.001 -13"><span class='ocrx_word' id='word_1_111' title='bbox 162 1107 254 1147; x_wconf 90' lang='lat' dir='ltr'>tum</span> <span class='ocrx_word' id='word_1_112' title='bbox 274 1105 431 1159; x_wconf 87' lang='lat' dir='ltr'>gratiae</span> <span class='ocrx_word' id='word_1_113' title='bbox 452 1104 689 1145; x_wconf 87' lang='lat' dir='ltr'>inundantis</span> <span class='ocrx_word' id='word_1_114' title='bbox 710 1104 937 1145; x_wconf 75' lang='lat' dir='ltr'>haurimus</span> <span class='ocrx_word' id='word_1_115' title='bbox 971 1103 1065 1145; x_wconf 89' lang='lat' dir='ltr'>inde</span> <span class='ocrx_word' id='word_1_116' title='bbox 1086 1104 1171 1145; x_wconf 89' lang='lat' dir='ltr'>iam</span> <span class='ocrx_word' id='word_1_117' title='bbox 1192 1103 1367 1145; x_wconf 87' lang='lat' dir='ltr'>facultas</span> <span class='ocrx_word' id='word_1_118' title='bbox 1389 1104 1529 1154; x_wconf 89' lang='lat' dir='ltr'>datur,</span> <span class='ocrx_word' id='word_1_119' title='bbox 1553 1103 1680 1145; x_wconf 88' lang='lat' dir='ltr'>casti-</span> 
     </span>
     <span class='ocr_line' id='line_1_14' title="bbox 162 1171 1680 1227; baseline -0.001 -12"><span class='ocrx_word' id='word_1_120' title='bbox 162 1174 248 1216; x_wconf 88' lang='lat' dir='ltr'>tate</span> <span class='ocrx_word' id='word_1_121' title='bbox 277 1174 430 1224; x_wconf 89' lang='lat' dir='ltr'>sobria,</span> <span class='ocrx_word' id='word_1_122' title='bbox 463 1174 599 1214; x_wconf 92' lang='lat' dir='ltr'>mente</span> <span class='ocrx_word' id='word_1_123' title='bbox 629 1173 812 1227; x_wconf 87' lang='lat' dir='ltr'>integra,</span> <span class='ocrx_word' id='word_1_124' title='bbox 844 1184 942 1214; x_wconf 88' lang='lat' dir='ltr'>uoce</span> <span class='ocrx_word' id='word_1_125' title='bbox 980 1184 1083 1225; x_wconf 89' lang='lat' dir='ltr'>pura</span> <span class='ocrx_word' id='word_1_126' title='bbox 1120 1172 1163 1214; x_wconf 94' lang='lat' dir='ltr'>in</span> <span class='ocrx_word' id='word_1_127' title='bbox 1191 1172 1414 1214; x_wconf 86' lang='lat' dir='ltr'>medellam</span> <span class='ocrx_word' id='word_1_128' title='bbox 1450 1171 1680 1214; x_wconf 89' lang='lat' dir='ltr'>dolentium</span> 
     </span>
     <span class='ocr_line' id='line_1_15' title="bbox 163 1241 1682 1298; baseline -0.001 -14"><span class='ocrx_word' id='word_1_129' title='bbox 163 1255 280 1298; x_wconf 89' lang='lat' dir='ltr'>posse</span> <span class='ocrx_word' id='word_1_130' title='bbox 302 1253 551 1284; x_wconf 89' lang='lat' dir='ltr'>uenenorum</span> <span class='ocrx_word' id='word_1_131' title='bbox 572 1241 687 1283; x_wconf 92' lang='lat' dir='ltr'>uirus</span> <span class='ocrx_word' id='word_1_132' title='bbox 709 1241 971 1296; x_wconf 84' lang='lat' dir='ltr'>extinguere,</span> <span class='ocrx_word' id='word_1_133' title='bbox 1002 1241 1233 1283; x_wconf 90' lang='lat' dir='ltr'>animorum</span> <span class='ocrx_word' id='word_1_134' title='bbox 1254 1241 1547 1293; x_wconf 88' lang='lat' dir='ltr'>desipientium</span> <span class='ocrx_word' id='word_1_135' title='bbox 1568 1241 1682 1282; x_wconf 90' lang='lat' dir='ltr'>labes</span> 
     </span>
     <span class='ocr_line' id='line_1_16' title="bbox 119 1309 1682 1365; baseline 0.001 -15"><span class='ocrx_word' id='word_1_136' title='bbox 119 1326 151 1351; x_wconf 70' lang='grc'>15</span> <span class='ocrx_word' id='word_1_137' title='bbox 165 1311 327 1353; x_wconf 89' lang='lat' dir='ltr'>reddita</span> <span class='ocrx_word' id='word_1_138' title='bbox 347 1311 525 1352; x_wconf 89' lang='lat' dir='ltr'>sanitate</span> <span class='ocrx_word' id='word_1_139' title='bbox 544 1323 733 1365; x_wconf 85' lang='lat' dir='ltr'>purgare,</span> <span class='ocrx_word' id='word_1_140' title='bbox 755 1310 915 1351; x_wconf 89' lang='lat' dir='ltr'>infestis</span> <span class='ocrx_word' id='word_1_141' title='bbox 936 1310 1076 1352; x_wconf 89' lang='lat' dir='ltr'>iubere</span> <span class='ocrx_word' id='word_1_142' title='bbox 1093 1323 1249 1364; x_wconf 84' lang='lat' dir='ltr'>pacem,</span> <span class='ocrx_word' id='word_1_143' title='bbox 1272 1309 1467 1352; x_wconf 89' lang='lat' dir='ltr'>uiolentis</span> <span class='ocrx_word' id='word_1_144' title='bbox 1487 1310 1682 1363; x_wconf 88' lang='lat' dir='ltr'>quietem,</span> 
     </span>
     <span class='ocr_line' id='line_1_17' title="bbox 166 1378 1683 1433; baseline -0.001 -11"><span class='ocrx_word' id='word_1_145' title='bbox 166 1379 455 1422; x_wconf 90' lang='lat' dir='ltr'>ferocientibus</span> <span class='ocrx_word' id='word_1_146' title='bbox 484 1379 698 1421; x_wconf 91' lang='lat' dir='ltr'>lenitatem</span> <span class='ocrx_word' id='word_1_147' title='bbox 712 1411 721 1429; x_wconf 94' lang='lat'>,</span> <span class='ocrx_word' id='word_1_148' title='bbox 764 1379 982 1421; x_wconf 88' lang='lat' dir='ltr'>inmundos</span> <span class='ocrx_word' id='word_1_149' title='bbox 1012 1380 1054 1420; x_wconf 91' lang='lat' dir='ltr'>et</span> <span class='ocrx_word' id='word_1_150' title='bbox 1089 1378 1282 1420; x_wconf 88' lang='lat' dir='ltr'>erraticos</span> <span class='ocrx_word' id='word_1_151' title='bbox 1318 1379 1508 1433; x_wconf 88' lang='lat' dir='ltr'>spiritus,</span> <span class='ocrx_word' id='word_1_152' title='bbox 1541 1379 1611 1432; x_wconf 89' lang='lat' dir='ltr'>qui</span> <span class='ocrx_word' id='word_1_153' title='bbox 1641 1391 1683 1420; x_wconf 86' lang='lat' dir='ltr'>se</span> 
     </span>
     <span class='ocr_line' id='line_1_18' title="bbox 169 1447 1685 1504; baseline -0.001 -14"><span class='ocrx_word' id='word_1_154' title='bbox 169 1449 449 1504; x_wconf 86' lang='lat' dir='ltr'>expugnandis</span> <span class='ocrx_word' id='word_1_155' title='bbox 470 1447 705 1489; x_wconf 88' lang='lat' dir='ltr'>hominibus</span> <span class='ocrx_word' id='word_1_156' title='bbox 723 1447 994 1499; x_wconf 87' lang='lat' dir='ltr'>inmerseriut,</span> <span class='ocrx_word' id='word_1_157' title='bbox 1018 1448 1070 1490; x_wconf 87' lang='lat' dir='ltr'>ad</span> <span class='ocrx_word' id='word_1_158' title='bbox 1092 1448 1385 1490; x_wconf 88' lang='lat' dir='ltr'>confessionem</span> <span class='ocrx_word' id='word_1_159' title='bbox 1406 1448 1531 1490; x_wconf 92' lang='lat' dir='ltr'>minis</span> <span class='ocrx_word' id='word_1_160' title='bbox 1552 1448 1685 1489; x_wconf 90' lang='lat' dir='ltr'>incre-</span> 
     </span>
     <span class='ocr_line' id='line_1_19' title="bbox 167 1515 1686 1572; baseline -0.001 -12"><span class='ocrx_word' id='word_1_161' title='bbox 167 1518 360 1572; x_wconf 89' lang='lat' dir='ltr'>pantibus</span> <span class='ocrx_word' id='word_1_162' title='bbox 394 1529 556 1572; x_wconf 84' lang='lat' dir='ltr'>cogere,</span> <span class='ocrx_word' id='word_1_163' title='bbox 589 1518 637 1558; x_wconf 92' lang='lat' dir='ltr'>ut</span> <span class='ocrx_word' id='word_1_164' title='bbox 665 1516 857 1559; x_wconf 88' lang='lat' dir='ltr'>recedant</span> <span class='ocrx_word' id='word_1_165' title='bbox 886 1517 1000 1558; x_wconf 90' lang='lat' dir='ltr'>duris</span> <span class='ocrx_word' id='word_1_166' title='bbox 1029 1517 1268 1558; x_wconf 89' lang='lat' dir='ltr'>uerberibus</span> <span class='ocrx_word' id='word_1_167' title='bbox 1289 1529 1487 1572; x_wconf 87' lang='lat' dir='ltr'>urguere,</span> <span class='ocrx_word' id='word_1_168' title='bbox 1522 1515 1686 1558; x_wconf 87' lang='lat' dir='ltr'>conflic-</span> 
     </span>
     <span class='ocr_line' id='line_1_20' title="bbox 168 1585 1686 1641; baseline -0.001 -13"><span class='ocrx_word' id='word_1_169' title='bbox 168 1588 323 1637; x_wconf 82' lang='lat' dir='ltr'>tanteS,</span> <span class='ocrx_word' id='word_1_170' title='bbox 356 1586 580 1637; x_wconf 90' lang='lat' dir='ltr'>eiulantes,</span> <span class='ocrx_word' id='word_1_171' title='bbox 614 1586 823 1640; x_wconf 89' lang='lat' dir='ltr'>gementes</span> <span class='ocrx_word' id='word_1_172' title='bbox 859 1585 1110 1627; x_wconf 89' lang='lat' dir='ltr'>incremento</span> <span class='ocrx_word' id='word_1_173' title='bbox 1139 1598 1290 1639; x_wconf 90' lang='lat' dir='ltr'>poenae</span> <span class='ocrx_word' id='word_1_174' title='bbox 1320 1586 1586 1641; x_wconf 89' lang='lat' dir='ltr'>propagantis</span> <span class='ocrx_word' id='word_1_175' title='bbox 1615 1598 1686 1627; x_wconf 87' lang='lat' dir='ltr'>ex-</span> 
     </span>
     <span class='ocr_line' id='line_1_21' title="bbox 123 1654 1689 1710; baseline 0.001 -16"><span class='ocrx_word' id='word_1_176' title='bbox 123 1668 156 1694; x_wconf 79' lang='lat'>20</span> <span class='ocrx_word' id='word_1_177' title='bbox 168 1656 356 1705; x_wconf 90' lang='lat' dir='ltr'>tendere,</span> <span class='ocrx_word' id='word_1_178' title='bbox 387 1654 528 1709; x_wconf 90' lang='lat' dir='ltr'>flagris</span> <span class='ocrx_word' id='word_1_179' title='bbox 550 1655 735 1704; x_wconf 89' lang='lat' dir='ltr'>caedere,</span> <span class='ocrx_word' id='word_1_180' title='bbox 767 1655 863 1709; x_wconf 86' lang='lat' dir='ltr'>igne</span> <span class='ocrx_word' id='word_1_181' title='bbox 884 1655 1047 1696; x_wconf 86' lang='lat' dir='ltr'>torrere.</span> <span class='ocrx_word' id='word_1_182' title='bbox 1081 1666 1144 1696; x_wconf 88' lang='lat' dir='ltr'>res</span> <span class='ocrx_word' id='word_1_183' title='bbox 1173 1654 1261 1696; x_wconf 91' lang='lat' dir='ltr'>illic</span> <span class='ocrx_word' id='word_1_184' title='bbox 1290 1655 1448 1710; x_wconf 87' lang='lat' dir='ltr'>geritur</span> <span class='ocrx_word' id='word_1_185' title='bbox 1467 1667 1540 1697; x_wconf 93' lang='lat' dir='ltr'>nec</span> <span class='ocrx_word' id='word_1_186' title='bbox 1568 1655 1689 1697; x_wconf 88' lang='lat' dir='ltr'>uide-</span> 
     </span>
     <span class='ocr_line' id='line_1_22' title="bbox 169 1723 1687 1779; baseline 0 -13"><span class='ocrx_word' id='word_1_187' title='bbox 169 1725 257 1766; x_wconf 89' lang='lat' dir='ltr'>tur:</span> <span class='ocrx_word' id='word_1_188' title='bbox 300 1724 461 1767; x_wconf 90' lang='lat' dir='ltr'>occulta</span> <span class='ocrx_word' id='word_1_189' title='bbox 490 1723 614 1779; x_wconf 88' lang='lat' dir='ltr'>plaga</span> <span class='ocrx_word' id='word_1_190' title='bbox 645 1725 686 1766; x_wconf 93' lang='lat' dir='ltr'>et</span> <span class='ocrx_word' id='word_1_191' title='bbox 718 1736 848 1778; x_wconf 88' lang='lat' dir='ltr'>poena</span> <span class='ocrx_word' id='word_1_192' title='bbox 876 1723 1108 1766; x_wconf 88' lang='lat' dir='ltr'>manifesta.</span> <span class='ocrx_word' id='word_1_193' title='bbox 1140 1723 1200 1765; x_wconf 87' lang='lat' dir='ltr'>ita</span> <span class='ocrx_word' id='word_1_194' title='bbox 1228 1724 1335 1777; x_wconf 89' lang='lat' dir='ltr'>quod</span> <span class='ocrx_word' id='word_1_195' title='bbox 1364 1736 1450 1766; x_wconf 88' lang='lat' dir='ltr'>esse</span> <span class='ocrx_word' id='word_1_196' title='bbox 1479 1724 1564 1766; x_wconf 90' lang='lat' dir='ltr'>iam</span> <span class='ocrx_word' id='word_1_197' title='bbox 1594 1736 1687 1766; x_wconf 92' lang='lat' dir='ltr'>coe-</span> 
     </span>
    </p>
   </div>
   <div class='ocr_carea' id='block_1_3' title="bbox 172 1918 1695 2941">
    <p class='ocr_par' dir='ltr' id='par_1_3' title="bbox 244 1918 1646 1964">
     <span class='ocr_line' id='line_1_23' title="bbox 244 1918 1646 1964; baseline -0.002 -9"><span class='ocrx_word' id='word_1_198' title='bbox 244 1921 263 1956; x_wconf 93' lang='grc'>1</span> <span class='ocrx_word' id='word_1_199' title='bbox 290 1919 509 1964; x_wconf 84' lang='lat' dir='ltr'>operatione]</span> <span class='ocrx_word' id='word_1_200' title='bbox 526 1919 829 1964; x_wconf 85' lang='lat' dir='ltr'>obtemperatione</span> <span class='ocrx_word' id='word_1_201' title='bbox 846 1919 994 1963; x_wconf 77' lang='lat' dir='ltr'>scripsit</span> <span class='ocrx_word' id='word_1_202' title='bbox 1003 1919 1183 1953; x_wconf 71' lang='lat' dir='ltr'>Bazuzius</span> <span class='ocrx_word' id='word_1_203' title='bbox 1246 1929 1308 1953; x_wconf 91' lang='grc'><strong>1166</strong></span> <span class='ocrx_word' id='word_1_204' title='bbox 1325 1929 1346 1953; x_wconf 84' lang='lat' dir='ltr'>r</span> <span class='ocrx_word' id='word_1_205' title='bbox 1409 1918 1433 1954; x_wconf 81' lang='lat'>2</span> <span class='ocrx_word' id='word_1_206' title='bbox 1459 1919 1495 1953; x_wconf 91' lang='lat' dir='ltr'>et</span> <span class='ocrx_word' id='word_1_207' title='bbox 1511 1929 1577 1953; x_wconf 87' lang='lat' dir='ltr'>om.</span> <span class='ocrx_word' id='word_1_208' title='bbox 1595 1918 1646 1953; x_wconf 86' lang='lat' dir='ltr'><strong><em>W</em></strong></span> 
     </span>
    </p>

    <p class='ocr_par' dir='ltr' id='par_1_4' title="bbox 173 1975 1620 2021">
     <span class='ocr_line' id='line_1_24' title="bbox 173 1975 1620 2021; baseline -0.001 -10"><span class='ocrx_word' id='word_1_209' title='bbox 173 1977 214 2011; x_wconf 88' lang='lat' dir='ltr'>de</span> <span class='ocrx_word' id='word_1_210' title='bbox 232 1987 321 2011; x_wconf 92' lang='lat' dir='ltr'>nouo</span> <span class='ocrx_word' id='word_1_211' title='bbox 337 1978 381 2010; x_wconf 82' lang='lat' dir='ltr'><strong><em>W</em></strong></span> <span class='ocrx_word' id='word_1_212' title='bbox 440 1977 463 2013; x_wconf 88' lang='lat'><strong>3</strong></span> <span class='ocrx_word' id='word_1_213' title='bbox 489 1976 601 2021; x_wconf 85' lang='lat' dir='ltr'>uiam]</span> <span class='ocrx_word' id='word_1_214' title='bbox 619 1976 785 2010; x_wconf 83' lang='lat' dir='ltr'>semitam</span> <span class='ocrx_word' id='word_1_215' title='bbox 803 1977 838 2011; x_wconf 88' lang='lat' dir='ltr'><em>B</em></span> <span class='ocrx_word' id='word_1_216' title='bbox 853 1976 916 2010; x_wconf 68' lang='lat' dir='ltr'>secl</span> <span class='ocrx_word' id='word_1_217' title='bbox 932 1987 958 2010; x_wconf 81' lang='lat' dir='ltr'>s.</span> <span class='ocrx_word' id='word_1_218' title='bbox 975 1976 996 2010; x_wconf 81' lang='lat' dir='ltr'>l.</span> <span class='ocrx_word' id='word_1_219' title='bbox 1015 1987 1058 2010; x_wconf 84' lang='lat' dir='ltr'>m.</span> <span class='ocrx_word' id='word_1_220' title='bbox 1078 1977 1122 2010; x_wconf 78' lang='lat'>2:</span> <span class='ocrx_word' id='word_1_221' title='bbox 1140 1976 1198 2010; x_wconf 92' lang='lat' dir='ltr'>uel</span> <span class='ocrx_word' id='word_1_222' title='bbox 1214 1975 1313 2010; x_wconf 85' lang='lat' dir='ltr'>uiam</span> <span class='ocrx_word' id='word_1_223' title='bbox 1378 1975 1408 2009; x_wconf 87' lang='lat' dir='ltr'>si</span> <span class='ocrx_word' id='word_1_224' title='bbox 1425 1975 1566 2020; x_wconf 86' lang='lat' dir='ltr'>inlapsa</span> <span class='ocrx_word' id='word_1_225' title='bbox 1584 1975 1620 2010; x_wconf 91' lang='lat' dir='ltr'><em>B</em></span> 
     </span>
    </p>

    <p class='ocr_par' dir='ltr' id='par_1_5' title="bbox 172 2032 1692 2473">
     <span class='ocr_line' id='line_1_25' title="bbox 172 2032 1690 2079; baseline -0.002 -10"><span class='ocrx_word' id='word_1_226' title='bbox 172 2035 203 2069; x_wconf 90' lang='lat' dir='ltr'>si</span> <span class='ocrx_word' id='word_1_227' title='bbox 218 2035 348 2079; x_wconf 86' lang='lat' dir='ltr'>illapsa</span> <span class='ocrx_word' id='word_1_228' title='bbox 363 2034 533 2069; x_wconf 82' lang='lat' dir='ltr'>firmitate</span> <span class='ocrx_word' id='word_1_229' title='bbox 550 2034 699 2078; x_wconf 87' lang='lat' dir='ltr'>uestigii</span> <span class='ocrx_word' id='word_1_230' title='bbox 717 2033 773 2068; x_wconf 88' lang='lat' dir='ltr'>tui</span> <span class='ocrx_word' id='word_1_231' title='bbox 791 2033 932 2068; x_wconf 89' lang='lat' dir='ltr'>incedas</span> <span class='ocrx_word' id='word_1_232' title='bbox 950 2045 970 2068; x_wconf 87' lang='lat' dir='ltr'><em>v</em></span> <span class='ocrx_word' id='word_1_233' title='bbox 982 2037 1067 2077; x_wconf 79' lang='lat' dir='ltr'>post</span> <span class='ocrx_word' id='word_1_234' title='bbox 1085 2033 1290 2068; x_wconf 79' lang='lat' dir='ltr'>Pamelium</span> <span class='ocrx_word' id='word_1_235' title='bbox 1373 2032 1398 2068; x_wconf 83' lang='lat'>4</span> <span class='ocrx_word' id='word_1_236' title='bbox 1426 2032 1594 2077; x_wconf 86' lang='lat' dir='ltr'>uestigiis</span> <span class='ocrx_word' id='word_1_237' title='bbox 1613 2032 1690 2066; x_wconf 88' lang='lat' dir='ltr'>tuis</span> 
     </span>
     <span class='ocr_line' id='line_1_26' title="bbox 173 2090 1622 2136; baseline -0.002 -9"><span class='ocrx_word' id='word_1_238' title='bbox 173 2103 217 2127; x_wconf 67' lang='lat' dir='ltr'>ea:</span> <span class='ocrx_word' id='word_1_239' title='bbox 234 2092 382 2136; x_wconf 85' lang='lat' dir='ltr'>uestigii</span> <span class='ocrx_word' id='word_1_240' title='bbox 401 2092 455 2126; x_wconf 87' lang='lat' dir='ltr'>tui</span> <span class='ocrx_word' id='word_1_241' title='bbox 473 2092 522 2126; x_wconf 90' lang='lat' dir='ltr'><em>M</em></span> <span class='ocrx_word' id='word_1_242' title='bbox 535 2103 579 2126; x_wconf 83' lang='lat' dir='ltr'>m.</span> <span class='ocrx_word' id='word_1_243' title='bbox 598 2092 621 2127; x_wconf 83' lang='lat'><strong>2</strong></span> <span class='ocrx_word' id='word_1_244' title='bbox 693 2092 717 2129; x_wconf 84' lang='grc'>5</span> <span class='ocrx_word' id='word_1_245' title='bbox 743 2091 808 2136; x_wconf 87' lang='grc'><strong>313]</strong></span> <span class='ocrx_word' id='word_1_246' title='bbox 826 2091 894 2126; x_wconf 85' lang='grc'><strong>3613</strong></span> <span class='ocrx_word' id='word_1_247' title='bbox 914 2092 949 2125; x_wconf 89' lang='grc' dir='ltr'><strong><em>Β</em></strong></span> <span class='ocrx_word' id='word_1_248' title='bbox 1019 2091 1166 2125; x_wconf 88' lang='lat' dir='ltr'>licentia</span> <span class='ocrx_word' id='word_1_249' title='bbox 1185 2092 1220 2126; x_wconf 94' lang='lat' dir='ltr'><em>B</em></span> <span class='ocrx_word' id='word_1_250' title='bbox 1297 2090 1320 2127; x_wconf 88' lang='grc'><strong>6</strong></span> <span class='ocrx_word' id='word_1_251' title='bbox 1346 2090 1419 2135; x_wconf 90' lang='lat' dir='ltr'>qui]</span> <span class='ocrx_word' id='word_1_252' title='bbox 1439 2090 1556 2135; x_wconf 87' lang='lat' dir='ltr'>qualis</span> <span class='ocrx_word' id='word_1_253' title='bbox 1575 2090 1622 2124; x_wconf 99' lang='lat' dir='ltr'><em>M</em></span> 
     </span>
     <span class='ocr_line' id='line_1_27' title="bbox 172 2148 1687 2192; baseline -0.003 -7"><span class='ocrx_word' id='word_1_254' title='bbox 172 2149 420 2185; x_wconf 89' lang='lat' dir='ltr'>benefitiorum</span> <span class='ocrx_word' id='word_1_255' title='bbox 440 2150 525 2184; x_wconf 92' lang='lat' dir='ltr'>PM</span> <span class='ocrx_word' id='word_1_256' title='bbox 631 2149 653 2185; x_wconf 84' lang='lat'><strong>7</strong></span> <span class='ocrx_word' id='word_1_257' title='bbox 679 2149 786 2183; x_wconf 87' lang='lat' dir='ltr'>moris</span> <span class='ocrx_word' id='word_1_258' title='bbox 804 2149 851 2183; x_wconf 92' lang='lat' dir='ltr'><em>M</em></span> <span class='ocrx_word' id='word_1_259' title='bbox 857 2153 863 2170; x_wconf 94' lang='lat'>¹</span> <span class='ocrx_word' id='word_1_260' title='bbox 949 2149 990 2183; x_wconf 83' lang='lat' dir='ltr'>de</span> <span class='ocrx_word' id='word_1_261' title='bbox 1008 2148 1071 2183; x_wconf 82' lang='lat' dir='ltr'>deo</span> <span class='ocrx_word' id='word_1_262' title='bbox 1089 2159 1230 2182; x_wconf 88' lang='lat' dir='ltr'>munere</span> <span class='ocrx_word' id='word_1_263' title='bbox 1248 2148 1381 2192; x_wconf 78' lang='lat' dir='ltr'>scripsi</span> <span class='ocrx_word' id='word_1_264' title='bbox 1397 2148 1480 2191; x_wconf 81' lang='lat' dir='ltr'>(cfr.</span> <span class='ocrx_word' id='word_1_265' title='bbox 1497 2158 1534 2192; x_wconf 80' lang='lat' dir='ltr'>p.</span> <span class='ocrx_word' id='word_1_266' title='bbox 1551 2149 1605 2189; x_wconf 87' lang='lat'>15,</span> <span class='ocrx_word' id='word_1_267' title='bbox 1622 2149 1687 2181; x_wconf 90' lang='lat'><em>10.-</em></span> 
     </span>
     <span class='ocr_line' id='line_1_28' title="bbox 173 2205 1692 2251; baseline -0.003 -9"><span class='ocrx_word' id='word_1_268' title='bbox 173 2207 215 2242; x_wconf 87' lang='lat' dir='ltr'>de</span> <span class='ocrx_word' id='word_1_269' title='bbox 245 2207 308 2242; x_wconf 86' lang='lat' dir='ltr'>deo</span> <span class='ocrx_word' id='word_1_270' title='bbox 337 2208 489 2251; x_wconf 87' lang='lat' dir='ltr'>munus),</span> <span class='ocrx_word' id='word_1_271' title='bbox 516 2206 574 2241; x_wconf 84' lang='lat' dir='ltr'>dei</span> <span class='ocrx_word' id='word_1_272' title='bbox 603 2217 744 2241; x_wconf 91' lang='lat' dir='ltr'>munere</span> <span class='ocrx_word' id='word_1_273' title='bbox 762 2207 809 2240; x_wconf 91' lang='lat' dir='ltr'><em>M</em></span> <span class='ocrx_word' id='word_1_274' title='bbox 821 2206 884 2241; x_wconf 68' lang='lat' dir='ltr'>secl</span> <span class='ocrx_word' id='word_1_275' title='bbox 901 2206 958 2240; x_wconf 85' lang='lat' dir='ltr'>dei</span> <span class='ocrx_word' id='word_1_276' title='bbox 975 2217 1000 2240; x_wconf 72' lang='grc'>,3.</span> <span class='ocrx_word' id='word_1_277' title='bbox 1021 2206 1042 2240; x_wconf 85' lang='lat' dir='ltr'>l.</span> <span class='ocrx_word' id='word_1_278' title='bbox 1061 2217 1104 2240; x_wconf 83' lang='lat' dir='ltr'>m.</span> <span class='ocrx_word' id='word_1_279' title='bbox 1124 2207 1166 2247; x_wconf 76' lang='lat'>2,</span> <span class='ocrx_word' id='word_1_280' title='bbox 1193 2215 1336 2239; x_wconf 84' lang='lat' dir='ltr'>munere</span> <span class='ocrx_word' id='word_1_281' title='bbox 1351 2205 1401 2239; x_wconf 87' lang='lat' dir='ltr'><strong><em>W</em></strong></span> <span class='ocrx_word' id='word_1_282' title='bbox 1406 2205 1519 2246; x_wconf 91' lang='lat' dir='ltr'>VPB,</span> <span class='ocrx_word' id='word_1_283' title='bbox 1545 2215 1692 2238; x_wconf 85' lang='lat' dir='ltr'>munere</span> 
     </span>
     <span class='ocr_line' id='line_1_29' title="bbox 173 2261 1691 2306; baseline -0.003 -6"><span class='ocrx_word' id='word_1_284' title='bbox 173 2265 319 2300; x_wconf 87' lang='lat' dir='ltr'>caelesti</span> <span class='ocrx_word' id='word_1_285' title='bbox 338 2276 393 2306; x_wconf 72' lang='grc' dir='ltr'>νυ,</span> <span class='ocrx_word' id='word_1_286' title='bbox 428 2275 570 2298; x_wconf 85' lang='grc'><strong>1111111616</strong></span> <span class='ocrx_word' id='word_1_287' title='bbox 587 2263 708 2298; x_wconf 86' lang='grc'><strong>(11111110</strong></span> <span class='ocrx_word' id='word_1_288' title='bbox 726 2263 801 2299; x_wconf 81' lang='lat' dir='ltr'>cod.</span> <span class='ocrx_word' id='word_1_289' title='bbox 819 2264 854 2298; x_wconf 81' lang='lat' dir='ltr'>S.</span> <span class='ocrx_word' id='word_1_290' title='bbox 874 2264 1031 2298; x_wconf 81' lang='lat' dir='ltr'>Victoris</span> <span class='ocrx_word' id='word_1_291' title='bbox 1132 2266 1220 2297; x_wconf 79' lang='lat' dir='ltr'>ante</span> <span class='ocrx_word' id='word_1_292' title='bbox 1237 2273 1402 2296; x_wconf 88' lang='lat' dir='ltr'>mensura</span> <span class='ocrx_word' id='word_1_293' title='bbox 1421 2272 1513 2296; x_wconf 83' lang='lat' dir='ltr'>eras.</span> <span class='ocrx_word' id='word_1_294' title='bbox 1531 2261 1691 2296; x_wconf 90' lang='lat' dir='ltr'>muneris</span> 
     </span>
     <span class='ocr_line' id='line_1_30' title="bbox 174 2320 1690 2358; baseline -0.003 -1"><span class='ocrx_word' id='word_1_295' title='bbox 174 2323 217 2357; x_wconf 76' lang='lat' dir='ltr'>in</span> <span class='ocrx_word' id='word_1_296' title='bbox 234 2322 270 2357; x_wconf 92' lang='lat' dir='ltr'><strong><em>P</em></strong></span> <span class='ocrx_word' id='word_1_297' title='bbox 340 2322 362 2358; x_wconf 87' lang='lat'>9</span> <span class='ocrx_word' id='word_1_298' title='bbox 389 2321 659 2356; x_wconf 86' lang='lat' dir='ltr'>cohercentibus</span> <span class='ocrx_word' id='word_1_299' title='bbox 677 2322 713 2356; x_wconf 93' lang='lat' dir='ltr'><em>P</em></span> <span class='ocrx_word' id='word_1_300' title='bbox 782 2322 880 2356; x_wconf 86' lang='lat' dir='ltr'>certa</span> <span class='ocrx_word' id='word_1_301' title='bbox 898 2322 1074 2355; x_wconf 87' lang='lat' dir='ltr'>metarum</span> <span class='ocrx_word' id='word_1_302' title='bbox 1092 2331 1137 2355; x_wconf 74' lang='lat' dir='ltr'>ecc</span> <span class='ocrx_word' id='word_1_303' title='bbox 1153 2322 1330 2355; x_wconf 85' lang='lat' dir='ltr'>certarum</span> <span class='ocrx_word' id='word_1_304' title='bbox 1348 2320 1394 2354; x_wconf 91' lang='lat' dir='ltr'><em>M</em></span> <span class='ocrx_word' id='word_1_305' title='bbox 1407 2331 1450 2354; x_wconf 83' lang='lat' dir='ltr'>m.</span> <span class='ocrx_word' id='word_1_306' title='bbox 1470 2321 1495 2353; x_wconf 86' lang='lat'><strong><em>2</em></strong></span> <span class='ocrx_word' id='word_1_307' title='bbox 1577 2321 1690 2353; x_wconf 87' lang='lat' dir='ltr'>meta-</span> 
     </span>
     <span class='ocr_line' id='line_1_31' title="bbox 174 2376 1690 2424; baseline -0.003 -10"><span class='ocrx_word' id='word_1_308' title='bbox 174 2380 267 2424; x_wconf 90' lang='lat' dir='ltr'>rum]</span> <span class='ocrx_word' id='word_1_309' title='bbox 286 2382 438 2414; x_wconf 76' lang='lat' dir='ltr'>rhtorum</span> <span class='ocrx_word' id='word_1_310' title='bbox 456 2381 492 2415; x_wconf 92' lang='lat' dir='ltr'><em>B</em></span> <span class='ocrx_word' id='word_1_311' title='bbox 555 2379 674 2424; x_wconf 86' lang='lat' dir='ltr'>spacia</span> <span class='ocrx_word' id='word_1_312' title='bbox 693 2379 727 2414; x_wconf 91' lang='lat' dir='ltr'><em>B</em></span> <span class='ocrx_word' id='word_1_313' title='bbox 801 2379 850 2415; x_wconf 87' lang='grc'>10</span> <span class='ocrx_word' id='word_1_314' title='bbox 873 2379 1073 2413; x_wconf 87' lang='lat' dir='ltr'>refrenatur</span> <span class='ocrx_word' id='word_1_315' title='bbox 1094 2379 1174 2420; x_wconf 84' lang='lat' dir='ltr'>Mr,</span> <span class='ocrx_word' id='word_1_316' title='bbox 1195 2378 1419 2412; x_wconf 84' lang='lat' dir='ltr'>refrenantur</span> <span class='ocrx_word' id='word_1_317' title='bbox 1438 2377 1473 2412; x_wconf 91' lang='lat' dir='ltr'><em>P</em></span> <span class='ocrx_word' id='word_1_318' title='bbox 1543 2376 1690 2411; x_wconf 85' lang='lat' dir='ltr'>affluen-</span> 
     </span>
     <span class='ocr_line' id='line_1_32' title="bbox 173 2434 1623 2473; baseline -0.002 -2"><span class='ocrx_word' id='word_1_319' title='bbox 173 2439 229 2471; x_wconf 81' lang='lat' dir='ltr'>ter</span> <span class='ocrx_word' id='word_1_320' title='bbox 246 2437 328 2471; x_wconf 85' lang='grc' dir='ltr'>ΜΒ</span> <span class='ocrx_word' id='word_1_321' title='bbox 423 2438 469 2473; x_wconf 88' lang='lat'>11</span> <span class='ocrx_word' id='word_1_322' title='bbox 497 2437 574 2471; x_wconf 88' lang='grc'><strong>11116</strong></span> <span class='ocrx_word' id='word_1_323' title='bbox 608 2437 658 2472; x_wconf 87' lang='lat' dir='ltr'><em>W</em></span> <span class='ocrx_word' id='word_1_324' title='bbox 737 2437 785 2473; x_wconf 81' lang='lat'>12</span> <span class='ocrx_word' id='word_1_325' title='bbox 813 2436 971 2471; x_wconf 82' lang='lat' dir='ltr'>aurimus</span> <span class='ocrx_word' id='word_1_326' title='bbox 1008 2436 1074 2470; x_wconf 70' lang='grc' dir='ltr'>ΠΠ</span> <span class='ocrx_word' id='word_1_327' title='bbox 1165 2435 1372 2469; x_wconf 86' lang='lat' dir='ltr'>castitatem</span> <span class='ocrx_word' id='word_1_328' title='bbox 1402 2434 1557 2469; x_wconf 89' lang='lat' dir='ltr'>sobriam</span> <span class='ocrx_word' id='word_1_329' title='bbox 1587 2434 1623 2469; x_wconf 87' lang='lat' dir='ltr'><strong><em>P</em></strong></span> 
     </span>
    </p>

    <p class='ocr_par' dir='ltr' id='par_1_6' title="bbox 176 2491 1695 2941">
     <span class='ocr_line' id='line_1_33' title="bbox 177 2491 1690 2538; baseline -0.003 -7"><span class='ocrx_word' id='word_1_330' title='bbox 177 2494 226 2531; x_wconf 90' lang='lat'>13</span> <span class='ocrx_word' id='word_1_331' title='bbox 252 2494 387 2528; x_wconf 83' lang='lat' dir='ltr'>uirtute</span> <span class='ocrx_word' id='word_1_332' title='bbox 417 2494 570 2537; x_wconf 87' lang='lat' dir='ltr'>sincera,</span> <span class='ocrx_word' id='word_1_333' title='bbox 597 2504 680 2528; x_wconf 91' lang='grc'><strong>11066</strong></span> <span class='ocrx_word' id='word_1_334' title='bbox 709 2505 799 2538; x_wconf 87' lang='lat' dir='ltr'>pura</span> <span class='ocrx_word' id='word_1_335' title='bbox 816 2495 889 2535; x_wconf 78' lang='lat' dir='ltr'>Pv,</span> <span class='ocrx_word' id='word_1_336' title='bbox 916 2504 998 2528; x_wconf 91' lang='lat' dir='ltr'>uoce</span> <span class='ocrx_word' id='word_1_337' title='bbox 1023 2504 1128 2538; x_wconf 88' lang='lat' dir='ltr'>pura,</span> <span class='ocrx_word' id='word_1_338' title='bbox 1156 2492 1293 2527; x_wconf 84' lang='lat' dir='ltr'>uirtute</span> <span class='ocrx_word' id='word_1_339' title='bbox 1319 2492 1455 2527; x_wconf 89' lang='lat' dir='ltr'>sincera</span> <span class='ocrx_word' id='word_1_340' title='bbox 1472 2504 1509 2533; x_wconf 70' lang='lat' dir='ltr'>rz·;</span> <span class='ocrx_word' id='word_1_341' title='bbox 1548 2491 1632 2525; x_wconf 91' lang='lat' dir='ltr'>uirt.</span> <span class='ocrx_word' id='word_1_342' title='bbox 1663 2502 1690 2527; x_wconf 86' lang='grc'><strong>3.</strong></span> 
     </span>
     <span class='ocr_line' id='line_1_34' title="bbox 176 2548 1693 2596; baseline -0.003 -10"><span class='ocrx_word' id='word_1_343' title='bbox 176 2562 239 2586; x_wconf 85' lang='lat' dir='ltr'>om.</span> <span class='ocrx_word' id='word_1_344' title='bbox 256 2551 419 2587; x_wconf 86' lang='lat' dir='ltr'>WVMB</span> <span class='ocrx_word' id='word_1_345' title='bbox 481 2551 669 2585; x_wconf 83' lang='lat' dir='ltr'>medellam</span> <span class='ocrx_word' id='word_1_346' title='bbox 685 2551 733 2586; x_wconf 87' lang='lat' dir='ltr'><em>W</em></span> <span class='ocrx_word' id='word_1_347' title='bbox 740 2551 807 2586; x_wconf 91' lang='lat' dir='ltr'>¹P¹</span> <span class='ocrx_word' id='word_1_348' title='bbox 824 2578 831 2592; x_wconf 94' lang='lat'>‚</span> <span class='ocrx_word' id='word_1_349' title='bbox 850 2551 1024 2585; x_wconf 86' lang='lat' dir='ltr'>medelam</span> <span class='ocrx_word' id='word_1_350' title='bbox 1048 2551 1255 2591; x_wconf 79' lang='lat' dir='ltr'>VBW²P²,</span> <span class='ocrx_word' id='word_1_351' title='bbox 1282 2549 1437 2596; x_wconf 48' lang='lat' dir='ltr'>medeka</span> <span class='ocrx_word' id='word_1_352' title='bbox 1455 2549 1503 2583; x_wconf 88' lang='lat' dir='ltr'><em>M</em></span> <span class='ocrx_word' id='word_1_353' title='bbox 1519 2548 1693 2593; x_wconf 86' lang='lat' dir='ltr'>(medulla.</span> 
     </span>
     <span class='ocr_line' id='line_1_35' title="bbox 176 2606 1616 2652; baseline -0.001 -9"><span class='ocrx_word' id='word_1_354' title='bbox 176 2609 452 2643; x_wconf 87' lang='lat' dir='ltr'>adolescentium</span> <span class='ocrx_word' id='word_1_355' title='bbox 471 2620 506 2650; x_wconf 82' lang='lat' dir='ltr'>r,</span> <span class='ocrx_word' id='word_1_356' title='bbox 531 2608 669 2643; x_wconf 84' lang='lat' dir='ltr'>medela</span> <span class='ocrx_word' id='word_1_357' title='bbox 685 2608 939 2643; x_wconf 87' lang='lat' dir='ltr'>dolescentium</span> <span class='ocrx_word' id='word_1_358' title='bbox 953 2608 1085 2642; x_wconf 72' lang='lat' dir='ltr'>maluit</span> <span class='ocrx_word' id='word_1_359' title='bbox 1097 2607 1302 2652; x_wconf 73' lang='lat' dir='ltr'>Riqaltius)</span> <span class='ocrx_word' id='word_1_360' title='bbox 1378 2607 1426 2643; x_wconf 84' lang='lat'>14</span> <span class='ocrx_word' id='word_1_361' title='bbox 1452 2606 1547 2641; x_wconf 89' lang='lat' dir='ltr'>uiros</span> <span class='ocrx_word' id='word_1_362' title='bbox 1565 2606 1616 2641; x_wconf 80' lang='grc' dir='ltr'>Ρι</span> 
     </span>
     <span class='ocr_line' id='line_1_36' title="bbox 176 2662 1694 2711; baseline -0.003 -11"><span class='ocrx_word' id='word_1_363' title='bbox 176 2666 338 2711; x_wconf 83' lang='lat' dir='ltr'>extingui</span> <span class='ocrx_word' id='word_1_364' title='bbox 348 2667 393 2708; x_wconf 88' lang='lat' dir='ltr'>P,</span> <span class='ocrx_word' id='word_1_365' title='bbox 407 2666 469 2701; x_wconf 82' lang='lat' dir='ltr'>sed</span> <span class='ocrx_word' id='word_1_366' title='bbox 483 2678 523 2701; x_wconf 85' lang='lat' dir='ltr'>ex</span> <span class='ocrx_word' id='word_1_367' title='bbox 535 2667 577 2701; x_wconf 83' lang='lat' dir='ltr'>in</span> <span class='ocrx_word' id='word_1_368' title='bbox 591 2677 661 2701; x_wconf 75' lang='lat' dir='ltr'>ras,</span> <span class='ocrx_word' id='word_1_369' title='bbox 678 2670 711 2701; x_wconf 78' lang='lat' dir='ltr'>et</span> <span class='ocrx_word' id='word_1_370' title='bbox 724 2667 740 2700; x_wconf 86' lang='lat' dir='ltr'>t</span> <span class='ocrx_word' id='word_1_371' title='bbox 753 2677 796 2700; x_wconf 87' lang='lat' dir='ltr'>m.</span> <span class='ocrx_word' id='word_1_372' title='bbox 807 2669 830 2701; x_wconf 84' lang='lat'><em>2</em></span> <span class='ocrx_word' id='word_1_373' title='bbox 896 2666 943 2703; x_wconf 89' lang='lat'>15</span> <span class='ocrx_word' id='word_1_374' title='bbox 961 2665 1107 2710; x_wconf 85' lang='lat' dir='ltr'>purgari</span> <span class='ocrx_word' id='word_1_375' title='bbox 1119 2665 1155 2700; x_wconf 91' lang='lat' dir='ltr'><em>P</em></span> <span class='ocrx_word' id='word_1_376' title='bbox 1215 2664 1262 2700; x_wconf 91' lang='grc'>16</span> <span class='ocrx_word' id='word_1_377' title='bbox 1281 2663 1454 2699; x_wconf 89' lang='lat' dir='ltr'>ferocibus</span> <span class='ocrx_word' id='word_1_378' title='bbox 1468 2674 1512 2698; x_wconf 71' lang='lat' dir='ltr'>ex</span> <span class='ocrx_word' id='word_1_379' title='bbox 1525 2662 1694 2698; x_wconf 79' lang='lat' dir='ltr'>ferocien-</span> 
     </span>
     <span class='ocr_line' id='line_1_37' title="bbox 177 2721 1693 2768; baseline -0.003 -10"><span class='ocrx_word' id='word_1_380' title='bbox 177 2723 275 2758; x_wconf 89' lang='lat' dir='ltr'>tibus</span> <span class='ocrx_word' id='word_1_381' title='bbox 291 2724 327 2758; x_wconf 92' lang='lat' dir='ltr'><em>P</em></span> <span class='ocrx_word' id='word_1_382' title='bbox 414 2723 462 2760; x_wconf 85' lang='lat'>18</span> <span class='ocrx_word' id='word_1_383' title='bbox 487 2724 632 2768; x_wconf 81' lang='lat' dir='ltr'>urgueri</span> <span class='ocrx_word' id='word_1_384' title='bbox 651 2724 687 2758; x_wconf 92' lang='lat' dir='ltr'><em>P</em></span> <span class='ocrx_word' id='word_1_385' title='bbox 770 2723 817 2760; x_wconf 86' lang='lat'>19</span> <span class='ocrx_word' id='word_1_386' title='bbox 843 2723 1044 2758; x_wconf 84' lang='lat' dir='ltr'>heiulantes</span> <span class='ocrx_word' id='word_1_387' title='bbox 1068 2722 1199 2763; x_wconf 87' lang='lat' dir='ltr'>WPB,</span> <span class='ocrx_word' id='word_1_388' title='bbox 1227 2722 1425 2756; x_wconf 86' lang='lat' dir='ltr'>aeiulantes</span> <span class='ocrx_word' id='word_1_389' title='bbox 1443 2721 1490 2755; x_wconf 89' lang='lat' dir='ltr'><em>M</em></span> <span class='ocrx_word' id='word_1_390' title='bbox 1572 2722 1609 2754; x_wconf 88' lang='lat' dir='ltr'>et</span> <span class='ocrx_word' id='word_1_391' title='bbox 1632 2730 1693 2764; x_wconf 88' lang='lat' dir='ltr'>ge-</span> 
     </span>
     <span class='ocr_line' id='line_1_38' title="bbox 178 2777 1626 2826; baseline -0.003 -11"><span class='ocrx_word' id='word_1_392' title='bbox 178 2782 315 2815; x_wconf 81' lang='lat' dir='ltr'>mentes</span> <span class='ocrx_word' id='word_1_393' title='bbox 339 2781 419 2815; x_wconf 92' lang='lat' dir='ltr'>MB</span> <span class='ocrx_word' id='word_1_394' title='bbox 504 2791 614 2825; x_wconf 82' lang='lat' dir='ltr'>paene</span> <span class='ocrx_word' id='word_1_395' title='bbox 638 2781 700 2822; x_wconf 88' lang='lat' dir='ltr'>W,</span> <span class='ocrx_word' id='word_1_396' title='bbox 727 2791 834 2826; x_wconf 90' lang='lat' dir='ltr'>poene</span> <span class='ocrx_word' id='word_1_397' title='bbox 854 2781 890 2815; x_wconf 91' lang='lat' dir='ltr'><em>P</em></span> <span class='ocrx_word' id='word_1_398' title='bbox 976 2781 1214 2825; x_wconf 74' lang='lat' dir='ltr'>propagantes</span> <span class='ocrx_word' id='word_1_399' title='bbox 1239 2780 1275 2814; x_wconf 91' lang='lat' dir='ltr'><em>P</em></span> <span class='ocrx_word' id='word_1_400' title='bbox 1359 2778 1412 2815; x_wconf 81' lang='grc'>20</span> <span class='ocrx_word' id='word_1_401' title='bbox 1436 2777 1564 2822; x_wconf 86' lang='lat' dir='ltr'>fraglis</span> <span class='ocrx_word' id='word_1_402' title='bbox 1590 2778 1626 2812; x_wconf 94' lang='lat' dir='ltr'><em>P</em></span> 
     </span>
     <span class='ocr_line' id='line_1_39' title="bbox 179 2834 1695 2883; baseline -0.003 -11"><span class='ocrx_word' id='word_1_403' title='bbox 179 2838 299 2873; x_wconf 86' lang='lat' dir='ltr'>cedere</span> <span class='ocrx_word' id='word_1_404' title='bbox 323 2838 369 2872; x_wconf 93' lang='lat' dir='ltr'><strong><em>W</em></strong></span> <span class='ocrx_word' id='word_1_405' title='bbox 450 2838 573 2883; x_wconf 85' lang='lat' dir='ltr'>flagris</span> <span class='ocrx_word' id='word_1_406' title='bbox 605 2837 746 2872; x_wconf 87' lang='lat' dir='ltr'>caedere</span> <span class='ocrx_word' id='word_1_407' title='bbox 776 2849 841 2872; x_wconf 87' lang='lat' dir='ltr'>om.</span> <span class='ocrx_word' id='word_1_408' title='bbox 874 2837 922 2872; x_wconf 89' lang='lat' dir='ltr'><em>M</em></span> <span class='ocrx_word' id='word_1_409' title='bbox 999 2847 1055 2871; x_wconf 88' lang='lat' dir='ltr'>res</span> <span class='ocrx_word' id='word_1_410' title='bbox 1088 2836 1179 2881; x_wconf 89' lang='lat' dir='ltr'>illic]</span> <span class='ocrx_word' id='word_1_411' title='bbox 1198 2855 1240 2868; x_wconf 70' lang='lat' dir='ltr'>m</span> <span class='ocrx_word' id='word_1_412' title='bbox 1258 2835 1335 2870; x_wconf 90' lang='lat' dir='ltr'>illic</span> <span class='ocrx_word' id='word_1_413' title='bbox 1364 2836 1400 2870; x_wconf 93' lang='lat' dir='ltr'><em>P</em></span> <span class='ocrx_word' id='word_1_414' title='bbox 1481 2834 1621 2880; x_wconf 87' lang='lat' dir='ltr'>geritur</span> <span class='ocrx_word' id='word_1_415' title='bbox 1649 2844 1695 2868; x_wconf 81' lang='lat' dir='ltr'>ex</span> 
     </span>
     <span class='ocr_line' id='line_1_40' title="bbox 180 2893 1353 2941; baseline -0.004 -9"><span class='ocrx_word' id='word_1_416' title='bbox 180 2895 318 2941; x_wconf 84' lang='lat' dir='ltr'>regitur</span> <span class='ocrx_word' id='word_1_417' title='bbox 335 2896 382 2930; x_wconf 89' lang='lat' dir='ltr'><em>M</em></span> <span class='ocrx_word' id='word_1_418' title='bbox 394 2907 438 2930; x_wconf 85' lang='lat' dir='ltr'>m.</span> <span class='ocrx_word' id='word_1_419' title='bbox 456 2897 482 2930; x_wconf 77' lang='lat'><strong><em>2</em></strong></span> <span class='ocrx_word' id='word_1_420' title='bbox 552 2896 601 2932; x_wconf 84' lang='lat'>21</span> <span class='ocrx_word' id='word_1_421' title='bbox 628 2896 679 2941; x_wconf 85' lang='lat' dir='ltr'>et]</span> <span class='ocrx_word' id='word_1_422' title='bbox 698 2895 757 2930; x_wconf 89' lang='lat' dir='ltr'>sed</span> <span class='ocrx_word' id='word_1_423' title='bbox 775 2896 811 2931; x_wconf 91' lang='lat' dir='ltr'><em>P</em></span> <span class='ocrx_word' id='word_1_424' title='bbox 879 2895 934 2930; x_wconf 81' lang='lat' dir='ltr'>ita</span> <span class='ocrx_word' id='word_1_425' title='bbox 950 2905 1015 2930; x_wconf 73' lang='lat' dir='ltr'>om.</span> <span class='ocrx_word' id='word_1_426' title='bbox 1036 2895 1072 2929; x_wconf 93' lang='lat' dir='ltr'><em>P</em></span> <span class='ocrx_word' id='word_1_427' title='bbox 1141 2893 1298 2938; x_wconf 84' lang='lat' dir='ltr'>cepimus</span> <span class='ocrx_word' id='word_1_428' title='bbox 1319 2893 1353 2928; x_wconf 94' lang='lat' dir='ltr'><em>P</em></span> 
     </span>
    </p>
   </div>
  </div>
 </body>
</html>
