1838 3152
229 211 313 253 556
773 210 965 245 Caecilii
991 210 1204 255 Cypriani

227 313 344 355 nobis
367 314 407 354 et
427 313 846 367 adpropinquantibus
870 315 911 355 et
933 326 1032 366 quos
1055 327 1101 355 ex
1123 314 1216 355 aliis
1236 315 1458 367 prouinciis
1487 315 1607 371 longe
1627 316 1738 370 posi-

227 382 282 423 tis
312 382 604 434 persecutionis
633 382 754 423 istius
784 383 901 424 ardor
933 382 1146 434 deiecerat,
1177 384 1270 424 ante
1292 384 1628 426 constitutionem
1650 385 1737 437 epi-

228 451 339 504 scopi
370 451 475 491 nihil
505 451 782 492 innouandum
809 451 1064 504 putauimUS,
1095 451 1165 492 sed
1187 452 1394 504 lapsorum
1417 464 1558 494 curam
1579 453 1736 494 medio-

228 519 352 561 criter
385 520 693 572 temperandam
728 532 812 561 esse
845 519 1107 570 credidimus,
1146 521 1193 561 ut
1215 520 1382 561 interim
1404 521 1503 561 dum
1525 521 1737 574 episcopus

228 588 318 629 dari
341 601 363 629 a
384 588 469 629 Deo
491 588 608 630 nobis
630 588 856 630 sustinetur
877 588 920 629 in
941 600 1135 642 suspenso
1158 601 1298 630 eorum
1321 589 1390 641 qni
1412 601 1545 630 moras
1565 589 1738 643 possunt
1752 607 1766 631 5

227 656 441 698 dilationis
473 657 673 698 sustinere
707 669 830 698 causa
849 657 1063 707 teneatur,
1099 669 1237 698 eorum
1271 658 1409 698 autem
1430 669 1604 710 quorum
1625 658 1738 700 uitae

228 737 325 767 suae
347 725 470 767 finem
491 738 640 779 urgens
662 726 794 767 exitus
817 725 1059 767 dilationem
1080 738 1159 767 non
1180 726 1316 779 potest
1337 726 1454 776 ferre,
1488 727 1577 768 acta
1599 727 1739 781 paeni-

228 794 360 835 tentia
392 794 433 836 et
463 794 643 848 professa
675 794 909 847 frequenter
944 806 1110 836 suorum
1143 795 1413 836 detestatione
1449 794 1664 846 factorum,
1704 795 1740 837 si

228 863 423 914 lacrimis,
464 863 498 904 si
528 863 765 918 gemitibus,
804 864 838 905 si
866 863 1031 905 fletibus
1064 864 1248 905 dolentes
1280 876 1325 905 ac
1355 876 1449 905 uere
1483 863 1738 917 paenitentes

229 938 357 980 animi
387 938 504 991 signa
531 934 812 989 prodiderunt,
845 946 939 974 cum
969 945 1059 986 spes
1087 933 1257 975 uiuendi
1278 933 1504 975 secundum
1525 932 1735 973 hominem
1750 950 1783 975 10

229 1007 345 1048 nulla
381 1004 627 1055 substiterit,
665 1004 724 1045 ita
756 1004 923 1045 demum
954 1002 1072 1044 caute
1104 1003 1145 1044 et
1178 1002 1356 1044 sollicite
1392 1001 1615 1052 subueniri,
1653 1002 1738 1042 Deo

228 1076 316 1129 ipso
340 1075 491 1117 sciente
513 1073 612 1126 quid
634 1072 683 1114 de
704 1073 860 1114 talibus
881 1071 1009 1114 faciat
1030 1072 1071 1112 et
1089 1071 1264 1124 qualiter
1285 1070 1429 1112 iudicii
1451 1070 1514 1111 sui
1536 1070 1740 1111 examinet

227 1145 419 1197 pondera,
453 1142 569 1184 nobis
602 1142 743 1183 tamen
774 1141 889 1183 anxie
921 1140 1161 1182 curantibus
1183 1141 1230 1181 ut
1251 1152 1325 1181 nec
1357 1152 1528 1193 pronam
1556 1140 1740 1181 nostram

228 1214 391 1268 inprobi
411 1213 596 1255 homines
618 1212 788 1254 laudent
809 1210 1055 1252 facilitatem
1072 1221 1146 1251 nec
1162 1221 1256 1250 uere
1276 1208 1529 1261 paenitentes
1551 1209 1740 1249 accusent

230 1285 412 1325 nostram
445 1282 561 1335 quasi
592 1282 740 1323 duram
775 1279 1076 1322 crudelitatem.
1113 1278 1301 1330 optamus
1332 1278 1386 1327 te,
1424 1277 1661 1318 beatissime
1694 1289 1739 1318 ac
1755 1293 1785 1318 15

230 1352 526 1406 gloriosissime
566 1363 684 1403 papa,
728 1361 886 1402 semper
926 1348 968 1389 in
1004 1347 1179 1389 Domino
1220 1347 1320 1387 bene
1361 1347 1498 1387 ualere
1536 1347 1576 1386 et
1612 1344 1740 1386 nostri

231 1421 482 1463 meminisse.

297 1616 318 1650 2
335 1613 638 1659 persecutionibus
656 1611 691 1645 B
790 1611 958 1644 *eiecerat
973 1610 1023 1653 H,
1043 1610 1192 1643 eiecerat
1207 1609 1341 1644 BLNv
1445 1607 1468 1642 4
1485 1607 1658 1641 credimus
1672 1617 1692 1640 v

233 1673 252 1706 7
271 1672 338 1706 fine
358 1671 515 1706 RHLN
641 1669 813 1703 dilatione
835 1669 868 1702 T
995 1668 1016 1701 9
1034 1667 1064 1701 si
1081 1667 1225 1701 fletibus
1251 1678 1315 1701 om.
1335 1666 1377 1700 H
1499 1664 1652 1699 dolentis
1670 1675 1690 1699 v

234 1730 450 1774 paenitentis
476 1728 582 1769 LNv,
613 1726 834 1771 poenitentia
856 1727 888 1760 T
1017 1725 1060 1758 10
1085 1724 1304 1769 prodiderint
1322 1723 1455 1758 BLNv
1588 1723 1630 1755 11
1657 1721 1738 1755 sub-

235 1787 373 1821 stiterit
403 1787 444 1820 m
474 1785 623 1819 subierit
653 1795 744 1818 corr.
775 1784 818 1818 N
947 1782 1133 1816 subuenire
1166 1783 1199 1817 T
1328 1782 1371 1815 12
1400 1781 1471 1825 ipsi
1500 1779 1628 1813 scienti
1663 1779 1695 1812 T

231 1844 324 1888 quod
342 1844 386 1886 Β,
407 1844 467 1888 qui
486 1844 531 1877 H
634 1842 775 1876 iudiciis
794 1841 867 1875 suis
886 1841 921 1875 B
1038 1841 1080 1874 13
1098 1839 1219 1874 ancxie
1237 1839 1327 1874 ΒΝ1
1438 1838 1639 1872 cnrauimus
1659 1837 1693 1871 B

236 1902 279 1936 14
296 1901 447 1936 laudant
465 1901 538 1935 LT
664 1899 707 1933 15
726 1900 808 1943 opto
826 1909 888 1932 uos
906 1898 1036 1932 fratres
1054 1897 1256 1931 beatissimi
1274 1908 1313 1931 ac
1330 1895 1582 1941 gloriosissimi
1601 1905 1735 1938 semper

234 1960 323 1994 bene
342 1963 403 1993 etc.
427 1960 459 1994 T
566 1958 609 1992 16
627 1958 665 1991 in
683 1957 823 1991 domino
842 1967 977 2000 semper
994 1967 1024 1997 v,
1051 1966 1186 2000 semper
1205 1955 1239 1989 B
1348 1956 1384 1988 et
1401 1953 1514 1988 nostri
1531 1952 1733 1986 meminisse

232 2028 297 2051 om.
315 2017 359 2051 B.
380 2037 422 2040 ——
441 2016 613 2060 Cypriano
632 2025 743 2059 papa-e
760 2003 843 2058 pTJrr
861 2015 896 2047 ct
912 2002 968 2047 'iffi'
976 2013 1106 2047 Romae
1124 2012 1357 2046 consistentes
1377 2010 1663 2055 (consistentibus
1682 2010 1738 2052 N>

233 2074 378 2118 explicit
392 2074 513 2114 FLN,
531 2073 586 2107 Ad
600 2072 815 2117 Cyprianum
831 2071 915 2105 cleri
930 2072 966 2104 et
978 2070 1093 2115 plebis
1108 2070 1345 2103 Romanorum
1363 2068 1516 2113 epistola
1533 2067 1679 2112 explicit
1693 2066 1738 2107 B,

231 2132 390 2177 Explicit
408 2131 452 2165 ad
470 2131 645 2165 Romanos
668 2131 706 2171 T,
727 2141 791 2164 om.
811 2129 862 2163 H.
882 2148 925 2153 —
