1838 3152
624 249 859 294 Epistulae
883 247 962 281 LV.
990 247 1134 282 14—17.
1543 249 1626 291 635

123 353 367 396 infirmus
398 351 630 394 infirmis
661 354 715 393 ut
746 351 988 393 infirmos
1019 350 1262 392 lucrarer.
1303 354 1344 394 et
1375 351 1548 394 iterum:
1586 350 1627 392 si

123 422 324 476 patitur
377 420 654 463 membrum
704 432 873 469 unum,
933 419 1308 472 conpatiuntur
1357 422 1406 462 et
1456 420 1628 461 cetera

122 490 363 532 membra:
404 490 452 531 et
483 489 525 531 si
556 489 784 530 laetatur
814 500 963 529 unum
995 487 1293 538 membrum,
1335 488 1627 530 conlaetan-

125 561 210 600 tur
241 559 288 600 et
318 559 492 599 cetera
521 557 759 599 membra.

95 640 111 664 5
181 626 278 668 Alia
308 628 370 667 est
401 625 734 679 philosophorum
765 625 806 667 et
834 623 1063 667 Stoicorum
1094 624 1212 674 ratio,
1245 623 1372 666 frater
1402 624 1626 674 carissime,
1647 625 1697 665 16

122 695 191 747 qui
220 695 363 736 dicunt
391 694 528 735 omnia
555 695 721 747 peccata
747 693 862 746 paria
883 705 969 734 esse
991 694 1032 734 et
1054 692 1190 734 uirum
1212 705 1381 746 grauem
1404 706 1484 735 non
1505 693 1627 735 facile

121 762 230 804 flecti
261 764 455 817 oportere.
495 762 602 804 inter
623 761 874 804 Christianos
895 763 1035 803 autem
1057 762 1098 803 et
1117 761 1380 815 philosophos
1401 762 1629 815 plurimum

122 832 263 873 distat.
287 833 443 873 etcum
470 831 678 883 apostolus
706 830 838 872 dicat:
869 830 1044 871 uidete
1073 842 1130 872 ne
1161 830 1275 883 quis
1306 842 1393 871 uos
1425 829 1628 883 deprae-

122 900 272 941 detur
301 912 387 952 per
417 898 802 953 philosophiam
832 900 880 940 et
909 898 1109 941 inanem
1140 897 1429 948 fallaciam,
1460 899 1630 940 uitanda

77 984 110 1009 10
124 971 220 1010 sunt
255 981 359 1021 quae
389 979 468 1009 non
500 968 550 1009 de
579 967 656 1009 Dei
692 967 912 1009 clementia
946 966 1132 1017 ueniunt,
1169 967 1239 1008 sed
1270 966 1319 1009 de
1349 966 1631 1021 philosophiae

123 1037 299 1078 durioris
329 1036 661 1090 praesumptione
692 1035 956 1078 descendunt.
989 1035 1039 1076 de
1060 1035 1200 1090 Moyse
1229 1037 1369 1077 autem
1390 1035 1567 1090 legimus
1588 1035 1630 1076 in

126 1104 341 1158 scripturis
372 1104 551 1146 dictum:
593 1106 642 1146 et
671 1103 778 1145 fuit
807 1104 1009 1158 Moyses
1046 1103 1188 1145 homo
1219 1103 1351 1146 lenis
1381 1104 1546 1146 nimis.
1589 1106 1633 1146 et

122 1174 322 1216 Dominus
344 1173 387 1214 in
408 1173 623 1228 euangelio
644 1185 716 1214 suo
738 1172 860 1214 dicit:
892 1173 1058 1214 estote
1079 1173 1465 1223 misericordes,
1495 1172 1632 1215 sicut

123 1244 171 1284 et
210 1244 360 1297 pater
399 1243 573 1284 uester
611 1242 857 1283 misertus
899 1242 977 1283 est
1017 1241 1198 1282 uestri.
1248 1242 1290 1283 et
1320 1241 1491 1283 iterum:
1538 1254 1629 1283 non

78 1312 200 1353 nest
230 1323 353 1364 opus
391 1310 530 1352 sanis
571 1310 817 1360 medicus,
856 1310 941 1351 sed
980 1309 1112 1351 male
1142 1309 1468 1352 habentibus.
1507 1322 1631 1363 quam

122 1381 259 1433 potest
275 1391 455 1420 exercere
477 1378 724 1420 medicinam
740 1379 809 1431 qui
828 1378 948 1420 dicit:
970 1372 1061 1433 ‘ego
1083 1378 1189 1420 solos
1211 1390 1328 1420 sanos
1350 1390 1458 1429 cum,
1481 1378 1632 1431 quibus

123 1447 306 1489 medicus
333 1448 584 1489 necessarius
606 1459 684 1488 non
705 1440 795 1488 est’.
828 1459 947 1500 opem
977 1448 1175 1497 nostram,
1205 1447 1426 1489 medellam
1447 1449 1630 1489 nostram

123 1515 351 1558 uulneratis
392 1515 579 1557 exhibere
615 1515 822 1557 debemus.
863 1527 937 1557 nec
972 1516 1164 1569 putemus
1201 1517 1382 1558 mortuos
1418 1529 1516 1566 esse,
1559 1515 1630 1557 sed

123 1585 258 1640 magis
288 1584 547 1626 semianimes
575 1584 705 1626 iacere
734 1597 801 1626 eos
823 1597 922 1637 quos
943 1585 1220 1637 persecutione
1242 1583 1403 1626 funesta
1423 1584 1629 1626 sauciatos

78 1668 112 1694 ρο
125 1653 332 1695 uidemus:
356 1653 426 1706 qui
444 1653 478 1694 si
494 1653 537 1694 111
553 1655 690 1695 10111111
711 1653 865 1695 mortui
887 1654 1034 1703 essent,
1056 1665 1281 1705 numquam
1298 1653 1347 1694 de
1363 1653 1495 1694 isdem
1515 1654 1628 1706 post—

123 1721 292 1764 modum
314 1723 355 1763 et
376 1721 621 1764 confessores
644 1723 685 1764 et
705 1722 908 1775 martyres
929 1721 1086 1763 fierent.

181 1790 259 1832 Sed
288 1790 481 1844 quoniam
510 1792 571 1832 est
591 1791 634 1832 iu
655 1791 741 1832 illis
771 1790 878 1844 quod
906 1790 1160 1844 paenitentia
1189 1791 1382 1843 sequente
1402 1790 1629 1832 reualescat
1649 1790 1695 1832 17

124 1860 175 1901 ad
206 1859 328 1901 fidem
358 1861 398 1901 et
427 1860 479 1901 ad
508 1860 708 1901 uirtutem
730 1858 779 1901 de
800 1859 1053 1913 paenitentia
1083 1858 1205 1900 robur
1225 1859 1423 1910 armatur,
1451 1886 1494 1891 —
1521 1858 1629 1912 quod

263 2008 281 2042 1
310 2007 326 2040 I
352 2006 428 2041 Cor.
455 2006 510 2050 12,
535 2006 589 2041 26.
707 2007 729 2041 8
753 2006 826 2042 Col.
852 2007 884 2047 2,
910 2007 943 2042 8.
1055 2006 1097 2040 12
1123 2006 1228 2041 Ν11111.·
1255 2007 1307 2048 12,
1333 2007 1364 2041 3.
1478 2006 1520 2041 13
1546 2004 1628 2040 Luc.

123 2064 155 2105 6,
180 2064 234 2099 36.
331 2064 374 2098 14
403 2063 535 2098 Matth.
560 2064 592 2102 9,
620 2063 671 2098 12.

193 2179 211 2212 1
230 2177 382 2212 infirmis
410 2177 572 2211 infirmus
595 2178 672 2213 CM
699 2176 875 2220 (infirmus
901 2177 1052 2212 infirmis
1073 2177 1118 2223 Q)
1257 2178 1279 2212 2
1302 2188 1410 2212 unum
1435 2177 1629 2212 membrum

131 2235 229 2280 CQR
332 2234 354 2269 3
371 2236 407 2269 61
423 2234 467 2279 si]
487 2234 518 2268 si
536 2234 571 2268 L
674 2234 855 2269 laetentur
872 2235 908 2270 R
1012 2246 1121 2269 unum
1139 2245 1184 2269 m.
1204 2235 1442 2269 collaetantur
1458 2245 1524 2269 om,
1544 2234 1579 2269 B

126 2292 322 2326 membrum
341 2303 450 2326 unum
468 2291 503 2326 L
607 2292 629 2325 ἴ)
647 2292 718 2325 alia
735 2294 790 2326 est
808 2303 852 2326 ea:
869 2292 960 2326 aliae
978 2292 1008 2326 si
1032 2292 1061 2328 C
1153 2292 1358 2327 istoicorum
1376 2291 1411 2327 R
1512 2293 1534 2326 6
1550 2302 1630 2336 pec-

125 2349 218 2394 cata]
242 2350 343 2394 petra
365 2349 394 2384 Ο
500 2350 578 2393 pari
601 2349 631 2383 0
738 2349 898 2393 grauem]
923 2348 968 2383 ad
985 2350 1139 2393 gratiam
1163 2350 1193 2385 C
1206 2349 1269 2384 sed
1286 2349 1329 2384 ad
1346 2360 1373 2383 s.
1392 2350 1414 2383 l.
1531 2349 1553 2383 8
1569 2349 1629 2383 (16-

124 2406 362 2451 prehendetur
384 2407 414 2442 C
422 2410 427 2428 ¹
556 2406 600 2441 10
617 2407 714 2451 sunt]
733 2417 754 2441 a
771 2407 875 2441 nobis
893 2407 979 2441 add.
998 2408 1057 2442 Ru
1172 2409 1214 2442 11
1233 2407 1531 2452 praesumptionis
1549 2407 1584 2441 L

126 2464 238 2508 moysi
256 2464 328 2499 BC
426 2463 517 2508 legis
542 2464 571 2499 C
670 2465 707 2498 in
724 2474 790 2498 mn.
810 2465 882 2500 BC
987 2465 1029 2499 13
1047 2465 1173 2510 estote]
1193 2475 1275 2510 ergo
1292 2464 1376 2499 add.
1396 2465 1431 2499 B
1523 2464 1629 2509 sicut}

125 2520 298 2565 quomodo
320 2521 426 2556 GRV
530 2521 574 2555 15
590 2531 677 2565 opus
695 2521 730 2556 R
745 2521 807 2556 sed
825 2533 865 2556 us
881 2532 986 2565 corr„
1005 2533 1065 2566 eps
1087 2522 1117 2557 C
1124 2526 1130 2544 ¹
1244 2523 1286 2557 16
1303 2522 1434 2567 potest]
1452 2524 1533 2567 post
1549 2522 1584 2557 R

125 2577 302 2612 medicina
320 2578 355 2612 B
478 2588 541 2622 ego
559 2589 604 2612 ex
621 2588 703 2622 ergo
726 2579 756 2613 0
878 2578 973 2613 solus
991 2578 1095 2624 BCQ
1219 2589 1321 2614 sanos
1340 2579 1376 2613 R
1391 2579 1454 2613 sed
1470 2590 1532 2613 nos
1548 2590 1575 2612 s.
1594 2579 1629 2620 1.,

125 2646 192 2669 om.
216 2635 245 2670 C
360 2635 402 2669 17
421 2637 578 2669 nostram
595 2646 659 2670 om.
685 2635 715 2680 Q
731 2636 824 2679 (emh.
844 2636 906 2680 M)
1012 2636 1184 2671 medelam
1201 2637 1258 2671 Bv
1378 2636 1419 2670 18
1438 2636 1628 2670 uulnerau-

128 2692 178 2725 tis
200 2692 243 2727 C·
383 2691 545 2726 exhibere
562 2692 726 2727 debemus
744 2693 943 2727 uulneratis
962 2694 997 2728 B
1135 2694 1210 2738 1166]
1230 2704 1298 2728 non
1317 2705 1338 2730 v
1476 2694 1521 2727 20
1537 2693 1629 2727 uidi-

125 2760 203 2783 mus
222 2749 258 2784 13
389 2749 518 2784 eisdem
542 2749 592 2794 Qv
725 2751 770 2784 ‘22
787 2750 825 2785 in
842 2761 908 2785 om.
929 2751 964 2785 B
1097 2751 1340 2795 poenitentiae
1362 2751 1392 2785 C
1399 2753 1426 2794 ¹,
1446 2751 1628 2794 paeniten-

129 2806 218 2840 tiam
236 2806 271 2841 L
411 2809 596 2851 sequenter
613 2807 657 2847 L,
683 2807 885 2851 frequenter
903 2807 939 2842 B
1078 2808 1255 2843 eualescat
1273 2808 1316 2849 L,
1343 2810 1529 2843 euanescat
1548 2808 1583 2842 R

125 2863 170 2897 23
187 2863 230 2898 (16
247 2874 311 2898 om.
332 2863 439 2899 ΒΘΗ
532 2864 773 2907 paenitentiae
792 2864 900 2900 BCR
992 2865 1095 2899 robor
1116 2865 1146 2900 C
