1838 3152
163 224 247 267 542
710 223 906 259 Caecilii
932 223 1145 269 Cypriani

164 340 264 381 quas
299 328 462 368 litteras
499 327 616 380 quasi
651 327 906 369 moderatius
943 327 1102 380 aliquid
1137 328 1177 369 et
1207 329 1507 381 temperantius
1543 328 1673 383 fieret,

164 397 451 438 uniuersorum
488 395 767 437 confessorum
804 396 968 437 nomine
996 396 1202 438 Lucianus
1238 397 1456 450 epistolam
1495 398 1674 451 scripsit,

164 478 244 518 qua
284 477 410 518 paene
452 475 570 506 omne
610 465 826 506 uinculum
868 464 963 505 fidei
1002 464 1042 506 et
1075 464 1202 506 timor
1237 465 1315 507 Dei
1352 466 1393 507 et
1428 466 1674 507 mandatum

162 533 332 575 Domini
368 533 409 575 et
445 533 653 587 euangelii
694 533 892 574 sanctitas
930 533 970 574 et
1004 532 1180 575 firmitas
1222 534 1466 575 solueretur.
1508 534 1674 587 scripsit

163 602 274 644 enim
308 602 494 643 omnium
524 602 689 644 nomine
722 601 936 643 uniuersos
969 613 1034 643 eos
1056 614 1199 654 pacem
1221 603 1383 644 dedisse
1405 604 1446 645 et
1465 603 1570 644 hanc
1590 603 1674 644 for·
1689 613 1702 636 ⁵

163 683 275 713 mam
307 683 378 723 per
409 684 476 712 me
507 671 601 712 aliis
635 670 838 723 episcopis
874 670 1124 711 innotescere
1159 671 1279 721 116116,
1318 671 1435 713 cuius
1473 671 1673 724 epistolae

162 739 396 793 exemplum
412 739 464 780 ad
483 751 555 781 uos
572 738 797 780 transmisi.
821 738 1014 780 additum
1036 739 1097 780 est
1118 739 1237 791 plane
1258 734 1425 792 ‘quibus
1448 740 1552 781 ratio
1575 752 1672 782 con-

161 808 318 849 stiterit
351 807 451 861 quid
482 808 575 861 post
606 807 873 848 commissum
904 799 1092 861 egerint?
1125 820 1227 860 quae
1249 820 1312 849 res
1333 808 1533 849 maiorem
1554 808 1672 850 nobis

162 877 311 918 confiat
343 876 560 927 inuidiam,
598 877 645 917 ut
677 888 748 917 nos
781 889 875 917 cum
908 875 1168 930 singulorum
1203 889 1344 918 causas
1380 877 1522 918 audire
1543 877 1583 918 et
1605 889 1673 918 ex-

161 947 297 988 cutere
327 945 593 998 coeperimus
625 945 842 986 uideamur
870 944 1016 986 multis
1037 957 1186 999 negare
1207 945 1314 998 quod
1336 958 1378 987 se
1399 959 1507 987 nunc
1529 957 1669 986 omnes
1686 958 1718 982 10

164 1014 320 1056 iactant
342 1027 365 1056 a
386 1013 640 1068 martyribus
663 1014 704 1055 et
725 1013 1022 1055 confessoribus
1046 1014 1262 1068 accepisse.

121 1087 144 1128 3
217 1083 401 1136 Denique
422 1083 544 1124 huius
567 1082 781 1124 seditionis
803 1083 916 1137 origo
939 1082 1023 1124 iam
1042 1082 1188 1135 coepit.
1211 1095 1387 1136 namque
1403 1083 1445 1124 in
1462 1083 1672 1136 prouincia

159 1152 299 1193 nostra
326 1164 398 1206 per
427 1152 586 1204 aliquot
615 1151 808 1193 ciuitates
830 1151 873 1192 in
895 1152 1148 1205 praepositos
1177 1151 1359 1205 impetus
1380 1164 1452 1206 per
1472 1144 1670 1194 multitu-

156 1220 297 1262 dinem
326 1221 459 1262 factus
481 1221 555 1271 est,
588 1221 629 1261 et
649 1233 791 1273 pacem
820 1233 942 1273 quam
965 1221 1091 1261 semel
1112 1221 1270 1263 cunctis
1299 1234 1322 1263 a
1345 1221 1599 1275 martyribus
1623 1222 1663 1263 et

160 1289 460 1331 confessoribus
501 1289 644 1331 datam
685 1289 960 1331 clamitabant
1000 1289 1218 1331 confestim
1260 1289 1340 1331 sibi
1374 1289 1716 1343 repraesenta-11⁵

159 1360 391 1413 coegerunt,
425 1359 585 1401 territis
616 1360 658 1401 et
680 1360 864 1401 subactis
896 1359 1140 1413 praepositis
1169 1359 1254 1401 suis
1292 1360 1363 1413 qui
1392 1360 1444 1401 ad
1473 1360 1668 1401 resisten-

159 1427 258 1469 dum
291 1428 428 1470 minus
450 1429 606 1470 uirtute
627 1429 755 1470 animi
778 1429 819 1470 et
840 1428 982 1470 robore
1003 1428 1099 1470 fidei
1121 1429 1429 1481 praeualebant.
1468 1429 1576 1481 apud
1598 1440 1670 1470 nos

159 1497 286 1538 etiam
319 1497 485 1550 quidam
519 1497 763 1551 turbulenti,
802 1497 872 1550 qui
905 1498 973 1538 uix
994 1510 1017 1538 a
1037 1497 1156 1539 nobis
1187 1498 1230 1539 in
1250 1497 1523 1551 praeteritum
1554 1511 1671 1552 rege-

159 1566 310 1607 bantur
332 1566 372 1608 et
393 1566 437 1607 111
457 1566 641 1608 nostram
661 1567 936 1620 praesentiam
958 1566 1265 1621 differebantur,
1296 1579 1368 1620 per
1388 1567 1493 1608 hanc
1515 1566 1670 1620 episto-

160 1634 247 1676 lam
277 1635 394 1676 uelut
423 1635 674 1688 quibusdam
703 1635 862 1676 facibus
884 1636 1045 1677 accensi
1066 1636 1161 1689 plus
1183 1636 1440 1677 exardescere
1463 1635 1503 1676 et
1523 1648 1667 1688 pacem
1682 1643 1716 1668 20

158 1704 239 1745 sibi
276 1703 417 1746 datam
454 1704 691 1758 extorquere
726 1705 955 1758 coeperunt.
990 1705 1040 1746 de
1073 1705 1223 1758 quibus
1258 1705 1398 1758 quales
1431 1705 1483 1746 ad
1515 1705 1672 1746 clerum

228 1865 247 1899 1
266 1864 423 1909 litteras]
443 1864 527 1899 add.
545 1865 645 1909 va:
663 1864 747 1898 misi
764 1865 815 1906 ut,
835 1864 922 1899 add.
940 1875 980 1899 r:
998 1864 1082 1898 misi
1100 1866 1144 1906 et,
1165 1864 1251 1899 add.
1270 1874 1307 1898 2:
1329 1864 1411 1898 misi
1533 1863 1671 1908 aliquid

157 1932 221 1956 om.
241 1923 274 1956 Z
377 1923 610 1967 temperatius
628 1933 657 1963 γ,
676 1922 885 1956 temeratius
907 1924 940 1956 T
1039 1922 1151 1966 fieret]
1171 1922 1240 1956 iret
1258 1935 1282 1966 μ
1392 1922 1414 1956 2
1433 1921 1526 1956 idem
1543 1921 1671 1956 Lucia-

157 1991 222 2013 nus
240 1991 332 2024 εμγυ
350 1980 426 2023 (sed
444 1979 538 2014 idem
558 1990 602 2014 eac
619 1980 657 2014 id
674 1981 729 2014 est
748 1981 788 2025 μ)
904 1980 942 2014 id
960 1981 1015 2014 est
1032 1980 1196 2014 lucianus
1215 1990 1276 2013 suo
1297 1979 1438 2014 nominc
1455 1980 1488 2013 Z
1596 1978 1669 2023 epi-

158 2037 288 2071 stolam
307 2048 374 2072 om.
392 2038 427 2071 Z
528 2037 550 2071 3
568 2048 657 2082 quae
679 2039 711 2071 T
809 2048 948 2072 omnem
970 2038 1006 2078 T,
1025 2037 1069 2071 ab
1087 2037 1228 2071 homine
1251 2037 1290 2079 V,
1310 2038 1431 2071 sancte
1448 2048 1466 2071 z
1560 2037 1668 2070 timo-

156 2106 229 2129 rem
251 2096 321 2137 TZ,
351 2095 491 2129 timoris
508 2106 527 2130 z
658 2096 681 2130 4
706 2097 742 2130 et
766 2096 957 2140 euangelii]
989 2095 1169 2139 euangelii
1199 2105 1335 2140 quoque
1353 2106 1372 2130 z
1504 2094 1670 2138 firmitas]

155 2153 366 2187 fraternitas
385 2167 413 2197 φ
546 2153 568 2187 5
586 2153 694 2198 6111111]
721 2153 832 2187 etiam
849 2164 868 2188 z
1001 2153 1157 2187 omnium
1175 2164 1240 2188 om.
1258 2164 1279 2187 γ
1411 2152 1563 2196 1101111116]
1583 2151 1672 2186 moti

155 2211 219 2245 hec
235 2211 304 2255 Ζμ,
335 2211 399 2245 1160
423 2221 443 2245 γ
575 2211 758 2245 uniuersos
789 2221 845 2245 eos
868 2212 906 2255 T,
938 2210 1115 2245 uniuersis
1142 2222 1200 2246 cos
1224 2211 1402 2255 Zzncprv:
1429 2210 1475 2253 cf.
1496 2221 1534 2254 p.
1563 2211 1672 2253 534‚5

154 2279 226 2312 sqq.
352 2267 507 2302 dedisset
529 2269 566 2310 T,
586 2279 651 2302 om.
671 2282 696 2313 μ
813 2268 963 2303 formam
981 2268 1070 2303 hanc
1089 2269 1123 2303 Z
1244 2269 1265 2303 6
1284 2268 1375 2302 116116
1394 2278 1459 2303 om.
1483 2268 1670 2312 Tszpm

156 2326 201 2368 cf.
221 2326 322 2369 epist.
341 2327 390 2360 23
519 2326 538 2359 7
558 2325 732 2371 additum]
754 2328 816 2360 aut
834 2327 876 2371 Ζ,
896 2328 1016 2361 actum
1034 2337 1080 2371 μγ
1205 2327 1260 2361 est
1276 2327 1368 2360 mihi
1386 2340 1413 2370 φ
1532 2326 1574 2360 (16
1592 2325 1670 2370 qui-

155 2383 222 2417 bus
239 2394 270 2424 v,
291 2383 392 2417 cuius
410 2384 442 2417 Z
548 2383 570 2416 8
588 2384 793 2417 ommissum
813 2397 840 2427 q>
949 2385 1098 2429 egerunt
1115 2385 1194 2429 Ζμγ
1287 2384 1389 2419 nobis
1408 2384 1576 2418 maiorem
1595 2397 1622 2426 φ

156 2441 177 2474 9
195 2441 248 2485 ut]
268 2442 304 2474 et
321 2441 355 2474 Z
446 2440 621 2475 discutere
638 2441 690 2475 Za
783 2441 827 2476 10
845 2441 1030 2476 uideamus
1049 2452 1096 2486 μγ
1190 2441 1282 2486 quod
1300 2452 1336 2475 se
1354 2452 1419 2476 om.
1438 2442 1472 2475 Z
1562 2441 1668 2485 nunc]

156 2508 226 2532 non
243 2498 278 2532 Z
390 2509 482 2532 nunc
501 2508 622 2532 omnes
640 2509 676 2532 se
692 2509 711 2533 z
828 2499 870 2533 13
888 2499 1022 2544 nostra]
1044 2499 1203 2534 fecerant
1220 2499 1313 2544 quod
1330 2499 1417 2533 add.
1437 2510 1484 2543 μγ
1601 2498 1668 2533 ali-

156 2555 249 2599 quod
271 2556 308 2597 T,
339 2555 477 2599 aliquas
494 2556 555 2599 Za,
584 2566 652 2591 om.
672 2567 718 2600 μγ
851 2567 913 2600 per
942 2556 1229 2601 multitudinem]
1259 2556 1535 2590 multitudinum
1559 2566 1578 2590 z

157 2613 201 2647 14
218 2613 339 2657 quam]
359 2623 466 2657 quam
484 2614 540 2648 uis
564 2614 604 2655 V,
625 2624 730 2658 quam
749 2614 808 2648 uix
826 2614 1003 2648 Latinius
1137 2616 1173 2648 et
1190 2613 1449 2648 confessoribus
1467 2624 1532 2648 om.
1553 2624 1600 2658 μγ

157 2671 200 2705 15
217 2670 342 2705 datum
360 2685 385 2715 μ
502 2672 573 2706 sibi
590 2682 658 2707 om.
676 2672 709 2706 Z
811 2661 943 2716 spxntari
961 2673 1129 2716 ceperunt
1146 2683 1164 2706 ε
1281 2671 1324 2705 16
1342 2671 1535 2716 propositis
1557 2672 1589 2705 Τ

156 2728 198 2762 17
217 2728 335 2762 minus
353 2739 418 2764 om.
437 2740 483 2773 μγ
594 2729 637 2763 18
653 2730 881 2774 regebantur]
901 2730 1107 2763 reuelantur
1125 2740 1144 2763 Ζ
1252 2730 1295 2763 19
1315 2729 1571 2774 praesentiam]
1591 2741 1668 2765 sen-

155 2786 308 2820 tentiam
325 2787 434 2831 Zznq)
568 2787 615 2821 20
631 2787 744 2832 uelut]
771 2788 812 2821 ut
828 2797 848 2821 z
979 2787 1227 2822 excandescere
1245 2788 1278 2821 Z
1408 2787 1443 2821 et
1467 2797 1531 2822 om.
1551 2801 1576 2832 μ

155 2843 199 2877 21
218 2843 288 2877 tibi
305 2844 339 2877 Z
431 2844 554 2888 quales
573 2855 636 2880 om.
657 2845 689 2879 Z
780 2845 913 2879 clerum
931 2846 1092 2879 nostrum
1110 2845 1210 2890 Ζμγυ
