1912 3152
527 249 584 282 De
609 248 719 282 bono
745 247 1006 292 patientiae
1032 260 1059 282 c.
1085 249 1185 283 2—4.
1521 250 1604 291 399

106 368 197 398 mur
228 352 470 406 patientiam
505 351 660 393 domini
696 351 850 404 pariter
886 354 927 393 et
964 352 1116 404 patris,
1149 352 1245 405 quia
1276 355 1317 394 et
1349 364 1484 394 seruos
1517 364 1604 394 esse

105 423 261 477 oportet
282 421 548 475 obsequentes
569 421 610 462 et
631 420 737 462 filios
757 432 837 462 non
858 421 975 462 dccet
996 433 1083 463 esse
1105 421 1335 476 degeneres.

160 490 300 542 Qualis
331 502 425 531 uero
456 490 498 531 in
518 490 604 531 Deo
625 490 666 530 et
688 491 841 542 quanta
863 489 1081 542 patientia,
1114 490 1221 543 quod
1243 490 1284 531 in
1307 491 1601 532 contumeliam
1618 490 1641 529 4

105 573 198 603 suae
217 559 448 601 maiestatis
470 559 511 599 et
531 558 694 600 honoris
718 558 912 600 instituta
933 559 984 600 ab
1005 559 1241 600 hominibus
1262 558 1431 612 profana
1447 559 1603 613 templa

0 643 8 653 ¹·
61 641 76 668 ε
105 632 144 672 et
179 630 338 669 terrena
370 627 568 681 figmenta
602 628 643 668 et
675 639 789 668 sacra
824 627 1024 681 sacrilega
1059 627 1360 680 patientissime
1397 628 1603 670 sustinens

0 685 2 688 ’
103 709 220 751 super
240 696 364 738 bonos
386 698 426 737 et
447 695 578 737 malos
599 695 827 748 aequaliter
849 696 949 738 facit
970 696 1083 737 diem
1115 696 1227 738 nasci
1260 699 1301 738 et
1334 696 1474 738 lumen
1505 696 1603 738 solis

103 766 261 815 oboriri,
284 767 325 807 et
347 778 442 806 cum
463 764 667 806 imbribus
689 767 820 806 terras
841 764 971 819 rigat,
995 778 1113 807 nemo
1136 778 1159 806 a
1179 765 1387 807 beneficiis
1419 765 1505 807 eius
1536 777 1605 805 ex-

103 835 283 878 cluditur
313 834 531 886 quominus
562 833 684 874 iustis
707 833 903 875 similiter
924 836 965 876 et
987 833 1154 876 iniustis
1176 834 1416 876 indiscretas
1438 834 1603 887 pluuias

102 903 313 958 largiatur.
346 903 535 944 uidemus
556 902 821 955 inseparabili
843 903 1094 956 aequalitate
1116 903 1340 957 patientiae
1362 902 1602 945 nocentibus

3 995 6 998 ·
60 990 91 1014 ιο
102 974 142 1015 et
161 971 353 1022 innoxiis,
377 971 581 1026 religiosis
604 973 645 1013 et
666 971 828 1025 impiis,
852 972 1007 1025 gratias
1029 972 1246 1027 agentibus
1268 974 1309 1014 et
1334 972 1508 1027 ingratis
1525 972 1602 1014 Dei

102 1042 201 1084 nutu
222 1042 407 1093 tempora
428 1040 617 1093 obsequi,
641 1041 843 1082 elementa
865 1039 1081 1092 famulari,
1105 1041 1258 1094 spirare
1280 1043 1443 1092 uentos,
1468 1041 1601 1083 fontes

102 1110 221 1152 fluere
235 1142 244 1159 ,
267 1109 532 1163 grandescere
554 1109 690 1162 copias
711 1109 927 1159 messium,
960 1109 1119 1151 fructus
1141 1111 1352 1152 mitescere
1374 1110 1599 1161 uinearum,

102 1178 312 1221 exuberare
334 1178 466 1231 pomis
489 1177 679 1228 arbusta,
712 1190 877 1220 nemora
907 1178 1187 1229 frondescere,
1219 1180 1341 1233 prata
1370 1178 1523 1221 florere.
1559 1181 1600 1221 et

102 1260 191 1290 cum
225 1247 376 1288 crebris
413 1247 540 1288 immo
563 1247 768 1289 continuis
790 1247 1054 1289 exacerbetur
1075 1248 1239 1289 offensis
1259 1248 1392 1299 Deus,
1415 1248 1602 1302 indigna-

62 1332 91 1358 ιε
101 1315 250 1359 tionem
274 1329 389 1357 suam
412 1317 615 1368 temperat
637 1317 678 1357 et
699 1315 996 1368 praestitutum
1019 1317 1143 1358 semel
1176 1317 1459 1359 retributionis
1492 1317 1601 1359 diem

101 1386 301 1440 patienter
322 1386 521 1438 expectat,
554 1397 728 1438 cumque
749 1384 899 1426 habeat
920 1385 962 1426 in
994 1386 1199 1439 potestate
1231 1386 1478 1437 uindictam,
1511 1399 1600 1428 ma-

101 1454 190 1497 uult
210 1454 280 1495 diu
302 1456 438 1496 tenere
459 1454 705 1507 patientiam
735 1452 939 1495 sustinens
971 1454 1129 1497 scilicet
1159 1455 1379 1497 clementer
1411 1458 1451 1497 et
1482 1455 1601 1497 diffe-

101 1536 208 1574 renS,
240 1525 286 1565 ut
308 1524 342 1565 si
364 1523 452 1565 fieri
473 1525 609 1576 potest
631 1525 814 1566 multum
835 1524 998 1566 malitia
1028 1526 1237 1577 protracta
1267 1524 1485 1578 aliquando
1507 1538 1600 1566 mu·

100 1593 206 1634 tetur
227 1593 267 1632 et
288 1592 409 1633 homo
431 1592 473 1633 in
494 1604 676 1634 errorum
699 1595 739 1635 et
761 1594 961 1635 scelerum
985 1593 1174 1648 contagio
1192 1594 1403 1635 uolutatus
1424 1593 1492 1635 uel
1513 1606 1601 1636 sero

59 1661 149 1704 aad
169 1660 303 1703 Deum
325 1663 588 1703 conuertatur
620 1662 706 1715 ipso
738 1664 928 1705 monente
961 1664 1001 1705 et
1021 1663 1203 1705 dicente:
1235 1662 1350 1704 nolo
1381 1664 1601 1705 mortem

100 1730 388 1780 morientis,
431 1734 677 1783 quantum
718 1732 774 1772 ut
814 1732 1111 1774 reuertatur
1142 1734 1190 1774 et
1232 1732 1389 1774 uiuat.
1444 1730 1501 1788 [et
1521 1731 1600 1774 ite-

23 1791 31 1852 }
99 1811 206 1840 rum:
255 1799 589 1840 reuertimini
629 1800 688 1840 ad
720 1813 813 1851 me,
857 1802 989 1842 dicit
1030 1799 1308 1857 Dominus]
1363 1802 1404 1843 et
1424 1802 1598 1843 iterum:

22 1858 32 1914 ᾗ
98 1868 435 1910 reuertimini
468 1868 527 1910 ad
558 1868 831 1911 Dominum
862 1869 1018 1911 Deum
1051 1871 1304 1921 uestrum,
1356 1870 1600 1924 quoniam

0 1919 32 1992 i}
98 1936 392 1979 misericors
424 1941 472 1978 et
502 1937 618 1990 pius
650 1938 728 1979 est
759 1939 806 1979 et
836 1939 1042 1991 patiens
1082 1940 1131 1980 et
1169 1939 1298 1982 mult
1310 1952 1362 1981 ae
1394 1940 1599 1981 misera-

0 1993 32 2062 j
60 2005 255 2047 ationis
286 2008 335 2048 et
367 2006 454 2060 qui
486 2007 810 2050 sententiam
842 2008 1030 2051 flectat
1073 2009 1324 2050 aduersus
1363 2008 1599 2050 malitias

0 2066 2 2104 l
99 2074 173 2117 inr
181 2087 202 2116 o
215 2078 375 2130 gatas
400 2076 508 2128 quod
529 2076 673 2118 beatus
695 2077 904 2130 apostolus
922 2078 1078 2119 Paulus
1100 2089 1357 2120 commemor·
1351 2090 1422 2119 ms
1444 2078 1486 2120 et
1506 2090 1599 2131 pec-

99 2144 271 2186 catorem
293 2145 345 2186 ad
367 2144 664 2197 paenitentiam
686 2158 879 2188 reuocans
909 2147 1102 2201 proponit
1133 2149 1174 2189 et
1204 2147 1329 2190 dicit:
1370 2160 1432 2189 an
1462 2160 1598 2189 num-

29 2216 35 2260 ᾖ
98 2212 212 2265 quid
253 2214 579 2265 opulentiam
612 2215 871 2257 bonitatis
914 2217 1020 2258 eius
1061 2218 1112 2258 et
1144 2217 1516 2259 sustinentiam
1547 2220 1598 2260 et

227 2340 272 2372 :20
290 2338 410 2372 Ezech.
435 2341 484 2372 1³.
504 2341 557 2374 232.
630 2341 674 2374 *22
691 2341 775 2375 Mal.
795 2342 825 2375 3.
847 2342 874 2374 7.
949 2342 994 2375 ⁴23
1012 2342 1085 2376 Ioel
1103 2344 1135 2381 2,
1155 2343 1206 2376 13.
1279 2343 1322 2377 27
1341 2343 1438 2378 Rom.
1454 2343 1486 2385 2,
1504 2344 1527 2378 4
1544 2353 1594 2388 sq.

28 2343 36 2369 5

31 2381 36 2401 l

30 2402 38 2506 Ι
159 2453 181 2486 2
203 2456 340 2496 oportet
358 2464 433 2487 csso
451 2466 470 2486 ⁷⁷
541 2455 562 2488 4
589 2455 772 2499 prophana
791 2456 879 2491 WG
952 2458 996 2491 10
1013 2457 1153 2492 rcliosis
1173 2458 1223 2493 W
1291 2459 1335 2493 12
1350 2458 1595 2504 grandescere]

96 2508 294 2544 candescere
312 2511 508 2546 Morellius
626 2511 823 2557 mitescere]
851 2516 1088 2549 maturescere
1105 2526 1125 2549 v
1243 2515 1286 2550 13
1310 2515 1440 2550 arbuta
1458 2516 1520 2552 W·

97 2565 138 2600 19
152 2568 313 2612 contagio
331 2568 476 2609 WGV,
503 2569 712 2613 contagione
733 2581 753 2604 v
839 2571 882 2605 21
910 2576 1082 2615 quantum
1100 2573 1155 2617 ut]
1175 2574 1315 2607 tantum
1342 2573 1393 2608 W
1475 2575 1511 2608 et
1528 2573 1595 2607 ite-

94 2631 205 2658 rum..
236 2625 399 2660 dominus
417 2637 482 2660 om.
505 2626 628 2661 WGV
733 2629 777 2662 24
803 2631 840 2662 ct
856 2628 937 2673 pius
957 2632 1011 2663 cst
1027 2641 1091 2664 om.
1118 2630 1151 2664 G
1258 2630 1399 2674 patiens
1417 2633 1471 2665 est
1494 2631 1525 2663 G

94 2678 138 2714 25
152 2681 310 2716 malitias
328 2683 511 2727 inrogatas
526 2684 622 2727 WV,
642 2684 822 2719 maliciam
840 2685 1042 2731 inrogatam
1059 2687 1133 2731 Gv;
1155 2689 1202 2731 cf.
1218 2687 1263 2722 de
1275 2688 1388 2731 lapsis
1399 2699 1438 2732 p.
1453 2691 1527 2722 263

94 2736 137 2771 26
159 2738 247 2782 quod
265 2739 351 2774 item
368 2752 405 2781 v,
433 2739 526 2784 quod
544 2743 580 2774 et
596 2741 720 2776 malim
835 2743 963 2788 paulus
980 2755 1044 2778 om.
1074 2745 1108 2779 G
1224 2748 1444 2790 peccatorum
1469 2745 1517 2779 θ’

95 2793 136 2828 27
160 2797 428 2842 paenitentiam]
448 2798 661 2842 patientiam
687 2801 730 2833 W
821 2801 1006 2845 numquid]
1025 2801 1144 2846 inquit
1161 2814 1181 2837 v
1273 2802 1319 2837 28
1342 2803 1595 2838 sustinentiam

95 2855 130 2886 et
152 2854 359 2897 patientiam
384 2855 474 2893 (eius
498 2857 583 2892 add.
610 2858 657 2900 V)
680 2858 728 2893 W
735 2860 767 2891 G
780 2858 824 2899 V,
849 2859 1085 2893 sustinentiae
1103 2864 1137 2895 ct
1158 2860 1444 2905 longanimitatis
1462 2863 1521 2897 uel
1538 2873 1595 2896 su·

97 2911 277 2945 aventionis
296 2915 331 2946 ct
349 2913 636 2954 longanimitatis
655 2927 696 2949 v:
724 2916 770 2957 ef.
792 2919 867 2949 test.
891 2916 962 2950 ΙΙΙ
976 2920 1022 2951 35
