1838 3152
615 241 853 286 Epistulae
877 243 939 278 XI.
968 254 996 278 c.
1020 244 1121 279 5-8.
1529 245 1612 287 501

113 347 235 400 aptus
256 345 318 387 est
338 356 460 399 regno
481 345 571 387 Dei.
594 345 765 399 denique
786 358 886 388 uxor
906 346 994 396 Lot,
1017 359 1119 400 quae
1140 347 1315 389 liberata
1336 347 1476 390 contra
1498 360 1615 401 prae-

114 415 278 468 ceptum
307 415 416 455 retro
445 413 634 467 respexit,
672 414 778 467 quod
806 416 991 457 euaserat
1011 415 1203 468 perdidit.
1241 416 1512 458 adtendamus
1534 428 1614 458 non

113 482 335 537 posteriora
368 494 443 535 quo
471 482 658 528 diabolus
687 484 863 532 reuocat,
900 485 970 526 sed
998 484 1133 538 priora
1163 496 1241 537 quo
1264 483 1450 527 Christus
1481 487 1612 528 uocat.

114 552 251 594 oculos
284 550 490 604 erigamus
521 551 572 592 ad
603 551 774 602 caelum,
811 564 860 593 ne
881 552 1195 594 oblectamentis
1224 553 1264 594 et
1293 553 1509 595 inlecebris
1542 566 1614 595 nos

85 634 100 658 ε.
115 619 199 661 suis
229 620 338 661 terra
366 619 554 672 decipiat.
591 621 869 673 unusquisque
891 621 979 663 oret
1000 621 1145 671 Deum,
1177 632 1254 662 non
1278 633 1349 674 pro
1371 634 1412 663 se
1434 623 1613 673 tantum,

112 689 182 730 sed
214 701 284 741 pro
314 688 503 730 omnibus
534 688 742 738 fratribus,
779 690 886 731 sicut
906 689 1106 731 Dominus
1127 701 1241 731 orare
1261 701 1332 731 nos
1354 690 1507 741 docuit,
1544 690 1615 732 ubi

112 768 192 798 non
224 757 399 811 singulis
420 757 627 809 priuatam
648 769 808 810 precem
831 757 1012 810 mandat,
1050 758 1121 800 sed
1142 757 1323 800 oratione
1345 760 1553 800 communi
1575 760 1616 800 et

112 824 297 866 concordi
327 837 443 878 prece
472 826 635 867 orantes
657 837 728 879 pro
750 826 939 867 omnibus
961 826 1082 868 iussit
1103 838 1229 869 orare.
1264 827 1299 868 si
1320 838 1392 869 nos
1413 827 1615 868 Dominus

111 893 289 935 humiles
306 895 348 935 et
364 893 534 947 quietOS,
558 893 592 935 si
610 894 727 935 nobis
750 894 928 936 inuicem
945 895 1166 948 copulatOS,
1190 895 1224 937 si
1244 896 1350 938 circa
1371 895 1476 937 iram
1499 908 1615 937 suam

67 972 100 996 ιο
113 961 293 1014 timidos,
323 962 358 1003 si
386 963 591 1016 praesenti
627 963 895 1005 tribulatione
931 965 1131 1006 correctos
1169 964 1484 1017 emendatosque
1521 976 1616 1006 con-

111 1030 301 1085 spexerit,
324 1031 435 1072 tutos
457 1030 539 1072 ab
529 1030 688 1073 mimici
709 1030 1042 1114 infestationibus
1063 1032 1284 1075 exhibebit.
1308 1032 1529 1086 praecessit
1551 1031 1614 1073 di-

111 1099 297 1152 sciplina,
320 1101 512 1153 sequetur
533 1102 574 1142 et
594 1100 726 1142 uenia

168 1168 253 1210 Nos
290 1170 452 1210 tantum
489 1169 577 1211 sine
613 1169 837 1211 cessatione
873 1170 1065 1223 poscendi
1087 1171 1128 1212 et
1149 1182 1243 1212 cum
1279 1170 1358 1212 fide
1388 1169 1615 1223 accipiendi
1630 1172 1654 1213 8

112 1236 319 1290 simplices
337 1239 378 1278 et
393 1238 606 1280 unanimes
620 1238 845 1279 Dominum
866 1237 1142 1291 deprecemur,
1165 1251 1259 1280 cum
1282 1238 1441 1293 gemitu
1461 1237 1615 1292 pariter

66 1318 97 1342 1⁵
113 1306 153 1347 et
174 1305 274 1347 fletu
308 1305 582 1359 deprecantes
620 1307 726 1347 sicut
757 1306 964 1360 deprecari
997 1306 1156 1359 oportet
1190 1318 1255 1347 eos
1285 1305 1355 1358 qui
1385 1306 1469 1347 sint
1488 1306 1614 1360 positi

110 1374 219 1415 inter
236 1375 523 1429 plangentium
541 1374 679 1416 ruinas
697 1375 738 1416 et
749 1374 989 1417 timentium
1007 1374 1213 1428 reliquias,
1232 1374 1340 1415 inter
1356 1386 1616 1416 numerosam

110 1442 394 1497 languentium
426 1445 606 1498 stragem
636 1443 677 1485 et
698 1443 887 1498 exiguam
908 1443 1109 1485 stantium
1138 1443 1390 1484 firmitatem.
1425 1455 1616 1497 rogemus

109 1523 252 1566 pacem
274 1512 476 1553 maturius
498 1511 627 1562 reddi,
651 1512 733 1553 cito
754 1511 925 1554 latebris
946 1511 1097 1554 nostris
1115 1512 1156 1553 et
1172 1511 1367 1565 periculis
1389 1512 1614 1563 subueniri,

110 1580 256 1634 inpleri
289 1593 391 1633 quae
425 1580 592 1622 famulis
623 1581 708 1622 suis
728 1581 930 1623 Dominus
952 1581 1149 1636 dignatur
1169 1582 1393 1632 ostendere,
1432 1581 1615 1623 redinte-

63 1664 98 1690 20
113 1650 342 1705 grationem
372 1649 564 1691 ecclesiae
593 1661 702 1700 suae,
735 1650 998 1692 securitatem
1029 1650 1176 1692 salutis
1197 1651 1373 1701 nostrae,
1407 1650 1501 1703 post
1521 1649 1615 1703 plu-

110 1718 198 1760 uias
226 1718 503 1768 serenitatem,
535 1719 626 1772 post
646 1718 834 1760 tenebras
855 1719 1003 1769 lucem,
1032 1719 1125 1772 post
1144 1718 1345 1772 procellas
1367 1720 1408 1761 et
1430 1718 1615 1760 turbines

110 1788 315 1841 placidam
331 1787 560 1837 lenitatem,
582 1788 649 1840 pia
661 1787 853 1840 paternae
868 1787 1100 1829 dilectionis
1118 1788 1285 1838 auxilia,
1311 1787 1473 1829 diuinae
1486 1787 1614 1829 maie-

110 1856 232 1898 statis
250 1856 371 1898 solita
387 1856 606 1910 magnalia,
630 1856 778 1909 quibus
796 1857 836 1897 et
849 1856 1182 1910 persequentium
1197 1856 1455 1910 blasphemia
1472 1857 1614 1898 retun-

109 1924 230 1966 datur
264 1927 304 1966 et
340 1926 548 1978 lapsorum
584 1925 835 1978 paenitentia
872 1924 1117 1967 reformetur
1152 1925 1192 1966 et
1225 1924 1344 1967 fortis
1376 1926 1417 1967 et
1449 1924 1613 1967 stabilis

180 2108 198 2140 1
224 2106 375 2151 denique
400 2108 436 2141 et
460 2107 512 2141 Vv
645 2117 728 2141 uxor
752 2106 830 2141 loth
856 2117 922 2151 que
940 2107 984 2148 R,
1012 2107 1112 2141 uxori
1136 2109 1243 2152 atque
1266 2108 1321 2149 0¹,
1349 2118 1433 2142 uxor
1456 2108 1500 2143 0²

106 2165 130 2199 2
155 2164 400 2209 adtendamus]
429 2163 632 2198 accedamus
664 2165 700 2205 C,
739 2166 780 2198 ut
805 2161 990 2199 tendamus
1016 2164 1051 2200 R
1158 2165 1179 2199 3
1204 2164 1248 2199 ad
1272 2165 1468 2209 posteriora
1498 2166 1528 2200 C
1550 2164 1613 2199 sed

109 2222 153 2257 ad
177 2233 203 2256 s.
231 2223 252 2256 l.
279 2233 323 2256 m.
349 2224 372 2257 2
479 2221 523 2256 ad
547 2222 664 2267 priora
688 2222 765 2257 CM
786 2222 849 2256 secl
874 2222 918 2256 ad
942 2233 969 2257 s.
997 2222 1018 2256 l.
1046 2234 1089 2256 m.
1116 2224 1142 2256 2
1256 2222 1279 2256 4
1302 2222 1376 2266 nos]
1403 2232 1472 2256 non
1496 2222 1525 2257 C

108 2280 129 2314 5
155 2269 237 2314 <iffi
259 2280 288 2325 Q
380 2280 401 2313 6
427 2280 487 2314 sed
513 2281 548 2314 et
566 2280 601 2314 P
678 2268 756 2313 dns
769 2278 863 2313 iesus
880 2279 915 2313 P
1008 2279 1027 2313 ’ῖ
1053 2278 1239 2313 mandauit
1261 2278 1363 2324 CQR
1455 2279 1477 2314 8
1506 2278 1613 2313 iussit

108 2338 221 2382 orare]
249 2338 357 2371 sitore
381 2338 410 2372 C
494 2337 515 2371 9
541 2337 654 2382 nobis]
681 2348 743 2372 nos
767 2337 847 2372 0²1³
922 2337 1024 2382 iram]
1051 2347 1148 2371 oram
1171 2337 1201 2371 C
1286 2337 1327 2370 11
1354 2337 1464 2382 tutos]
1492 2338 1532 2370 ut
1549 2335 1614 2370 has

108 2405 153 2430 επ
178 2397 219 2429 ut
243 2395 307 2429 hos
330 2394 360 2430 C
451 2394 605 2429 inimicis
628 2395 657 2429 C
748 2394 929 2429 exhibebis
947 2396 991 2435 N,
1019 2394 1194 2429 exibuerit
1217 2394 1246 2430 C
1337 2405 1479 2438 praeces
1505 2394 1536 2428 si
1560 2393 1614 2428 di-

108 2452 296 2497 sciplinam
320 2453 348 2487 C
453 2453 496 2486 12
523 2451 683 2496 sequitur
707 2454 743 2486 et
768 2452 908 2509 uean
931 2452 960 2487 C
1059 2452 1103 2486 13
1127 2453 1164 2486 et
1181 2468 1215 2486 ιι*
1238 2462 1315 2486 cum
1342 2451 1410 2486 fide
1428 2451 1471 2492 R,
1498 2453 1613 2486 tecum

108 2511 213 2545 finem
236 2510 265 2545 G
364 2509 579 2553 accipiendis
596 2509 631 2544 R
731 2509 775 2544 14
799 2509 868 2544 dno
887 2510 922 2544 L
1016 2509 1059 2544 15
1084 2512 1167 2544 sunt
1190 2511 1218 2545 G
1309 2509 1418 2554 positi
1442 2519 1507 2543 om.
1533 2509 1563 2543 C

110 2567 153 2601 16
190 2567 311 2601 ruinas
413 2566 661 2611 languentium
697 2577 763 2601 om.
796 2566 831 2602 R
955 2566 997 2601 17
1034 2566 1243 2601 firmitatem
1275 2566 1356 2608 LV,
1396 2567 1613 2611 paucitatem

114 2623 291 2669 GNPQR
402 2624 444 2658 18
469 2623 565 2658 seddi
594 2624 628 2659 R
735 2624 895 2669 latebris]
929 2624 1115 2659 inlecebris
1138 2625 1167 2660 G
1189 2624 1251 2659 sed
1277 2624 1314 2658 iu
1330 2635 1356 2658 s.
1375 2623 1396 2658 l.
1509 2624 1551 2657 19
1577 2623 1613 2657 in

108 2680 285 2725 plerisque
308 2680 384 2725 CR,
403 2680 614 2725 implerique
631 2681 725 2726 quod
743 2682 792 2717 M
796 2684 803 2700 ¹
823 2681 979 2727 (impleri
997 2692 1085 2726 quae
1107 2682 1151 2727 Q)
1236 2681 1398 2716 dominus
1415 2691 1478 2715 om.
1504 2680 1568 2715 CR
1590 2672 1593 2677 ’

107 2736 296 2782 dignanter
319 2739 348 2774 C
441 2739 712 2784 integrationem
732 2740 773 2773 N
860 2740 906 2774 20
930 2749 1012 2774 suae
1038 2750 1102 2775 om.
1131 2751 1151 2774 v
1243 2739 1288 2773 22
1313 2740 1462 2783 paterna
1484 2738 1526 2771 (ἶι

107 2793 316 2830 deiectionis
336 2796 370 2830 P
461 2796 507 2830 23
532 2796 645 2831 solida
668 2797 710 2832 0¹
