1838 3152
400 252 666 287 Sententiae
692 252 1002 296 episcoporum
1029 263 1087 287 nr.
1114 253 1261 288 52-62.
1496 254 1582 297 455

514 427 702 467 Iulianus
724 439 750 466 a
769 427 972 478 Thelepte
995 428 1123 467 dixit:

128 505 335 559 Scriptum
358 507 439 548 est:
462 517 605 547 nemo
636 507 807 558 potest
838 505 1040 559 aliquid
1072 506 1325 560 accipere,
1359 506 1469 548 nisi
1502 507 1585 549 da·
1608 515 1659 556 57

72 578 176 618 tum
209 575 373 616 fuerit
405 574 488 616 illi
521 574 578 616 de
610 575 763 616 caelo
799 574 832 616 si
856 574 1036 617 haeresis
1058 575 1108 617 de
1130 575 1241 617 eaelo
1264 577 1346 625 est,
1379 576 1516 628 potest
1538 578 1579 617 et

75 643 281 697 baptisma
303 643 413 685 dare.

28 787 43 812 s
481 772 658 811 Faustus
681 783 706 811 a
727 772 888 811 Timida
909 773 1028 823 regia
1049 773 1174 813 dixit:

133 851 222 892 Non
256 850 335 892 sibi
368 849 636 892 blandiantur
672 850 742 903 qui
782 850 998 892 haereticis
1041 851 1365 904 patrocinantur.
1407 850 1477 904 qui
1515 862 1586 904 pro
1605 857 1656 897 58

75 919 291 962 haereticis
321 918 596 960 ecclesiastico
632 918 839 971 baptismo
877 919 1097 962 intercedit
1134 919 1228 961 illos
1264 919 1509 961 christianos
1547 921 1589 961 et

77 1003 148 1032 nos
171 988 398 1031 haereticos
420 988 531 1030 facit.

546 1117 757 1156 Geminius
780 1129 804 1156 a
825 1118 975 1157 Furnis
998 1118 1124 1157 dixit:

32 1207 62 1232 ιο
133 1195 311 1247 Quidam
340 1195 389 1237 de
420 1195 590 1251 collegis
620 1196 844 1238 haereticos
874 1208 1120 1250 praeponere
1143 1197 1223 1238 sibi
1246 1199 1437 1251 possunt,
1470 1197 1588 1239 nobis
1605 1207 1657 1247 59

76 1278 152 1307 11011
183 1267 368 1319 possunt.
401 1268 442 1307 et
475 1265 564 1307 ideo
594 1265 701 1318 quod
732 1265 859 1307 semel
882 1266 1144 1308 decreuimus
1166 1267 1354 1308 tenemus
1377 1268 1423 1308 ut
1444 1266 1588 1309 haere-

76 1335 179 1376 ticos
202 1334 413 1376 uenientes
436 1334 707 1387 baptizemus.

533 1464 795 1515 Rogatianus
817 1476 843 1504 a
862 1465 983 1504 Noua
1004 1465 1131 1504 dixit:

132 1543 361 1585 Ecclesiam
400 1543 588 1584 Christus
624 1543 830 1593 instituit,
880 1544 1083 1585 haeresim
1130 1543 1331 1585 diabolus.
1386 1543 1589 1596 quomodo
1605 1550 1658 1591 6⁰

34 1623 65 1649 ¹5
77 1612 210 1665 potest
235 1611 382 1653 habere
405 1611 660 1664 baptismum
685 1611 839 1654 Christi
862 1624 1072 1667 synagoga
1095 1611 1299 1654 Satanae?

548 1740 777 1792 Therapius
800 1753 824 1781 a
846 1741 967 1780 Bulla
989 1741 1117 1781 dixit:

135 1819 212 1871 Qui
249 1819 466 1862 haereticis
503 1819 697 1862 ecclesiae
734 1819 989 1872 baptismum
1021 1819 1205 1861 concedit
1241 1820 1282 1861 et
1317 1819 1456 1873 prodit
1491 1818 1590 1872 quid
1605 1823 1655 1864 61

79 1889 189 1931 aliud
212 1902 335 1943 quam
359 1900 527 1942 sponsae
550 1888 703 1930 Christi
727 1888 852 1930 ludas
875 1888 1045 1930 extitit?

403 2019 511 2058 Item
534 2019 640 2058 alius
661 2019 809 2058 Lucius
832 2030 857 2058 a
877 2018 1112 2058 Membresa
1135 2019 1263 2058 dixit:

37 2109 70 2136 »ο
136 2097 344 2150 Scriptum
368 2099 449 2139 est:
492 2098 625 2139 Deus
657 2099 985 2150 peccatorem
1017 2109 1110 2139 11011
1151 2097 1311 2139 audit.
1359 2096 1590 2139 haereticus
1606 2097 1659 2137 62

82 2167 149 2220 qui
172 2168 361 2221 peccator
383 2168 443 2208 est
467 2166 671 2220 quomodo
693 2167 827 2208 audiri
851 2167 893 2208 in
916 2166 1128 2220 baptismo
1151 2168 1316 2220 potest?

216 2316 237 2348 2
262 2315 311 2349 Io.
330 2316 363 2349 3.
380 2316 435 2349 2ῖ.
515 2317 559 2349 :20
586 2315 635 2355 Io,
653 2316 685 2355 9,
703 2315 756 2349 31.

151 2443 167 2476 1
194 2444 324 2486 telepte
343 2443 400 2477 Λυ
494 2444 515 2476 3
542 2445 576 2476 et
593 2454 659 2476 om.
679 2444 712 2476 A
807 2443 829 2476 ἴ)
854 2442 1006 2477 thimida
1025 2443 1058 2477 L
1131 2444 1152 2476 6
1177 2443 1472 2487 patroneinantur
1491 2443 1524 2477 L

84 2500 102 2534 7
127 2500 336 2544 baptismati
353 2501 419 2535 Mc
538 2503 573 2534 et
593 2512 654 2534 nos
672 2512 737 2534 om.
759 2500 806 2541 T,
838 2502 873 2534 et
891 2511 959 2534 11011
979 2500 1028 2534 L·
1142 2502 1163 2534 9
1189 2500 1389 2543 gennninus
1411 2501 1458 2540 T,
1483 2501 1594 2544 gemi-

82 2567 147 2591 nus
163 2558 209 2592 M
340 2559 384 2591 11)
409 2557 511 2591 nobis
539 2569 569 2591 11.
598 2559 746 2601 possunt
764 2569 828 2591 om.
854 2558 884 2590 Τ
1001 2559 1036 2591 11
1070 2558 1244 2602 tenemus]
1264 2560 1408 2592 maneat
1427 2557 1593 2592 uidelicet

87 2614 154 2649 TS.
170 2614 191 2649 l.
288 2615 483 2649 haereticos
494 2615 571 2655 LT,
591 2614 634 2648 ab
655 2614 846 2649 haereticis
857 2615 961 2649 MAc·
1076 2615 1117 2649 14
1142 2614 1271 2650 christi
1291 2615 1325 2649 L
1432 2614 1593 2649 haeresin

85 2670 181 2711 LM,
208 2672 380 2706 haeresim
407 2675 525 2706 autem
551 2672 582 2705 T
601 2672 664 2706 secl
683 2674 801 2706 autem
827 2684 851 2707 s.
876 2673 897 2707 l.
1017 2676 1052 2707 et
1070 2672 1243 2716 quomodo
1266 2672 1372 2706 Tsed
1398 2675 1434 2706 et
1457 2684 1483 2705 s.
1503 2673 1524 2706 I.

86 2728 128 2762 15
152 2740 328 2774 synagoge
352 2730 395 2763 T¹
522 2730 564 2764 16
590 2729 634 2763 ab
654 2730 718 2763 illa
736 2740 779 2763 ea:
797 2730 841 2764 ab
860 2730 934 2764 ulla
953 2731 1001 2765 M
1014 2742 1057 2764 m.
1074 2735 1096 2764 2
1231 2730 1271 2763 17
1302 2729 1481 2774 baptisma
1510 2741 1527 2763 e:

86 2786 128 2821 ls
152 2797 277 2830 sponsa
293 2799 337 2821 ea:
356 2798 479 2831 sponse
503 2787 534 2821 T
661 2787 762 2821 iudas
787 2798 933 2831 spmrsae
951 2788 1077 2822 christi
1106 2800 1123 2821 1·
1244 2788 1286 2820 19
1312 2787 1525 2821 membressa
1550 2787 1592 2827 L,

86 2843 277 2878 membrosa
288 2845 333 2878 M
402 2846 447 2878 211
472 2844 644 2879 hereticos
664 2845 717 2884 M,
737 2847 772 2878 et
791 2844 968 2879 hereticus
993 2845 1028 2880 Τ,
1048 2857 1113 2879 (tm.
1126 2846 1157 2879 A
