1838 3152
156 226 241 268 674
688 223 882 259 Caecilii
916 223 1133 268 Cypriani

156 341 230 369 sua
265 327 530 369 infestatione
567 326 845 380 persequitur,
885 327 931 367 ut
969 327 1243 381 gubernatore
1279 328 1443 370 sublato
1481 329 1661 370 atrocius

156 396 288 449 adque
310 395 532 437 uiolentius
555 395 661 437 circa
684 395 877 437 ecclesiae
899 394 1116 449 naufragia
1138 397 1359 449 grassetur.

117 464 140 505 7
214 464 299 505 Nec
328 476 575 517 quemquam
607 463 771 505 fidelem
804 465 844 505 et
865 463 1069 517 euangelii
1091 476 1316 506 memorem
1338 466 1468 518 adque
1491 466 1667 518 apostoli

158 533 461 586 praemonentis
479 532 676 574 mandata
692 532 940 573 retinentem
957 543 1122 573 mouere
1137 532 1272 582 debet,
1296 532 1424 574 frater
1441 534 1664 585 carissime,

157 601 193 642 si
214 600 383 654 quidam
403 601 448 642 in
469 601 663 643 extremis
685 599 940 653 temporibus
961 600 1126 653 superbi
1148 601 1188 641 et
1205 601 1463 643 contumaces
1481 603 1522 643 et
1537 615 1668 645 sacer-
1682 620 1697 644 5

159 669 304 710 dotum
332 670 410 711 Dei
439 670 577 712 hostes
607 670 679 710 aut
708 669 758 710 de
780 669 952 711 ecclesia
980 669 1176 711 recedunt
1197 669 1271 710 aut
1290 671 1432 711 contra
1453 670 1669 712 ecclesiam

157 737 326 787 faciunt,
355 739 516 792 quando
546 738 650 780 tales
684 751 791 779 nunc
823 736 985 779 futuros
1018 738 1058 778 et
1077 737 1281 779 Dominus
1315 739 1355 779 et
1377 739 1551 791 apostoli
1583 739 1669 781 eius

158 807 253 848 ante
282 807 573 859 praedixerint.
607 819 680 847 nec
713 806 996 859 praepositum
1028 819 1195 848 seruum
1223 807 1355 849 deseri
1377 821 1400 848 a
1422 808 1670 861 quibusdam

161 875 337 917 miretur
365 876 529 929 aliquis,
562 875 724 928 quando
756 875 895 929 ipsum
916 874 1143 917 Dominum
1165 875 1378 930 magnalia
1399 876 1439 917 et
1460 876 1671 918 mirabilia

162 956 326 985 summa
356 944 577 986 facientem
607 945 648 985 et
676 944 854 985 uirtutes
876 944 952 985 Dei
983 944 1113 997 patris
1135 943 1339 986 factorum
1361 957 1528 986 suorum
1549 945 1718 987 testi-10

157 1013 294 1054 monio
331 1013 651 1066 conprobantem
682 1012 878 1065 discipuli
900 1012 965 1053 sui
986 1012 1241 1066 reliquerint.
1275 1015 1317 1055 et
1338 1015 1477 1056 tamen
1499 1014 1571 1056 ille
1592 1026 1672 1055 non

157 1082 363 1136 increpuit
395 1082 631 1124 recedentes
667 1082 739 1123 ant
775 1081 962 1136 grauiter
999 1081 1276 1124 comminatus
1313 1084 1397 1132 est,
1435 1083 1507 1124 sed
1538 1083 1671 1137 magis

157 1163 376 1192 conuersus
407 1150 459 1192 ad
487 1150 694 1204 apostolos
729 1162 823 1191 suos
859 1150 985 1191 dixit:
1022 1151 1273 1203 numquid
1306 1152 1354 1193 et
1384 1163 1472 1193 uos
1504 1152 1671 1193 uultis

155 1219 267 1261 ire?
298 1231 466 1261 seruans
495 1219 654 1260 scilicet
682 1219 819 1274 legem
849 1232 929 1272 qua
958 1218 1080 1261 homo
1109 1219 1298 1261 libertati
1320 1232 1416 1262 suae
1437 1221 1608 1262 relictus
1631 1222 1671 1262 et

159 1288 203 1329 in
232 1288 405 1330 arbitrio
436 1288 600 1342 proprio
633 1288 881 1329 constitutus
911 1287 1082 1329 sibimet
1111 1287 1198 1341 ipse
1227 1289 1296 1330 uel
1316 1290 1491 1330 mortem
1513 1288 1672 1342 adpetit
1687 1302 1719 1327 15

158 1357 227 1398 uel
263 1357 454 1399 salutem.
502 1358 652 1399 Petrus
685 1358 826 1399 tamen
861 1369 983 1411 super
1026 1370 1149 1410 quem
1192 1357 1408 1399 aedificata
1443 1358 1493 1399 ab
1531 1358 1672 1400 eodem

158 1426 336 1467 Domino
373 1425 506 1467 fuerat
540 1426 712 1468 ecclesia
740 1439 846 1467 unus
874 1437 946 1479 pro
978 1425 1170 1467 omnibus
1199 1425 1370 1479 loquens
1401 1429 1441 1469 et
1477 1427 1671 1469 ecclesiae

158 1508 257 1538 uoce
293 1496 540 1549 respondens
577 1496 657 1538 ait:
698 1495 934 1546 Domine,
981 1495 1041 1537 ad
1077 1508 1223 1549 quem
1258 1496 1423 1537 imus?
1458 1496 1671 1537 uerbum

158 1566 302 1606 uitae
347 1567 595 1607 aeternae
640 1564 814 1614 habes,
867 1565 915 1605 et
960 1576 1047 1605 nos
1094 1563 1352 1606 credimus
1398 1566 1448 1606 et
1490 1577 1672 1619 cogno-

158 1634 332 1675 uimus
364 1635 603 1688 quoniam
636 1636 690 1675 tu
722 1647 771 1676 es
793 1633 1042 1675 Christus
1074 1634 1225 1675 filius
1247 1634 1343 1674 Dei
1366 1634 1488 1684 uiui,
1512 1633 1718 1688 signifi-20

158 1714 254 1744 cans
284 1703 443 1746 scilicet
474 1705 514 1745 et
536 1704 753 1745 ostendens
775 1715 841 1745 eos
863 1703 934 1756 qui
956 1716 979 1744 a
1000 1702 1162 1744 Christo
1191 1703 1434 1744 recesserint
1455 1703 1578 1756 culpa
1599 1715 1673 1744 sua

158 1773 305 1825 perire,
338 1773 553 1815 ecclesiam
583 1775 725 1815 tamen
756 1785 859 1826 quae
888 1773 932 1813 in
962 1771 1176 1813 Christum
1197 1772 1337 1813 credat
1359 1772 1400 1812 et
1422 1783 1524 1824 quae
1546 1771 1674 1812 semel

159 1841 203 1882 id
225 1841 334 1894 quod
364 1842 602 1896 cognouerit
631 1843 782 1890 teneat,
814 1854 1042 1894 numquam
1073 1841 1123 1882 ab
1147 1852 1192 1882 eo
1214 1840 1379 1881 omnino
1401 1840 1608 1881 discedere
1631 1840 1673 1881 et

160 1922 228 1952 eos
260 1923 347 1952 esse
385 1911 602 1953 ecclesiam
635 1911 706 1964 qui
736 1911 778 1952 in
812 1910 931 1951 domo
964 1910 1039 1951 Dei
1075 1910 1333 1962 permanent,
1370 1908 1673 1962 plantationem

158 1991 254 2021 uero
275 1980 511 2033 plantatam
533 1993 556 2021 a
577 1980 662 2021 Deo
684 1980 800 2033 patre
822 1992 902 2020 non
922 1991 1008 2020 esse
1031 1990 1131 2031 quos
1154 1978 1342 2019 uidemus
1369 1990 1448 2018 non
1469 1976 1669 2018 frumenti
1684 1985 1715 2011 2⁵

295 2105 339 2138 13
364 2106 400 2138 et
425 2105 469 2139 18
495 2104 544 2138 Io.
571 2105 602 2145 6,
629 2104 773 2139 67—69.

227 2217 247 2250 1
266 2227 367 2251 suam
385 2217 576 2251 festatione
595 2216 642 2251 M
660 2218 741 2260 (sua
758 2216 994 2251 infestatione
1015 2217 1057 2262 Q)
1166 2217 1187 2251 2
1205 2216 1330 2260 adque]
1350 2226 1388 2250 ac
1414 2216 1478 2251 GR
1580 2225 1673 2249 cras-

162 2275 261 2308 setur
279 2274 314 2308 L
419 2274 441 2308 3
458 2276 654 2308 memorata
676 2274 705 2309 G
721 2276 760 2308 ta
778 2285 802 2308 s.
823 2275 844 2308 Z.
953 2276 975 2309 4
992 2274 1173 2309 carissime
1191 2285 1256 2309 om.
1282 2275 1312 2310 C
1413 2275 1434 2308 5
1452 2274 1490 2307 in
1509 2284 1574 2308 om.
1594 2273 1631 2309 R

161 2333 198 2366 et
213 2341 278 2366 om.
305 2331 370 2367 C'R
464 2332 483 2365 7
503 2342 595 2366 nunc
613 2342 678 2366 om.
703 2332 738 2366 V
828 2334 849 2367 8
867 2333 1087 2377 propositum
1111 2332 1140 2367 C
1233 2332 1364 2366 deserti
1379 2332 1430 2366 L¹
1531 2332 1552 2365 9
1570 2331 1676 2364 mire-

160 2389 235 2443 tur]
251 2388 439 2423 miseretur
460 2389 491 2424 C
604 2378 743 2434 ᾶήἷᾫῑ
766 2378 871 2435 (dffi
884 2390 999 2435 ΜΨ)
1108 2389 1334 2424 admirabilia
1351 2389 1423 2423 LP
1533 2389 1575 2422 11
1594 2387 1675 2422 reli-

162 2447 318 2491 querunt
347 2447 384 2487 C,
415 2445 671 2490 dereliquerint
700 2447 735 2481 V
872 2448 916 2482 12
941 2447 1137 2482 recidentes
1169 2446 1208 2492 Q,
1239 2447 1274 2481 et
1304 2446 1503 2480 secedentes
1535 2446 1577 2480 0¹

165 2505 210 2539 14
226 2503 406 2538 libertatis
429 2503 492 2549 ρ’,
519 2504 711 2538 libertatus
735 2505 765 2540 G
780 2516 821 2539 us
839 2516 882 2539 ex
899 2505 931 2538 is
1041 2514 1104 2538 sua
1122 2504 1192 2546 Εἰ,
1219 2505 1255 2537 et
1272 2513 1317 2538 6oe
1334 2514 1376 2537 ue
1399 2504 1429 2538 C
1547 2503 1589 2536 15
1609 2502 1678 2546 ipsi

169 2562 272 2598 O2L¹
420 2562 568 2607 adpetat
597 2561 661 2597 GR
802 2562 843 2596 17
868 2563 973 2596 unius
997 2562 1040 2597 (1¹
1189 2561 1233 2595 18
1252 2561 1347 2605 uoce]
1378 2571 1468 2594 unus
1495 2570 1578 2593 uoce
1597 2559 1633 2593 R

162 2619 295 2654 ibimus
319 2619 406 2655 CRv
500 2619 609 2653 uerba
631 2619 661 2655 G
754 2619 797 2653 19
815 2618 1026 2653 credidimus
1050 2617 1139 2653 0213
1233 2617 1279 2651 20
1295 2617 1451 2651 christus
1475 2627 1539 2650 om.
1561 2615 1631 2660 PQ

161 2678 206 2711 21
226 2677 297 2722 eos]
316 2677 379 2711 hos
405 2677 433 2712 C
571 2677 793 2710 recesserunt
818 2677 858 2721 Q,
882 2676 1096 2710 recenserint
1118 2675 1147 2710 G
1155 2678 1164 2697 ¹
1309 2674 1433 2719 culpae
1451 2684 1533 2707 suae
1558 2673 1588 2708 C

164 2735 210 2769 22
228 2735 375 2769 ecclesia
392 2735 429 2770 R
531 2735 567 2768 et
584 2734 685 2779 quae]
705 2735 741 2768 et
758 2734 851 2778 quod
873 2734 939 2769 CR
1046 2733 1090 2767 23
1108 2732 1314 2777 cognouerit
1330 2732 1464 2776 teneat]
1483 2730 1676 2765 crediderit

163 2794 201 2827 et
218 2793 248 2828 C
384 2792 525 2826 omnino
542 2791 655 2825 habeo
679 2791 709 2827 C
856 2792 901 2826 24
917 2792 956 2825 in
973 2790 1157 2825 ecclesiam
1181 2790 1209 2826 C
1348 2789 1580 2834 permaneant
1603 2788 1633 2822 G

161 2849 208 2884 25
226 2851 364 2894 patrem
381 2850 416 2884 P
511 2841 612 2893 qu'os]
640 2847 734 2892 quod
757 2848 822 2884 GR
916 2847 1072 2882 uidimus
1096 2848 1125 2883 G
