1912 3152
446 265 503 299 De
528 275 657 309 opere
684 266 729 299 01
753 264 1056 310 eleemosynis
1082 276 1110 299 0.
1135 266 1283 300 23-25.
1538 268 1622 310 393

115 371 254 413 menta
285 371 446 411 terrena
482 369 725 410 indumenta
758 368 953 410 caelestia
989 369 1205 422 recepturi.
1238 369 1381 412 demus
1410 370 1549 412 cibum
1578 372 1621 413 et

115 440 259 494 potum
279 438 532 480 saecularem
554 450 646 479 cum
670 437 881 479 Abraham
903 439 944 479 et
965 437 1080 479 Isaac
1100 439 1141 479 et
1164 438 1284 480 Iacob
1306 439 1358 480 ad
1380 439 1619 481 conuiuium

115 508 288 551 caeleste
310 506 486 548 uenturi.
510 519 559 548 ne
580 519 727 560 parum
749 509 955 549 metamus
976 507 1204 561 plurimum
1221 509 1482 550 seminemus
1506 521 1622 553 secu-

114 576 230 618 ritati
251 588 298 618 ac
319 576 442 617 saluti
465 577 652 617 aeternae
674 575 773 617 dum
795 576 960 629 tempus
981 577 1044 617 est
1065 577 1327 619 consulamus
1359 577 1490 620 Paulo
1523 590 1620 632 apo-

86 645 219 687 581010
239 645 483 686 admonente
515 645 555 686 et
587 644 768 686 dicente:
815 656 937 699 ergo
969 644 1083 686 dum
1114 646 1317 699 tempus
1350 646 1616 697 habemus,

114 726 382 768 operemur
412 714 542 767 quod
573 714 755 755 bonum
786 715 865 755 est
896 713 955 755 ad
985 726 1174 764 omnes,
1206 714 1422 756 maxime
1452 717 1623 758 autem

114 783 174 825 ad
217 782 532 824 domesticos
578 781 725 824 fidei.
778 782 960 824 bonum
1006 784 1179 824 autem
1227 782 1483 825 facientes
1529 797 1624 826 non

114 851 444 901 deficiamus,
477 852 709 904 tempore
747 850 878 892 enim
909 863 998 893 suo
1030 852 1298 894 metemus.

171 919 430 975 Cogitemus,
453 920 601 961 fratres
623 919 908 970 dilectissimi,
931 921 1030 974 quid
1053 921 1129 962 sub
1151 921 1349 974 apostolis
1370 922 1515 964 fecerit
1536 934 1622 964 cre-
1639 918 1691 957 25

31 1006 35 1016 ’
68 1001 100 1026 1⁰
113 989 300 1031 dentium
321 989 519 1043 populus,
552 989 714 1042 quando
744 989 854 1031 inter
883 989 973 1043 ipsa
993 989 1218 1043 primordia
1239 990 1465 1032 maioribus
1487 991 1624 1033 uirtu-

113 1060 225 1101 tibus
246 1072 361 1101 mens
393 1058 585 1114 uigebat,
619 1058 779 1112 quando
812 1059 1067 1100 credentium
1098 1059 1198 1101 fides
1229 1072 1334 1101 nouo
1366 1059 1499 1102 adhuc
1528 1059 1623 1101 fidei

113 1129 245 1172 calore
266 1127 464 1170 feruebat.
487 1128 697 1170 domicilia
718 1129 818 1170 tunc
841 1129 882 1169 et
903 1128 1070 1182 praedia
1088 1128 1382 1170 uenundabant
1398 1130 1440 1170 et
1456 1128 1622 1182 dispen-

114 1198 285 1240 sandam
305 1197 554 1251 pauperibus
573 1198 851 1251 quantitatem
873 1197 1050 1239 libenter
1070 1211 1116 1239 ac
1137 1197 1310 1252 largiter
1331 1198 1528 1251 apostolis
1549 1198 1623 1240 ob-

114 1266 318 1317 terebant,
342 1268 501 1308 terreno
522 1266 771 1320 patrimonio
793 1265 961 1308 uendito
983 1266 1116 1319 adque
1138 1266 1335 1308 distracto
1358 1266 1504 1309 fundos
1521 1267 1624 1309 111110

36 1329 39 1337 “
67 1349 99 1375 15
114 1335 408 1378 transferentes
446 1336 518 1377 ubi
554 1335 715 1378 fructus
752 1337 943 1390 caperent
977 1335 1246 1389 possessionis
1280 1337 1488 1387 aeternae,
1534 1336 1623 1378 illic

37 1453 42 1467 ,
113 1407 395 1459 comparantes
432 1406 573 1447 domos
611 1405 683 1447 ubi
718 1405 946 1459 inciperent
981 1417 1142 1459 semper
1169 1405 1370 1447 habitare.
1404 1406 1503 1447 talis
1525 1407 1623 1448 tunc

113 1473 195 1516 fuit
231 1474 273 1516 in
309 1474 613 1528 operationibus
649 1474 840 1516 cumulus
882 1474 1017 1528 qualis
1052 1474 1096 1516 in
1135 1474 1355 1517 dilectione
1391 1486 1622 1527 consensus,

39 1555 42 1604 Ι
113 1542 220 1584 sicut
252 1543 430 1598 legimus
467 1543 509 1585 in
546 1543 665 1586 Actis
702 1544 1004 1597 apostolorum:
1050 1544 1208 1586 turba
1238 1546 1413 1587 autem
1453 1557 1622 1587 eorum

40 1619 43 1662 ’1
113 1612 199 1664 qui
246 1612 575 1654 crediderant
617 1612 789 1654 anima
835 1626 889 1655 ac
934 1615 1104 1655 mente
1150 1626 1250 1655 una
1281 1614 1504 1669 agebant
1534 1627 1626 1657 nec

40 1678 216 1754 l²⁰f¹¹it
247 1682 384 1724 inter
414 1682 535 1723 illos
566 1682 846 1724 discrimen
877 1682 1043 1724 ullum
1073 1695 1160 1725 nec
1182 1683 1461 1737 quicquam
1483 1697 1626 1725 suum

42 1760 45 1813 ᾗ
113 1750 418 1793 iudicabant
449 1764 503 1792 ex
534 1751 679 1792 bonis
711 1763 838 1804 quae
869 1751 942 1792 eis
974 1751 1138 1802 erant,
1162 1751 1247 1793 sed
1278 1750 1488 1793 fuerunt
1510 1751 1626 1793 illis

42 1817 46 1849 ¹>
114 1820 280 1862 omnia
312 1821 610 1862 communia.
644 1821 719 1862 hoc
740 1821 803 1862 est
824 1820 1045 1862 natiuitate
1066 1820 1248 1874 spiritali
1270 1833 1365 1863 uere
1386 1820 1463 1863 Dei
1485 1820 1622 1862 filium

43 1917 47 1939 2
114 1888 202 1931 fieri
216 1923 225 1940 ‚
258 1890 333 1931 1100
354 1891 417 1931 est
439 1890 530 1944 lege
552 1890 717 1932 caelesti
739 1890 995 1943 aequitatem
1016 1890 1092 1931 Dei
1115 1890 1245 1944 patris
1274 1890 1446 1932 imitari.
1495 1891 1624 1943 quod-

44 1946 48 2020 ξ
115 1970 289 2012 cumque
311 1958 420 2000 enim
443 1959 519 2001 Dei
556 1960 618 2000 est
654 1959 697 2000 in
732 1960 872 2001 nostra
909 1958 1175 2012 usurpatione
1198 1971 1414 2001 commune
1437 1960 1520 2009 est,
1552 1973 1626 2001 nec

45 2030 49 2090 1
68 2042 102 2068 2⁵
115 2026 333 2080 quisquam
366 2040 389 2068 a
417 2027 625 2069 beneficiis
647 2028 734 2069 eius
757 2030 798 2069 et
820 2028 1059 2069 muneribus
1081 2029 1243 2069 arcetur
1264 2028 1484 2080 quominus
1505 2040 1625 2070 omne

114 2095 341 2138 humanum
363 2109 492 2151 genus
513 2097 699 2138 bonitate
728 2109 774 2139 ac
804 2096 1002 2151 largitate
1024 2096 1168 2138 diuina
1189 2096 1419 2150 aequaliter
1439 2097 1624 2150 perfrua-

47 2161 50 2218 ξ
115 2167 195 2208 tur.
228 2166 287 2208 sic
308 2166 535 2220 aequaliter
555 2166 642 2208 dies
664 2167 865 2217 luminat,
898 2167 959 2208 sol
982 2166 1137 2217 radiat,
1160 2166 1294 2208 imber
1315 2166 1445 2221 rigat,
1477 2167 1624 2209 uentus

47 2225 51 2271 f
115 2234 319 2288 adspirat,
350 2237 391 2278 et
412 2236 714 2278 dormientibus
737 2248 904 2278 somnus
927 2248 1032 2277 unus
1054 2238 1117 2278 est
1136 2268 1145 2286 ,
1179 2236 1220 2277 et
1248 2235 1464 2276 stellarum
1486 2236 1623 2289 splen-

48 2273 53 2364 l
115 2304 187 2345 dor
207 2317 253 2346 ac
273 2305 394 2346 lunae
416 2305 644 2347 communis
676 2306 751 2347 est.
784 2318 863 2359 quo
900 2305 1168 2358 aequalitatis
1203 2305 1388 2359 exemplo
1424 2304 1495 2358 qui
1532 2315 1625 2357 pos-

50 2384 247 2438 faosessor
277 2374 319 2415 in
341 2373 463 2415 terris
485 2374 643 2415 reditus
664 2386 710 2415 ac
731 2374 890 2416 fructus
913 2386 1007 2416 suos
1029 2388 1123 2416 cum
1146 2373 1406 2416 fraternitate
1427 2372 1621 2426 partitur,

50 2439 54 2484 ¹

252 2487 275 2521 5
300 2486 378 2521 Gal.
398 2488 428 2528 6,
450 2487 502 2522 10.
521 2488 552 2521 9.
628 2487 670 2521 18
695 2487 772 2522 Αο1.
791 2489 825 2528 4,
842 2488 897 2522 32.

184 2578 206 2612 2
231 2580 267 2613 et
284 2580 386 2622 (ante
404 2579 514 2623 isaac)
532 2591 596 2614 om.
624 2579 673 2613 W
675 2579 706 2613 G
776 2580 799 2613 5
816 2580 978 2613 monente
1004 2578 1037 2613 G
1108 2580 1130 2614 8
1155 2578 1342 2623 metemus]
1361 2578 1446 2613 add.
1467 2578 1537 2612 1³2:
1556 2588 1622 2612 non

53 2629 55 2639 ⁴
118 2635 266 2680 fatigati
338 2637 381 2671 14
398 2639 504 2681 atque
521 2637 695 2671 distracto
714 2636 842 2671 fundos
858 2637 937 2671 Ws.
953 2637 974 2671 l.
993 2649 1038 2671 m.
1054 2639 1079 2671 2
1151 2637 1194 2671 15
1210 2637 1347 2671 fructus
1365 2637 1502 2670 fructus
1522 2635 1555 2670 G

54 2702 58 2730 1
117 2693 160 2727 21
187 2693 419 2728 uindicabant
442 2694 474 2729 V
543 2694 678 2728 fuerint
700 2693 748 2728 G·
826 2695 871 2728 22
898 2694 989 2729 filios
1008 2706 1028 2729 v
1114 2694 1158 2728 23
1184 2693 1327 2727 imitare
1352 2694 1399 2727 G·
1479 2693 1524 2726 25
1548 2692 1623 2726 eius

118 2752 167 2796 et]
186 2762 226 2785 ac
242 2751 275 2786 G
338 2752 382 2786 27
408 2751 562 2786 luminat
571 2751 610 2785 F
616 2753 662 2787 W
671 2752 707 2792 V,
727 2752 921 2787 inluminat
936 2752 990 2787 Gv
1062 2751 1173 2795 rigat]
1192 2751 1323 2785 irrorat
1346 2751 1377 2783 V
1456 2751 1501 2784 28
1514 2750 1625 2793 prius

55 2799 59 2855 ³,
119 2809 156 2842 01
172 2819 236 2842 om.
258 2809 291 2843 G
354 2809 399 2843 29
424 2811 479 2843 est
496 2820 562 2843 om.
589 2809 622 2844 G
687 2809 769 2854 quo]
788 2820 828 2843 οο
851 2809 883 2844 G
963 2809 1161 2854 aequitatis
1182 2809 1250 2843 Wv
1322 2808 1367 2841 30
1393 2807 1429 2841 111
1447 2807 1553 2841 terris
1576 2807 1626 2841 W

117 2876 146 2899 8.
165 2866 184 2899 l.
202 2877 243 2900 m.
259 2868 299 2906 2,
327 2866 362 2899 in
381 2866 486 2901 terris
504 2869 557 2900 est
582 2867 632 2898 (1'2
