1838 3152
605 270 843 315 Epistulae
868 270 1026 305 LXIII.
1054 282 1084 307 e.
1109 271 1208 307 7-9.
1570 274 1649 316 707

155 374 243 428 qui
289 372 457 415 credit
502 373 554 414 in
598 386 694 423 me,
746 373 886 415 sicut
930 374 1192 428 scriptura
1239 374 1393 425 dicit,
1440 374 1658 417 flumina

161 442 221 483 de
265 443 446 483 uentre
492 441 602 482 eius
647 441 822 483 fluent
867 454 1029 494 aquae
1075 443 1238 484 uiuae.
1285 443 1416 496 adque
1445 445 1492 484 ut
1522 444 1656 498 magis

162 511 298 564 posset
329 521 415 551 esse
443 507 713 551 manifestum
743 509 840 563 quia
860 522 938 551 non
960 508 1010 551 de
1031 509 1157 551 calice
1178 510 1249 551 sed
1270 510 1320 551 de
1340 510 1545 564 baptismo
1567 511 1656 552 illic

163 578 345 631 loquitur
364 577 579 627 Dominus,
602 577 763 619 addidit
786 578 989 632 scriptura
1018 577 1174 619 dicens:
1205 577 1296 620 hoc
1324 580 1492 621 autem
1521 579 1657 621 dixit

128 645 218 688 ede
248 646 443 699 spiritu
482 658 627 699 quem
658 646 934 700 accepturi
967 647 1114 687 erant
1144 646 1228 699 qui
1259 647 1308 688 in
1339 661 1448 689 eum
1479 648 1655 690 crede-

159 715 293 757 bant.
323 726 394 767 per
413 713 620 766 baptisma
642 714 780 755 autem
804 714 975 768 spiritus
996 714 1158 756 sanctus
1177 714 1390 768 accipitur,
1415 717 1456 756 et
1476 716 1534 757 sic
1553 717 1655 770 bap-

158 782 297 824 tizatis
328 783 370 824 et
400 782 594 836 spiritum
633 783 822 824 sanctum
864 783 1090 825 consecutis
1131 783 1183 825 ad
1222 782 1446 825 bibendum
1486 784 1655 826 calicem

164 850 332 892 Domini
362 850 612 904 peruenitur.
643 851 848 892 neminem
879 852 1016 893 autem
1048 852 1213 893 moueat
1242 851 1349 904 quod
1370 864 1464 894 cum
1486 851 1535 894 de
1555 853 1657 905 bap—

164 919 289 961 tismo
339 919 532 972 loquatur
576 919 781 973 scriptura
825 919 966 961 diuina
1010 919 1124 961 sitire
1163 932 1233 962 nos
1271 920 1373 962 dicit
1417 922 1458 962 et
1501 920 1652 970 bibere,

114 1002 148 1027 10
164 987 323 1040 quando
365 988 406 1028 et
436 987 637 1029 Dominus
667 987 710 1028 in
740 988 951 1041 euangelio
982 988 1110 1030 dicat:
1153 988 1296 1030 beati
1328 989 1576 1030 sitientes
1608 990 1657 1030 et

158 1055 451 1097 esurientes
496 1056 778 1106 iustitiam,
823 1056 918 1109 quia
948 1056 1053 1109 quod
1086 1057 1208 1098 auida
1239 1058 1280 1098 et
1310 1057 1467 1099 sitienti
1498 1057 1657 1111 cupidi-

162 1124 250 1165 tate
271 1123 493 1177 suscipitur
521 1124 681 1177 plenius
711 1125 752 1166 et
782 1124 946 1166 uberius
967 1124 1167 1166 hauritur.
1198 1125 1306 1167 sicut
1325 1127 1366 1167 et
1387 1126 1467 1167 alio
1488 1126 1575 1167 loco
1603 1126 1655 1167 ad

157 1191 458 1235 Samaritanam
495 1193 709 1234 mulierem
739 1193 939 1235 Dominus
974 1193 1157 1246 loquitur
1191 1194 1346 1235 dicens:
1379 1194 1538 1235 omnis
1570 1194 1656 1247 qui

162 1261 358 1303 biberit
389 1274 443 1303 ex
474 1275 601 1315 aqua
631 1263 755 1312 ista,
786 1262 939 1304 sitiet
968 1263 1168 1304 iterum.
1202 1263 1286 1315 qui
1318 1264 1487 1304 autem
1516 1263 1656 1304 bibe-

113 1330 230 1372 urit
261 1342 314 1371 ex
344 1343 473 1383 aqua
504 1343 651 1383 quam
692 1343 780 1386 ego
818 1331 1023 1381 dedero,
1070 1343 1164 1372 non
1209 1331 1366 1372 sitiet
1404 1331 1454 1372 in
1491 1332 1653 1373 aeter-

159 1411 284 1440 num.
322 1412 400 1452 quo
434 1400 474 1440 et
505 1400 592 1452 ipso
628 1399 833 1453 baptisma
867 1399 1059 1441 salutaris
1089 1411 1218 1452 aquae
1248 1399 1514 1454 significatur,
1547 1398 1653 1452 quod

158 1468 284 1508 semel
313 1467 470 1509 scilicet
491 1468 671 1509 sumitur
691 1481 764 1509 nec
786 1481 925 1509 rursus
946 1468 1132 1509 iteratur.
1163 1468 1343 1509 ceterum
1364 1467 1468 1509 calix
1489 1467 1655 1509 Domini

157 1535 199 1576 in
221 1536 389 1577 ecclesia
410 1549 569 1590 semper
589 1537 630 1577 et
651 1536 792 1577 sititur
813 1537 854 1577 et
875 1535 1044 1577 bibitur.

214 1603 300 1645 Nec
327 1604 583 1658 argumentis
604 1605 797 1658 plurimis
818 1616 918 1657 opus
939 1605 1014 1654 est,
1039 1604 1165 1645 frater
1185 1604 1408 1654 carissime,
1439 1605 1485 1644 ut
1506 1604 1651 1656 probe·
1669 1603 1693 1642 9

108 1688 144 1715 20
157 1685 249 1713 mus
278 1673 552 1725 appellatione
573 1685 700 1726 aquae
721 1673 927 1725 baptisma
948 1672 1225 1727 significatum
1247 1685 1405 1725 semper
1426 1684 1511 1713 esse
1533 1674 1573 1713 et
1595 1672 1652 1714 sic

162 1752 236 1781 nos
264 1741 507 1795 intellegere
534 1741 692 1791 debere,
729 1742 889 1794 quando
910 1741 1112 1783 Dominus
1142 1741 1362 1782 adueniens
1392 1740 1588 1794 baptismi
1610 1741 1651 1781 et

155 1808 295 1850 calicis
310 1808 639 1850 manifestauerit
660 1810 893 1859 ueritatem,
916 1810 986 1862 qui
1003 1822 1151 1862 aquam
1171 1809 1290 1850 illam
1306 1809 1480 1858 fidelem,
1503 1821 1651 1861 aquam

157 1877 267 1918 uitae
287 1879 471 1919 aeternae
492 1878 743 1931 praeceperit
772 1878 1027 1919 credentibus
1050 1878 1091 1919 in
1112 1878 1319 1930 baptismo
1350 1877 1451 1926 dari,
1483 1877 1651 1919 calicem

157 1958 252 1987 uero
275 1946 457 1988 docuerit
478 1947 662 1999 exemplo
683 1947 914 2000 magisterii
936 1947 998 1988 sui
1021 1946 1107 1987 uini
1139 1947 1180 1988 et
1210 1959 1339 1999 aquae
1372 1945 1652 1987 coniunctione

293 2105 337 2139 10
360 2105 491 2140 Matth.
517 2106 548 2147 5,
576 2105 606 2139 6.
703 2106 746 2139 13
771 2106 820 2140 Io.
845 2106 877 2146 4,
906 2106 956 2139 13.
986 2106 1037 2139 14.

226 2243 244 2276 1
264 2242 337 2287 qui]
358 2244 393 2276 et
410 2243 471 2286 qui
486 2243 515 2277 s
674 2243 824 2287 31›0.<sit
849 2243 877 2278 O
1037 2243 1059 2276 4
1079 2242 1180 2276 addit
1204 2241 1233 2276 o
1392 2241 1414 2274 5
1431 2228 1519 2284 qua}
1539 2240 1573 2274 P

157 2299 179 2334 6
195 2299 374 2343 baptismo
396 2299 426 2344 Q
609 2301 741 2344 autem]
767 2300 859 2334 enim
878 2300 1006 2335 LOPv
1189 2310 1209 2333 a
1225 2298 1419 2342 baptizatis
1438 2297 1567 2331 L0P1-

157 2356 175 2389 7
196 2356 240 2390 ad
257 2356 460 2402 bibendum]
487 2357 725 2392 adhibendum
745 2358 772 2391 S
954 2359 975 2391 8
992 2345 1128 2391 dffiw
1318 2356 1339 2389 9
1357 2355 1514 2398 loquitur
1538 2355 1567 2387 O

158 2412 189 2446 si
207 2413 308 2447 sitire
327 2413 388 2458 QS
569 2415 669 2448 sitire
691 2415 882 2459 scriptura*
899 2414 1039 2449 diuina„
1055 2413 1089 2448 R
1106 2425 1121 2447 s
1140 2424 1228 2447 eras.
1416 2411 1513 2445 dicat
1532 2411 1567 2446 R

157 2470 198 2504 11
224 2470 418 2504 esurientes
442 2472 479 2504 et
504 2471 668 2505 sitientes
689 2472 745 2506 Re
930 2471 1026 2515 quia]
1051 2471 1135 2514 quid
1154 2470 1189 2505 R
1371 2469 1516 2503 sitiente
1535 2468 1562 2500 δ’

158 2528 201 2561 12
218 2527 357 2571 plenius
375 2539 438 2562 om.
459 2528 495 2564 R
649 2528 793 2563 auditur
812 2529 856 2562 M
873 2529 1025 2569 (auritur
1048 2528 1089 2572 Q)
1254 2527 1295 2561 13
1313 2527 1561 2560 samaritanom
1583 2525 1647 2561 P'.

155 2584 362 2618 samaritam
381 2585 483 2619 LRS
607 2586 738 2629 dicens]
757 2586 839 2619 adel.
860 2586 913 2620 R.-
931 2586 995 2619 hoc
1014 2587 1131 2619 autem
1149 2584 1239 2618 dixit
1367 2583 1408 2616 14
1426 2610 1433 2616 .
1454 2583 1584 2615 Iterum
1605 2582 1648 2621 L,

155 2657 189 2675 ι*
207 2640 336 2674 iterum
355 2642 403 2675 M
417 2642 477 2686 (Et
494 2645 612 2686 eras.),
631 2642 769 2676 iterum.
793 2642 836 2675 Et
855 2642 983 2676 iterum
1009 2642 1038 2687 Q
1183 2641 1319 2675 bcbcrit
1339 2640 1367 2674 S
1509 2639 1550 2672 1⁴3
1569 2638 1649 2682 quo]

157 2697 248 2741 quod
271 2698 386 2743 QRS‚·
413 2699 457 2742 cf.
481 2703 586 2743 712,7
769 2702 805 2733 et
822 2700 895 2743 ipso
915 2699 1030 2739 LOP,
1057 2702 1093 2733 et
1111 2699 1147 2732 in
1165 2699 1239 2742 ipso
1263 2698 1300 2742 Q,
1327 2699 1362 2730 et
1381 2697 1492 2740 ipsum
1514 2707 1540 2731 r,
1561 2698 1595 2729 ct
1614 2696 1653 2735 S,

155 2765 220 2789 om.
241 2755 276 2790 R
439 2756 480 2790 17
502 2758 537 2790 ct
556 2757 663 2791 semel
687 2757 716 2802 Q
878 2757 920 2790 19
937 2746 1012 2790 kffii
1031 2756 1060 2801 Q
1219 2755 1265 2788 20
1282 2754 1551 2798 appollationmu
1574 2753 1606 2786 P

158 2812 284 2856 aquae]
304 2824 353 2856 *q.
379 2812 408 2857 Q
426 2815 510 2857 (atq.
531 2814 591 2858 M)
742 2813 1025 2858 significaturum
1045 2814 1086 2847 S¹
1246 2812 1288 2845 21
1307 2811 1467 2844 dominus
1485 2822 1550 2843 om.
1570 2809 1605 2844 R

156 2868 386 2903 inaducniens
406 2870 564 2903 matis-mi
583 2870 617 2905 R
756 2873 791 2904 et
809 2882 874 2904 om.
895 2870 923 2903 S
1059 2869 1102 2903 23
1120 2870 1261 2902 aeterna
1285 2870 1313 2900 l)

1286 2925 1379 2966 45*
