1838 3152
543 298 779 343 Epistulae
804 297 1216 334 LV1111.c.18—20.
1543 301 1626 344 689

127 401 220 443 istis
250 401 410 443 insidiis
439 413 484 442 ac
515 400 640 442 minis
670 401 754 442 suis
788 400 1104 455 parricidalibus
1137 402 1358 445 crudeliter
1389 415 1626 458 perseuera-

128 470 274 520 uerint,
296 469 435 511 nullus
452 470 527 511 Dei
551 471 734 512 sacerdos
756 470 814 511 sic
835 469 1023 511 infirmus
1044 472 1119 521 est,
1143 471 1201 513 sic
1218 471 1353 514 iacens
1370 473 1411 514 et
1428 471 1623 523 abiectus,

131 538 189 579 sic
210 537 482 580 inbecillitate
512 538 712 580 humanae
734 538 1033 580 mediocritatis
1055 538 1263 581 inualidus
1285 540 1353 593 qui
1376 551 1456 581 non
1485 542 1626 582 contra

130 607 266 648 hostes
288 607 328 648 et
349 606 635 660 inpugnatores
657 607 734 649 Dei
757 607 958 649 diuinitus
981 607 1177 661 erigatur,
1201 608 1317 649 cuius
1345 621 1423 650 non
1452 609 1625 650 humili-

98 675 195 719 stas
218 675 258 716 et
279 674 497 716 infirmitas
523 675 665 730 uigore
697 677 738 717 et
767 676 908 717 robore
930 675 1096 728 Domini
1126 676 1375 730 protegentis
1408 677 1625 719 animetur.

126 744 265 784 nostra
285 743 389 784 nihil
410 743 582 785 interest
603 745 676 785 aut
705 757 729 785 a
757 755 835 797 quo
868 745 940 785 aut
970 744 1130 797 quando
1160 757 1377 798 pereamus
1409 745 1554 786 mortis
1585 746 1628 788 et

127 811 339 866 sanguinis
380 811 607 865 praemium
649 812 697 853 de
738 812 914 854 Domino
956 812 1172 866 recepturi.
1210 812 1380 855 illorum
1416 813 1548 854 flenda
1587 814 1629 855 et

123 880 387 922 lamentanda
415 879 596 923 condicio
628 882 690 922 est
719 893 819 934 quos
853 881 911 922 sic
941 881 1128 923 diabolus
1161 882 1348 923 excaecat
1384 881 1432 922 ut
1463 882 1629 923 aeterna

126 949 332 1003 gehennae
354 948 556 1002 supplicia
576 960 656 990 non
678 949 906 1004 cogitantes
936 949 1171 991 antichristi
1200 949 1284 991 iam
1314 949 1629 1003 propinquantis

80 1036 112 1060 ιο
125 1017 351 1058 aduentum
373 1018 569 1059 conentur
589 1017 757 1059 imitari.

181 1086 234 1127 Et
263 1099 512 1139 quamquam
541 1086 682 1137 sciam,
720 1086 847 1128 frater
879 1086 1102 1138 carissime,
1132 1099 1204 1140 pro
1234 1088 1381 1129 mutua
1408 1085 1697 1128 dilectionem

124 1169 246 1209 quam
280 1155 475 1197 debemus
506 1156 547 1197 et
576 1155 813 1198 exhibemus
842 1156 1023 1198 inuicem
1056 1156 1187 1207 nobis,
1220 1155 1511 1198 florentissimo
1539 1155 1629 1197 illic

126 1224 233 1266 clero
256 1225 393 1266 tecum
415 1223 665 1278 praesidenti
688 1225 729 1266 et
750 1225 1035 1266 sanctissimae
1057 1225 1189 1278 adque
1211 1224 1495 1279 amplissimae
1516 1224 1628 1278 plebi

123 1292 259 1348 legere
280 1293 320 1334 te
343 1305 503 1347 semper
524 1293 686 1335 litteras
708 1295 880 1344 nostras,
903 1294 1045 1335 tamen
1066 1307 1172 1335 nunc
1195 1295 1236 1335 et
1254 1294 1450 1335 admoneo
1472 1293 1513 1334 et
1533 1294 1628 1346 peto

77 1381 110 1406 ιε,
123 1362 173 1403 ut
209 1361 315 1415 quod
353 1362 456 1403 alias
502 1363 644 1415 sponte
673 1362 804 1416 adque
833 1362 1050 1404 honorifice
1081 1361 1181 1404 facis
1214 1362 1339 1404 etiam
1370 1362 1533 1416 petente
1563 1373 1629 1403 me

127 1429 269 1481 facias,
306 1432 353 1472 ut
374 1431 448 1472 hac
470 1431 649 1484 epistula
670 1443 761 1472 mea
789 1432 908 1485 lecta,
938 1431 972 1472 si
994 1431 1101 1484 quod
1133 1431 1221 1472 illic
1245 1431 1482 1485 contagium
1504 1442 1629 1472 uene-

128 1499 217 1541 nati
248 1499 446 1542 sermonis
475 1500 516 1542 et
536 1499 755 1553 pestiferae
784 1500 1069 1542 seminationis
1101 1500 1342 1554 inrepserat,
1374 1499 1416 1541 id
1438 1511 1557 1541 omne
1579 1499 1629 1541 de

124 1567 302 1611 fratrum
337 1569 506 1611 auribus
537 1570 578 1611 et
607 1569 842 1622 pectoribus
871 1569 1043 1610 exuatur
1073 1570 1114 1611 et
1144 1569 1343 1611 bonorum
1382 1569 1544 1624 integra
1582 1580 1629 1610 ac

126 1638 283 1679 sincera
312 1638 477 1680 dilectio
507 1637 557 1679 ab
594 1637 785 1679 omnibus
822 1637 1052 1680 haereticae
1090 1637 1402 1679 detractationis
1439 1637 1629 1678 sordibus

75 1725 109 1750 20
122 1708 380 1762 repurgetur.

181 1776 399 1817 Declinent
434 1773 573 1817 autem
611 1776 660 1817 de
705 1776 837 1818 cetero
881 1774 1045 1817 fortiter
1091 1776 1132 1817 et
1168 1775 1325 1817 euitent
1365 1774 1628 1816 dilectissimi
1644 1775 1699 1815 20

127 1843 274 1886 fratres
305 1845 432 1887 nostri
464 1844 588 1886 uerba
619 1846 660 1886 et
690 1845 902 1898 conloquia
940 1857 1079 1886 eorum
1118 1856 1329 1897 quorum
1370 1855 1534 1886 sermo
1573 1845 1628 1886 ut

122 1925 302 1955 cancer
341 1914 526 1966 serpit,
570 1914 677 1955 sicut
707 1913 915 1967 apostolus
949 1914 1071 1955 dicit:
1112 1915 1448 1966 corrumpunt
1487 1913 1628 1967 inge-

121 1983 205 2024 nia
235 1983 364 2025 bona
392 1982 851 2025 confabulationes
879 1982 1146 2037 pessimae.
1179 1983 1220 2024 et
1251 1982 1422 2024 iterum:
1456 1981 1629 2024 haere-

259 2143 304 2177 22
329 2143 366 2177 II
393 2143 483 2177 Tim.
509 2143 541 2183 2,
569 2143 621 2177 17.
717 2143 761 2176 23
786 2142 803 2176 Ι
828 2142 903 2177 Cor.
931 2142 984 2184 15,
1010 2142 1064 2176 33.
1166 2142 1211 2177 24
1235 2142 1306 2176 Tit.
1331 2142 1363 2183 3,
1390 2143 1442 2176 10.
1470 2142 1526 2176 11.

194 2282 211 2315 1
232 2291 271 2315 ac
296 2281 418 2325 minis]
444 2280 627 2337 signislex
652 2280 755 2335 agnis
774 2280 803 2314 C
940 2280 962 2314 2
979 2280 1112 2324 nullus]
1140 2281 1212 2324 atq.
1239 2279 1275 2313 in
1302 2279 1385 2313 istis
1410 2279 1530 2313 nullus
1548 2278 1584 2314 R

123 2339 192 2383 est]
212 2340 248 2372 et
267 2338 336 2383 PQ
458 2339 479 2371 5
496 2337 560 2372 dns
580 2338 624 2379 R,
644 2337 685 2372 do
706 2338 733 2372 C
848 2338 1056 2382 protegente
1076 2337 1106 2372 C
1121 2339 1156 2371 tc
1173 2338 1215 2371 in
1232 2348 1302 2371 ras.
1426 2338 1447 2371 6
1464 2336 1557 2371 nihil
1574 2338 1628 2371 est

123 2396 217 2429 inter
241 2396 270 2441 Q
409 2397 473 2430 aut
498 2396 544 2440 q.]
572 2397 612 2429 ut
637 2395 775 2439 quando
800 2394 836 2429 R
974 2405 1156 2439 pereamur
1183 2394 1223 2440 Q,
1252 2394 1469 2439 perimamur
1493 2394 1581 2429 CRv

122 2453 141 2487 7
158 2452 263 2487 flendi
282 2455 318 2487 ct
336 2452 555 2487 lamentandi
570 2453 613 2487 (⁷¹
707 2454 728 2487 8
742 2452 910 2497 condicio]
929 2452 1080 2487 concisio
1103 2451 1154 2497 Qu
1247 2462 1314 2495 quo
1332 2451 1363 2485 si
1381 2462 1424 2485 ea:
1443 2450 1536 2495 quod
1554 2451 1585 2485 C

121 2512 286 2545 aeternae
304 2511 374 2555 ΡΩ
392 2511 552 2554 (aeterna
569 2510 628 2554 M)
734 2512 754 2545 9
773 2510 934 2554 gehenna
956 2510 986 2554 Q
1090 2509 1307 2553 cogitantem
1326 2509 1362 2544 R
1463 2509 1506 2542 12
1523 2507 1627 2542 debe-

121 2568 212 2612 mus]
232 2567 404 2601 habemus
422 2567 491 2602 CV
603 2569 640 2601 et
657 2567 835 2601 cxibemus
855 2567 929 2608 GR,
948 2577 1014 2601 om.
1034 2566 1120 2612 1³¹0
1237 2567 1280 2600 13
1297 2566 1405 2611 plebi]
1424 2576 1484 2610 pro
1502 2567 1628 2599 mutua

120 2625 311 2659 dilectione
329 2625 422 2669 plebi
442 2625 477 2660 R
617 2625 663 2661 14
682 2636 773 2660 nunc
789 2625 837 2669 et]
856 2635 947 2659 nune
967 2624 998 2670 Q
1136 2624 1180 2658 16
1198 2625 1233 2679 et
1250 2623 1360 2657 facies
1379 2623 1408 2657 C
1545 2622 1625 2666 hac]

121 2681 206 2716 haec
226 2682 290 2727 (Q
406 2683 448 2727 si]
468 2683 516 2716 sit
534 2684 574 2716 ut
591 2682 620 2717 C
636 2684 677 2716 ut
693 2694 720 2716 s.
739 2683 760 2716 I.
878 2682 954 2716 illis
971 2682 1000 2717 G
1123 2681 1288 2716 ucnenati
1307 2691 1351 2715 ex
1368 2680 1534 2714 ueritatis
1552 2679 1583 2714 C

122 2739 163 2773 17
185 2739 431 2773 seminationis
450 2739 614 2774 sordibus
632 2740 676 2781 R,
695 2739 1007 2774 contaminationis
1025 2739 1054 2773 C
1170 2739 1213 2773 18
1230 2738 1405 2772 fratruum
1427 2737 1457 2782 Q
1568 2747 1625 2770 ex-

122 2798 248 2831 suatur
266 2796 339 2831 LP
476 2797 520 2831 19
537 2796 807 2832 detrectationis
825 2797 892 2838 Re,
912 2796 1140 2830 detractionis
1158 2796 1188 2831 C
1323 2796 1367 2829 21
1386 2794 1524 2829 enitent
1543 2794 1577 2829 P
1594 2794 1626 2828 it

118 2864 225 2897 corr„
245 2853 423 2887 cuidant„
442 2854 471 2888 C
487 2864 523 2887 er
540 2864 632 2890 eras.
744 2853 967 2888 dilectissimi
985 2864 1049 2888 om.
1069 2853 1100 2888 C
1210 2853 1254 2887 23
1271 2852 1373 2897 dicit]
1393 2851 1533 2886 addidit
1550 2851 1581 2886 0

119 2911 165 2945 24
183 2910 468 2945 confabulatione
487 2911 522 2945 P

256 2981 320 3011 111.
1293 2969 1349 3010 44
