1838 3152
589 256 824 301 Epistulae
847 256 1003 291 Lxxv.
1037 269 1064 292 e.
1090 258 1235 293 21-24.
1571 261 1654 305 825

159 360 260 401 dum
290 358 394 400 dicis
421 370 487 400 eos
516 359 601 400 iam
629 359 858 411 baptizatos
888 361 930 401 et
950 362 1065 402 extra
1095 361 1306 403 ecclesiam
1336 362 1527 404 ecclesiae
1558 376 1654 417 gra-

159 428 263 469 tiam
293 428 540 469 consecutos.
571 439 643 468 nec
672 427 879 481 intellegis
909 428 1066 470 animas
1095 440 1234 470 eorum
1262 430 1312 471 de
1341 443 1464 472 manu
1493 432 1565 473 tua
1586 443 1654 472 ex-

159 495 267 548 quiri
297 507 390 537 cum
420 495 562 537 iudicii
593 495 678 537 dies
711 496 884 545 uenerit,
921 497 991 549 qui
1023 497 1258 539 sitientibus
1289 498 1479 540 ecclesiae
1511 500 1654 551 potum

159 564 320 617 negasti
350 565 390 605 et
419 564 652 605 uolentibus
683 564 821 605 uiuere
850 576 970 606 causa
1001 565 1144 606 mortis
1174 565 1303 618 suisti,
1335 567 1375 607 et
1404 566 1567 620 insuper
1589 566 1652 608 in-

135 646 149 668 ⁵
165 632 363 685 dignaris.

218 699 321 741 Vide
343 713 423 753 qua
443 701 636 754 inperitia
652 702 698 742 tu
715 700 1004 754 reprehendere
1027 701 1176 742 audeas
1199 713 1264 742 eos
1285 702 1355 754 qui
1377 705 1517 744 contra
1538 715 1653 744 men-
1668 706 1720 746 24

158 767 321 810 dacium
349 781 421 821 pro
443 769 616 810 ueritate
638 768 839 810 nituntur.
871 770 961 821 quis
984 769 1093 810 enim
1115 769 1264 811 iustius
1287 769 1493 824 indignari
1516 773 1654 812 contra

159 836 335 878 alterum
370 837 543 878 debuit?
579 838 772 878 utrumne
809 837 879 890 qui
915 837 1051 879 hostes
1075 837 1150 879 Dei
1187 838 1340 879 adserit
1370 851 1421 879 an
1453 851 1548 880 uero
1584 839 1654 892 qui

159 905 355 946 aduersus
386 904 523 947 hostes
543 905 621 946 Dei
652 918 724 958 pro
757 905 950 947 ecclesiae
982 906 1157 947 ueritate
1187 906 1404 948 consistit?
1439 907 1518 948 nisi
1548 908 1655 959 quod

65 977 67 980 '
113 988 145 1011 ιο
159 973 354 1026 inperitos
384 973 509 1015 etiam
540 973 745 1016 animosos
777 976 899 1026 atque
931 974 1145 1016 iracundos
1178 987 1262 1016 esse
1292 974 1559 1016 manifestum
1578 976 1653 1028 est,

159 1041 257 1084 dum
288 1055 360 1096 per
387 1042 569 1095 inopiam
599 1043 759 1085 consilii
782 1043 823 1084 et
838 1043 1037 1084 sermonis
1060 1043 1111 1085 ad
1133 1043 1389 1085 iracundiam
1421 1042 1542 1085 facile
1565 1056 1656 1085 uer-

158 1112 318 1161 tuntur,
340 1112 386 1152 ut
402 1111 452 1152 de
472 1111 586 1153 nullo
608 1112 689 1153 alio
711 1111 845 1165 magis
867 1124 989 1164 quarn
1013 1111 1061 1152 de
1079 1114 1119 1153 te
1137 1111 1246 1153 dicat
1268 1111 1469 1164 scriptura
1492 1111 1651 1153 diuina:

156 1179 301 1220 homo
346 1179 610 1221 animosus
657 1180 805 1233 parat
850 1179 999 1229 lites,
1047 1181 1094 1221 et
1135 1179 1214 1221 uir
1259 1179 1539 1221 iracundus
1579 1191 1655 1220 ex-

158 1260 182 1289 a
191 1260 218 1302 g
230 1260 257 1302 g
266 1260 287 1288 e
298 1261 317 1289 r
326 1261 345 1289 r
354 1249 404 1289 at
435 1262 461 1302 p
471 1261 491 1290 e
502 1261 523 1290 c
534 1260 554 1289 c
563 1261 586 1290 a
597 1250 615 1290 t
625 1261 660 1290 a.
692 1248 787 1289 lites
817 1248 925 1290 enim
947 1249 988 1289 et
1009 1247 1278 1289 dissensiones
1300 1249 1470 1301 quantas
1500 1247 1654 1301 parasti

113 1332 145 1356 ιε,
159 1329 232 1370 per
260 1317 450 1359 ecclesias
479 1317 608 1358 totius
637 1317 780 1358 mundi
791 1319 810 1358 Ρ
846 1318 1057 1370 peccatum
1090 1329 1184 1357 uero
1213 1328 1336 1368 quam
1358 1328 1555 1369 magnum
1577 1314 1654 1356 tibi

159 1387 429 1439 exaggerasti,
460 1385 621 1438 quando
644 1386 684 1426 te
705 1398 728 1426 a
749 1386 811 1426 tot
832 1384 1025 1439 gregibus
1056 1384 1244 1426 scidisti?
1273 1383 1460 1426 excidisti
1482 1384 1592 1424 enim
1612 1384 1654 1424 te

158 1454 310 1508 ipsum,
333 1454 416 1495 noli
435 1455 475 1496 te
496 1454 648 1504 fallere,
673 1454 707 1495 si
730 1453 895 1506 quidem
918 1453 989 1495 ille
1011 1455 1073 1495 est
1096 1466 1188 1494 uere
1210 1452 1496 1496 schismaticus
1518 1451 1588 1504 qui
1610 1463 1653 1494 se

159 1535 183 1564 a
219 1522 505 1564 communione
546 1522 846 1564 ecclesiasticae
887 1522 1059 1563 unitatis
1095 1522 1326 1575 apostatam
1362 1520 1513 1562 fecerit.
1556 1519 1655 1561 dum

160 1591 272 1632 enim
308 1592 430 1644 putas
465 1602 605 1633 omnes
634 1604 657 1632 a
686 1595 727 1632 te
755 1590 952 1632 abstineri
989 1602 1117 1644 posse,
1155 1590 1289 1632 solum
1318 1591 1359 1631 te
1386 1589 1437 1630 ab
1466 1588 1654 1631 omnibus

116 1672 151 1697 20
166 1659 417 1701 abstinuisti.
455 1671 528 1701 nec
556 1660 598 1701 te
627 1659 847 1701 informare
876 1659 927 1700 ad
958 1658 1143 1712 regulam
1175 1658 1360 1699 ueritatis
1389 1659 1429 1698 et
1450 1657 1559 1710 pacis
1589 1656 1654 1697 uel

156 1728 330 1780 apostoli
370 1728 585 1781 praecepta
625 1728 847 1782 potuerunt
887 1727 1090 1768 monentis
1130 1728 1170 1768 et
1210 1726 1402 1768 dicentis:
1444 1738 1466 1766 o
1476 1725 1501 1766 b
1512 1737 1530 1766 s
1541 1738 1561 1767 e
1571 1737 1621 1767 cr
1631 1737 1652 1766 ο

157 1809 275 1852 ergo
322 1808 409 1838 uos
456 1808 544 1850 ego
591 1797 799 1838 uinctus
845 1796 894 1838 in
934 1796 1146 1837 Domino
1192 1795 1342 1849 digne
1389 1794 1654 1836 ambulare

156 1865 425 1907 uocatione
470 1878 567 1918 qua
612 1865 785 1906 uocati
831 1865 982 1913 estis,
1029 1878 1137 1906 cum
1178 1864 1309 1905 omni
1350 1862 1654 1904 humilitate

156 1945 335 1976 sensus
380 1934 429 1975 et
468 1933 710 1984 lenitate,
757 1945 865 1975 cum
911 1932 1172 1986 patientia
1217 1931 1538 1974 sustinentes
1582 1930 1654 1971 in—

107 2019 142 2043 25
157 2003 320 2045 uicem
342 2002 392 2044 in
414 2003 723 2053 dilectione,
756 2003 887 2045 satis
918 2003 1130 2057 agentes
1161 2014 1370 2044 seruare
1401 2000 1653 2042 unitatem

156 2072 380 2124 spiritus
431 2071 481 2113 in
531 2072 896 2114 coniunctione
949 2071 1110 2124 pacis,
1170 2083 1320 2112 unum
1370 2080 1554 2121 corpus
1603 2068 1653 2108 et

155 2154 285 2182 unus
326 2141 569 2194 spiritus,
611 2141 748 2183 sicut
790 2140 959 2182 uocati
998 2140 1127 2182 estis
1166 2139 1215 2181 in
1254 2152 1350 2181 una
1388 2150 1471 2191 spe
1510 2148 1652 2178 uoca-

154 2209 318 2251 tionis
375 2210 592 2251 uestrae.
653 2223 778 2251 unus
828 2209 1093 2259 Dominus,
1154 2221 1248 2249 una
1298 2206 1452 2256 fides,
1503 2217 1652 2246 unum

154 2278 437 2331 baptisma,
483 2292 582 2321 unu
597 2291 614 2320 s
654 2279 786 2320 Deus
824 2279 873 2320 et
911 2279 1054 2331 pater
1093 2277 1334 2326 omnium,
1380 2274 1464 2328 qui
1503 2285 1653 2326 super

106 2358 326 2389 eoomnes
357 2348 406 2389 et
435 2360 521 2400 per
551 2347 719 2389 omnia
749 2348 798 2388 et
827 2347 876 2388 in
908 2345 1076 2387 omnib
1090 2358 1145 2387 us
1175 2344 1332 2387 nobis

295 2470 338 2504 13
362 2470 467 2505 Prou.
492 2471 547 2512 29,
573 2471 628 2505 22.
722 2471 766 2505 21
792 2470 880 2515 Eph.
904 2470 937 2511 4,
965 2471 1063 2505 1—6.

222 2574 241 2607 1
259 2572 354 2608 dices
371 2573 464 2618 MQ¹
638 2573 661 2607 4
677 2573 808 2617 uiuere]
828 2572 947 2607 uidere
965 2572 1010 2606 M
1013 2571 1057 2617 ρ’
1233 2570 1254 2605 6
1271 2574 1311 2605 tu
1327 2570 1468 2614 scripsi,
1488 2570 1528 2603 ut
1545 2567 1609 2602 EI
1611 2567 1651 2613 Q,

152 2641 219 2664 om.
236 2642 257 2666 v
402 2631 421 2665 7
441 2631 610 2666 iniustius
628 2631 667 2665 E
801 2630 822 2665 9
841 2630 1022 2674 aduersus]
1039 2629 1205 2664 aduersus
1222 2639 1301 2663 eum
1319 2628 1379 2672 qui
1399 2627 1425 2662 Ι
1426 2638 1443 2662 υ
1580 2625 1649 2669 dei]

151 2686 209 2722 dei
226 2687 355 2722 asserit
372 2688 452 2722 Elv
640 2688 804 2722 consistit
822 2687 860 2732 Q,
879 2687 1055 2722 consentit
1068 2687 1157 2727 Ele,
1175 2685 1356 2721 contendit
1372 2684 1464 2720 coni.
1484 2683 1606 2719 Routh

154 2744 196 2779 13
210 2748 313 2789 parat
331 2745 355 2779 Ι
367 2744 429 2779 sed
446 2755 472 2779 s.
491 2744 513 2779 l.
531 2745 588 2779 uel
604 2745 700 2790 parit
817 2745 860 2779 16
878 2743 1018 2778 scidisti
1035 2755 1099 2778 om.
1119 2743 1188 2789 EQ
1304 2742 1343 2777 17
1363 2741 1492 2786 ipsum]
1511 2739 1650 2775 scidisti

150 2802 237 2837 add.
259 2802 289 2848 Q
417 2802 463 2837 20
479 2812 598 2847 pacem
617 2802 663 2837 Μ
668 2801 712 2847 Q¹
853 2802 898 2836 29
915 2801 975 2846 qui
993 2812 1095 2846 super
1110 2810 1229 2835 omncs
1246 2810 1311 2834 om.
1330 2799 1401 2844 EQ
1529 2798 1575 2833 30
1590 2808 1651 2842 per

151 2869 198 2893 ex
214 2870 317 2904 super
334 2859 382 2894 M
397 2859 471 2903 (per
492 2859 534 2904 Q)
