1838 3152
555 242 767 287 Epistula
790 242 1210 288 LXX11.-Lxxl,11.
1545 244 1626 287 779

137 348 371 390 adessemus
393 346 708 398 decreuerimus‚
731 345 830 399 quid
851 346 953 387 item
970 347 1109 398 postea
1125 345 1278 397 Quinto
1295 347 1475 401 collegae
1490 348 1628 388 nostro

138 416 186 458 de
221 415 363 457 eadem
393 426 434 456 re
468 414 680 467 quaerenti
719 413 1007 467 rescripserim.
1047 416 1088 456 et
1123 427 1230 456 nunc
1264 427 1421 468 quoque
1458 427 1551 457 cum
1587 414 1629 456 in

138 496 264 524 unum
301 483 630 525 conuenissemus
664 483 751 524 tam
786 481 1019 535 prouinciae
1055 482 1219 524 Africae
1255 495 1379 536 quam
1409 482 1630 525 Numidiae

139 550 318 605 episcopi
350 562 519 593 numero
552 550 814 605 septuaginta
835 551 876 592 61
896 563 1015 601 01103,
1045 552 1119 592 hoc
1147 551 1257 592 idem
1277 551 1407 593 denuo
1429 551 1631 593 sententia

112 619 280 661 snostra
310 618 578 669 111-1113011003,
611 619 839 660 statuentes
868 631 996 659 unum
1026 618 1233 671 baptisma
1265 631 1350 660 esse
1378 618 1484 672 quod
1512 619 1568 660 sit
1589 618 1631 660 in

141 687 310 729 ecclesia
348 686 551 729 catholica
586 686 858 729 constitutum
887 697 933 727 ac
962 698 1034 739 per
1062 685 1138 728 hoc
1168 697 1248 727 non
1284 686 1527 739 rebaptizari
1562 686 1632 728 sed

141 755 343 809 baptizari
363 768 386 797 a
401 755 519 797 nobis
540 754 787 808 quicumque
809 754 859 796 ab
878 755 1067 796 adultera
1088 755 1130 796 et
1150 753 1319 807 profana
1340 767 1445 807 aqua
1464 753 1631 796 uenien-

142 826 203 866 tes
227 823 419 866 abluendi
442 823 526 866 sint
548 825 591 866 et
612 822 893 865 sanctificandi
915 822 1109 864 salutaris
1130 834 1258 875 aquae
1279 822 1466 864 ueritate.

198 891 283 934 Nec
315 904 387 934 nos
419 891 571 943 mouet,
608 890 736 933 frater
769 890 991 940 carissime,
1029 891 1136 944 quod
1165 891 1207 932 in
1239 890 1392 932 litteris
1423 890 1507 931 tuis
1539 895 1675 935 con-z

96 975 130 1000 ιο
143 959 284 1014 plexus
305 972 360 1011 es,
382 959 707 1002 Nouatianenses
728 959 981 1012 rebaptizare
1001 970 1068 1001 603
1089 971 1189 1012 quos
1210 972 1235 1001 a
1254 958 1371 1001 nobis
1396 958 1634 1008 sollicitant,

143 1027 304 1080 quando
321 1027 371 1069 ad
387 1039 460 1069 nos
481 1027 645 1070 omnino
661 1039 740 1069 non
754 1027 958 1080 pertineat
978 1027 1078 1080 quid
1097 1027 1235 1069 hostes
1255 1027 1447 1070 ecclesiae
1468 1027 1635 1078 faciant,

144 1095 365 1138 dummodo
394 1096 604 1137 teneamus
635 1095 715 1150 ipsi
747 1095 965 1149 potestatis
999 1097 1161 1138 nostrae
1191 1096 1383 1138 honorem
1405 1098 1446 1138 et
1466 1094 1637 1137 rationis

146 1177 192 1206 ac
221 1164 411 1206 ueritatis
443 1163 698 1206 firmitatem.
735 1177 831 1206 nam
852 1164 1109 1206 Nouatianus
1141 1164 1355 1206 simiarum
1374 1176 1499 1214 more,
1535 1176 1638 1217 quae

145 1245 238 1275 cum
254 1232 438 1275 homines
456 1244 536 1274 non
555 1233 638 1274 sint
654 1232 831 1274 humana
852 1232 1080 1283 imitentur,
1100 1233 1194 1274 uult
1210 1232 1401 1275 ecclesiae
1417 1232 1639 1274 catholicae

101 1315 134 1340 15
148 1301 440 1343 auctoritatem
463 1301 544 1343 sibi
565 1302 605 1342 et
626 1301 845 1343 ueritatem
867 1300 1087 1352 uindicare,
1117 1302 1277 1354 quando
1298 1301 1385 1355 ipse
1406 1301 1447 1342 in
1469 1300 1639 1343 ecclesia

145 1381 226 1412 non
255 1369 322 1420 sit,
357 1369 485 1411 immo
516 1369 648 1411 adhuc
675 1369 842 1422 insuper
864 1371 1005 1411 contra
1026 1369 1240 1412 ecclesiam
1261 1369 1424 1411 rebellis
1447 1371 1488 1411 et
1508 1369 1639 1411 hostis

147 1437 343 1479 extiterit.
387 1437 517 1479 sciens
558 1438 709 1479 etenim
749 1451 877 1479 unum
913 1450 998 1480 esse
1032 1438 1252 1491 baptisma,
1289 1438 1363 1480 hoc
1398 1451 1525 1479 unum
1560 1437 1640 1480 sibi

147 1506 331 1548 uindicat
350 1506 397 1547 ut
419 1505 527 1559 apud
548 1518 590 1548 se
611 1518 697 1548 6336
725 1505 938 1547 ecclesiam
959 1506 1070 1548 (licat
1090 1507 1131 1547 et
1151 1518 1223 1548 nos
1250 1506 1474 1548 haereticos
1503 1506 1640 1548 faciat.

148 1586 220 1616 nos
237 1576 377 1616 autem
393 1574 463 1627 qui
480 1574 673 1616 ecclesiae
694 1574 815 1616 unius
836 1576 960 1629 caput
977 1576 1017 1616 et
1034 1574 1214 1623 radicem
1234 1575 1419 1616 tenemus
1440 1586 1511 1628 pro
1533 1575 1642 1616 certo

106 1643 307 1686 noscimus
337 1643 378 1685 61
407 1642 573 1685 fidimus
602 1642 708 1684 nihil
737 1642 802 1684 illi
835 1644 950 1685 extra
981 1642 1194 1685 ecclesiam
1225 1642 1348 1684 licere
1379 1644 1420 1685 et
1440 1643 1645 1696 baptisma

153 1711 260 1766 quod
277 1713 340 1753 631
355 1724 486 1753 unum
507 1711 616 1765 apud
637 1723 709 1753 nos
732 1723 832 1763 esse,
855 1711 928 1754 ubi
944 1712 985 1753 61
1001 1711 1089 1766 1930
1109 1711 1341 1765 baptizatus
1361 1710 1475 1764 prius
1495 1710 1643 1764 fuerat,

152 1780 311 1834 quando
343 1779 507 1822 diuinae
538 1780 711 1821 unitatis
732 1781 773 1822 et
793 1780 993 1822 rationem
1015 1781 1056 1821 et
1076 1779 1297 1822 ueritatem
1325 1779 1502 1821 tenebat.
1539 1778 1646 1832 quod

152 1849 187 1892 si
222 1850 264 1891 in
305 1848 475 1891 60016313
514 1848 746 1903 baptizatos
787 1848 1099 1902 rebaptizandos
1139 1847 1238 1890 foris
1279 1848 1392 1890 extra
1433 1847 1645 1890 ecclesiam

224 1974 242 2007 1
260 1973 480 2008 decreuimus
497 1972 527 2008 G
617 1972 703 2016 quid
721 1983 765 2007 ex
781 1974 841 2017 qui
856 1972 886 2008 C
901 1976 934 2007 et
947 1973 983 2007 P
998 1983 1040 2007 m.
1059 1974 1085 2007 2
1170 1972 1278 2023 item]
1296 1971 1420 2006 deinde
1437 1982 1480 2006 ea:
1496 1971 1552 2006 (116
1575 1971 1605 2007 0

154 2047 293 2092 quinto]
313 2046 464 2091 quodam
483 2057 527 2081 ea:
545 2057 612 2091 quo
629 2057 706 2080 mco
729 2046 759 2082 C
924 2047 946 2081 2
963 2058 998 2081 10
1015 2047 1061 2091 q.]
1080 2025 1278 2091 requercnti
1297 2024 1558 2090 Pferequirente
1575 2044 1605 2079 C

153 2104 435 2148 rescripserimus
453 2103 562 2138 BLP
720 2104 742 2138 4
758 2103 855 2138 Lxxt
873 2104 924 2146 (et
940 2106 1022 2147 om.)
1040 2104 1077 2144 C,
1095 2103 1175 2138 Lxx
1193 2105 1347 2148 Auqust.
1367 2103 1410 2137 de
1426 2103 1534 2138 unico
1551 2102 1647 2146 bapt.

154 2172 181 2197 c.
201 2161 308 2196 Petit.
327 2171 355 2196 c.
375 2163 419 2195 13
573 2161 638 2195 hoc
654 2171 718 2195 om.
739 2161 774 2195 Β
926 2161 1050 2205 denuo]
1069 2161 1110 2195 de
1128 2161 1164 2195 Β
1321 2161 1343 2194 5
1360 2162 1480 2194 nostra
1499 2186 1508 2195 .
1522 2185 1552 2194 ..
1573 2170 1649 2194 esse

156 2228 220 2253 om.
240 2218 275 2252 L
382 2218 404 2252 6
422 2217 481 2252 sed
497 2217 673 2262 baptizari
690 2228 756 2253 om.
775 2218 810 2252 B
918 2218 937 2252 7
955 2217 1182 2262 quicumque]
1199 2227 1281 2262 ergo
1298 2216 1383 2252 add.
1402 2228 1423 2252 v
1440 2220 1473 2251 et
1489 2227 1515 2251 s.
1534 2217 1556 2250 l.
1577 2216 1606 2252 G

156 2275 318 2310 adultera
338 2276 371 2310 T
385 2275 424 2309 in
441 2286 525 2318 ras„
543 2275 656 2309 altare
674 2275 703 2310 C
849 2275 998 2309 ueniunt
1014 2286 1044 2316 v,
1064 2276 1255 2309 ueneuntes
1272 2274 1302 2310 C
1448 2274 1471 2309 8
1488 2276 1572 2308 sunt
1594 2273 1650 2314 0²,

157 2343 222 2367 om.
241 2343 261 2367 v
409 2333 430 2366 9
447 2333 626 2367 carissime
643 2343 708 2367 om.
728 2332 757 2368 C
904 2332 948 2367 10
963 2332 1172 2367 nouacianos
1191 2332 1235 2367 C²
1374 2331 1552 2376 baptizare
1571 2331 1606 2365 Β

157 2390 199 2423 11
217 2388 309 2433 quod
327 2389 362 2424 Β
523 2389 567 2424 12
583 2390 758 2424 rationem
775 2390 810 2424 L
964 2390 1007 2424 13
1025 2400 1064 2424 ac
1081 2399 1145 2423 om.
1167 2389 1202 2423 L
1354 2388 1554 2422 nouatianis
1571 2387 1606 2422 L

158 2447 328 2481 simarum
345 2447 380 2482 L
474 2460 483 2469 ,
565 2447 608 2481 14
626 2448 710 2481 sunt
726 2447 763 2481 Β
945 2447 1207 2481 humanitatem
1226 2445 1263 2487 C,
1281 2446 1436 2480 humana
1451 2447 1568 2479 tamen
1586 2457 1607 2480 v

158 2503 348 2538 imitantur
365 2504 482 2546 PT²v‚
501 2504 666 2538 imitatur
688 2504 717 2539 0
881 2504 972 2549 uult]
990 2503 1051 2538 ubi
1071 2504 1103 2537 T
1263 2503 1307 2537 15
1324 2502 1394 2537 sibi
1411 2504 1447 2536 61
1464 2502 1651 2536 ueritatem

158 2572 226 2597 om.
246 2562 276 2597 C
390 2561 551 2595 uindicat
568 2572 612 2596 ex
629 2561 810 2596 uindicare
831 2562 864 2596 T
976 2550 1127 2606 quando]
1146 2570 1359 2604 quamquam
1377 2559 1412 2593 Β
1518 2559 1587 2603 1931
1606 2558 1650 2599 L,

159 2620 236 2663 ipsa
254 2619 283 2654 C
289 2620 298 2637 ¹
454 2619 497 2653 16
515 2620 551 2653 et
566 2629 632 2653 om.
652 2619 681 2654 C
833 2618 875 2652 17
894 2618 1041 2662 etenim]
1060 2618 1153 2652 enim
1172 2617 1202 2652 C
1347 2616 1562 2660 baptismum
1580 2615 1610 2650 C

160 2676 239 2720 1100]
258 2686 360 2720 quem
378 2675 414 2710 Β
564 2676 688 2721 unum]
707 2676 799 2710 0111111
818 2676 854 2710 P
1003 2676 1046 2710 18
1063 2675 1115 2719 111]
1134 2676 1170 2708 01
1187 2673 1223 2708 Β
1360 2683 1434 2707 6330
1452 2683 1516 2707 οηι.
1536 2672 1608 2707 BL

159 2733 198 2767 in
215 2733 399 2768 ecclesiam
416 2732 452 2767 B
543 2733 588 2768 20
604 2732 759 2778 fidimus]
778 2732 880 2767 fidem
895 2733 931 2768 B
999 2733 1067 2776 illi]
1085 2731 1162 2766 illic
1180 2731 1243 2766 CT
1309 2729 1536 2774 baptismatis
1559 2729 1608 2764 Cu

160 2791 204 2826 21
223 2790 329 2835 apud]
347 2792 453 2834 caput
470 2790 520 2826 Cv
650 2791 748 2835 prius
765 2790 968 2835 baptizatus
986 2790 1021 2825 L
1150 2789 1245 2834 prius
1266 2814 1272 2821 .
1290 2815 1295 2821 .
1312 2814 1318 2820 .
1342 2788 1362 2821 l.
1383 2789 1434 2821 23
1453 2787 1653 2831 baptizatos

162 2859 228 2883 om.
246 2848 290 2883 0¹
429 2847 473 2881 22
490 2847 627 2882 ratione
645 2847 680 2882 L
816 2847 861 2882 23
878 2847 1082 2892 baptizatus
1101 2846 1137 2880 P
