1912 3152
498 270 555 304 De
580 279 706 314 opere
731 270 774 303 et
797 268 1092 313 eleemosynis
1117 278 1144 303 c.
1173 267 1316 303 18—21.
1574 267 1658 310 389

146 387 252 417 ram
283 374 378 415 illo
409 373 541 426 quod
573 372 660 413 illi
690 371 892 426 placet,
940 372 989 414 et
1019 370 1161 412 filiis
1194 371 1387 412 uestris
1419 371 1658 414 mandate

146 444 201 485 ut
230 441 429 484 faciant
459 440 728 482 iustitiam
758 441 805 482 et
834 440 1195 493 eleemosynas
1237 441 1286 481 et
1326 440 1438 482 sint
1479 452 1660 482 memo-

147 523 224 553 res
254 510 344 552 Dei
376 511 424 552 et
454 506 768 551 benedicant
797 521 976 551 nomen
1008 508 1119 551 eius
1151 509 1285 550 omni
1316 510 1564 562 tempore.
1618 509 1660 551 et

146 581 319 622 iterum:
367 579 601 621 omnibus
646 578 830 621 diebus
875 578 1022 620 uitae
1065 579 1210 627 tuae,
1246 577 1358 628 fili,
1406 578 1565 620 Deum
1605 577 1660 619 in

119 648 315 691 mente
345 648 472 690 habe
505 650 553 690 et
581 648 687 690 noli
719 648 1010 701 praeterire
1031 648 1308 701 praecepta
1339 647 1467 689 eius.
1500 646 1659 690 iusti-

147 717 275 759 tiam
319 716 398 758 fac
443 716 683 759 omnibus
723 717 906 759 diebus
938 716 1087 759 uitae
1117 718 1239 758 tuae
1270 717 1318 758 et
1350 716 1457 758 noli
1489 716 1660 758 ambu-

147 785 257 827 lare
288 786 421 827 uiam
452 786 796 839 iniquitatis,
828 786 1071 839 quoniam
1102 787 1286 841 agente
1333 786 1381 826 te
1426 798 1482 827 ex
1528 785 1661 827 ueri-

147 855 257 895 tate
304 855 406 896 erit
451 855 715 908 respectus
757 867 965 908 operum
995 856 1216 896 tuorum.
1270 866 1324 896 ex
1356 853 1662 896 substantia

149 924 238 964 tua
268 922 346 964 fac
377 922 757 977 eleemosynam
788 924 838 964 et
866 923 974 965 noli
1006 925 1257 966 auertere
1288 923 1485 965 faciem
1523 923 1662 964 tuam

104 991 207 1038 ,oab
239 991 346 1033 ullo
377 1004 610 1045 paupere.
658 992 733 1033 ita
773 992 877 1034 fiet
917 995 971 1034 ut
1010 1005 1099 1035 nec
1141 1005 1164 1034 a
1194 994 1242 1034 te
1273 993 1559 1034 auertatur
1589 991 1662 1033 fa-

150 1060 253 1102 cies
275 1059 380 1102 Dei.
413 1063 561 1113 prout
592 1061 860 1112 habueris,
893 1061 1007 1112 fili,
1043 1063 1120 1104 sic
1152 1061 1252 1105 fac:
1286 1062 1328 1103 si
1360 1061 1463 1103 tibi
1495 1061 1662 1103 fuerit

150 1129 359 1182 copiosa
405 1130 732 1181 substantia,
777 1131 899 1184 plus
940 1143 996 1172 ex
1028 1131 1128 1173 illa
1158 1131 1236 1173 fac
1267 1131 1661 1185 eleemosynam.

151 1197 197 1239 si
236 1197 483 1253 exiguum
514 1199 780 1250 habueris,
827 1211 882 1241 ex
921 1200 1011 1242 hoc
1054 1200 1165 1254 ipso
1214 1200 1398 1255 exiguo
1444 1211 1663 1242 commu-

151 1266 274 1308 nica.
308 1269 355 1309 et
385 1281 445 1309 ne
476 1268 745 1319 timueriS‚
778 1281 888 1310 cum
919 1269 1049 1311 facis
1081 1270 1484 1323 eleemosynam:
1516 1282 1662 1322 prae-

107 1336 306 1383 ,5mium
336 1336 517 1379 bonum
549 1338 758 1391 reponis
790 1338 893 1380 tibi
925 1338 973 1380 in
1005 1339 1138 1380 diem
1159 1338 1519 1388 necessitatiS,
1542 1338 1663 1391 quia

152 1404 480 1459 eleemosyna
509 1420 533 1448 a
563 1408 728 1449 morte
759 1407 958 1449 liberat
1004 1409 1055 1450 et
1100 1419 1195 1449 non
1239 1408 1459 1461 patitur
1496 1403 1664 1451 ire'in

152 1474 406 1517 tenebras.
471 1490 655 1518 munus
702 1477 884 1519 bonum
930 1478 1006 1519 est
1053 1477 1381 1532 eleemosyna
1426 1476 1663 1519 omnibus

153 1543 239 1596 qui
269 1544 472 1587 faciunt
503 1559 609 1588 eam
641 1558 808 1588 coram
840 1559 1039 1588 summo
1071 1546 1184 1588 Deo.

40 1664 42 1674 .
211 1611 342 1664 Quale
364 1628 514 1657 munus
536 1617 618 1666 est,
642 1615 790 1658 fratres
811 1615 1043 1665 carissimi,
1067 1616 1182 1658 cuius
1205 1615 1330 1658 editio
1347 1616 1432 1658 Deo
1454 1615 1662 1669 spectante
1676 1622 1727 1663 21

40 1691 43 1731 j
108 1682 394 1731 20celebratur.
438 1684 472 1725 si
494 1684 535 1725 in
557 1684 779 1739 gentilium
801 1697 969 1727 munere
990 1685 1143 1740 grande
1165 1690 1205 1727 et
1236 1685 1464 1739 gloriosum
1496 1684 1662 1726 uidetur

41 1757 44 1765 ’
153 1750 412 1803 proconsules
443 1751 509 1792 uel
542 1751 808 1805 imperatores
830 1751 978 1794 habere
1010 1753 1255 1805 praesentes,
1288 1753 1330 1794 et
1360 1753 1583 1805 apparatus
1615 1764 1662 1794 ac

154 1819 344 1872 sumptus
366 1821 466 1873 aput
487 1821 739 1862 munerarios
761 1821 891 1862 maior
913 1822 974 1862 est
996 1822 1043 1862 ut
1063 1821 1221 1874 possint
1243 1821 1399 1874 placere
1421 1820 1661 1871 maioribus,

155 1889 307 1940 quanto
339 1887 551 1931 inlustrior
573 1890 757 1931 muneris
779 1891 820 1932 et
841 1890 972 1931 maior
993 1891 1054 1932 est
1076 1890 1208 1945 gloria
1230 1890 1363 1932 Deum
1384 1891 1425 1931 et
1447 1887 1662 1931 Christum

47 2005 50 2015 ,
155 1958 402 2010 spectatores
425 1959 593 2009 habere,
628 1961 779 2012 quanto
801 1959 896 2000 istic
917 1960 958 2000 et
980 1960 1201 2012 apparatus
1224 1958 1387 2000 uberior
1408 1959 1449 2000 et
1470 1959 1664 2011 sumptus

47 2063 51 2087 3
109 2051 140 2077 25
154 2024 309 2080 largior
330 2027 578 2069 exhibendus
601 2029 684 2077 est,
717 2028 786 2069 ubi
808 2029 860 2070 ad
881 2028 1164 2082 spectaculum
1187 2027 1434 2069 conueniunt
1457 2027 1665 2069 caelorum

49 2090 51 2104 *
154 2094 350 2145 uirtuteS,
383 2097 631 2138 conueniunt
653 2097 789 2151 angeli
811 2109 973 2147 omneS,
1007 2096 1078 2138 ubi
1110 2096 1342 2138 munerario
1364 2107 1442 2137 non
1464 2095 1666 2151 quadriga

155 2164 221 2204 uel
243 2164 478 2206 consulatus
499 2166 676 2218 petitur,
709 2167 779 2208 sed
803 2167 890 2208 uita
911 2166 1075 2208 aeterna
1098 2166 1351 2219 praestatur,
1383 2177 1455 2206 nec
1474 2165 1665 2218 captatur

156 2231 285 2274 inanis
321 2236 362 2275 et
398 2235 670 2288 temporarius
707 2235 824 2276 fauor
860 2235 997 2290 uulgi,
1043 2236 1113 2277 sed
1148 2235 1392 2288 perpetuum
1430 2233 1664 2287 praemium

155 2302 269 2355 regni
292 2303 479 2344 caelestis
501 2304 713 2357 accipitur.

291 2416 314 2449 4
339 2415 422 2450 Tob.
441 2418 474 2458 4,
493 2418 515 2451 5
532 2428 583 2461 sq.

224 2519 242 2552 1
268 2518 338 2564 illi]
359 2519 392 2553 ei
418 2519 450 2554 V
516 2520 655 2564 placcat
672 2520 711 2555 F
789 2521 826 2554 et
843 2531 907 2554 om.
929 2520 969 2554 F
1045 2521 1177 2555 uestris
1194 2520 1361 2555 mandate
1380 2519 1505 2554 FWG
1514 2519 1562 2563 V,
1588 2518 1663 2552 tuis

155 2576 282 2611 manda
299 2588 320 2611 v
406 2577 428 2611 2
452 2578 506 2622 ut]
525 2580 560 2611 et
577 2578 618 2612 F
719 2578 742 2612 4
767 2577 819 2612 fili
832 2577 958 2613 FWG-
966 2578 1011 2618 V,
1039 2578 1093 2612 fili
1110 2577 1343 2613 dilectissime
1361 2589 1381 2612 v
1475 2575 1544 2610 fili.
1560 2602 1567 2609 .
1583 2576 1621 2610 .l.
1641 2578 1664 2609 6

156 2635 237 2668 tuae
255 2634 340 2669 add.
359 2635 400 2669 in
419 2635 451 2669 G
467 2646 511 2669 m.
532 2646 599 2670 rec.
621 2636 659 2670 in
676 2636 844 2680 maryine
925 2635 944 2669 7
974 2646 1014 2670 cx
1031 2635 1198 2680 ueritate]
1218 2635 1407 2669 ueritatem
1428 2634 1461 2667 G
1532 2632 1576 2666 10
1601 2631 1666 2666 fiat

161 2691 265 2735 WG‚·
291 2693 337 2735 cf.
358 2696 433 2727 test.
455 2693 530 2728 III
548 2699 569 2727 Ι
595 2704 630 2737 p.
651 2695 721 2727 109
808 2692 916 2727 facies
940 2703 985 2727 esc
1007 2703 1028 2726 a
1052 2692 1143 2727 facie
1163 2693 1213 2727 W
1225 2703 1269 2727 m.
1287 2694 1311 2726 2
1381 2691 1425 2725 13
1450 2700 1490 2724 ex
1507 2689 1571 2724 hoc
1589 2689 1665 2733 ipso

156 2759 196 2783 ex
214 2749 277 2785 hoc
294 2751 368 2795 ipso
394 2751 592 2785 communia
615 2752 644 2785 G
733 2750 776 2784 14
800 2749 997 2794 praemium
1015 2749 1108 2783 enim
1126 2760 1147 2784 v
1235 2749 1278 2784 15
1302 2748 1359 2783 die
1381 2749 1411 2782 G
1500 2747 1540 2781 17
1567 2748 1667 2780 tenc-

156 2806 238 2841 bras
251 2808 430 2848 FWGV,
468 2807 666 2852 gehennam
687 2819 704 2842 υ
850 2807 892 2841 19
918 2806 1094 2851 spectanti
1117 2805 1150 2840 G
1276 2805 1321 2840 23
1348 2804 1516 2839 inlustria
1548 2804 1598 2839 W

156 2863 201 2898 24
226 2867 368 2909 sumptu
392 2866 431 2897 W
