1912 3152
564 269 624 303 Ad
649 267 986 303 Demetrianum
1012 278 1039 302 c.
1068 268 1167 302 1-4-
1538 266 1620 307 353

118 374 320 416 torrendis
341 375 465 416 solita
485 372 703 428 flagrantia
724 372 787 413 est
806 384 879 413 nec
901 371 960 413 sic
980 383 1106 412 uerna
1126 371 1174 412 de
1197 369 1393 423 temperie
1415 381 1489 411 sua
1509 369 1618 410 laeta

119 443 214 485 sunt
243 456 317 485 nec
345 443 444 485 adeo
475 441 655 484 arboreis
687 440 840 482 fetibus
860 441 1058 482 autumna
1078 440 1251 481 fecunda
1271 439 1377 480 sunt.
1410 438 1546 480 minus
1568 437 1617 478 de

121 511 285 554 ecfossis
317 513 358 554 et
387 510 577 566 fatigatis
598 510 807 551 montibus
829 509 1027 550 eruuntur
1049 520 1300 550 marmorum
1322 508 1481 549 crustae
1495 539 1504 555 ‚
1537 506 1617 547 mi-

118 592 193 622 nus
214 580 374 635 argenti
396 581 437 622 et
456 580 545 621 auri
567 591 663 632 opes
685 578 913 632 suggerunt
935 577 1131 619 exhausta
1152 577 1236 618 iam
1258 576 1428 618 metalla
1456 576 1497 617 et
1516 588 1618 629 pau-

91 660 104 682 ⁵
119 661 233 702 peres
254 661 381 690 uenae
411 647 652 689 breuiantur
673 647 714 688 in
736 647 822 688 dies
844 646 1037 701 singulos
1072 648 1112 687 et
1133 646 1331 687 decrescit
1350 657 1397 686 ac
1417 644 1555 686 deficit
1576 644 1617 686 in

119 717 228 758 aruis
250 716 447 771 agricola,
479 717 521 758 in
556 716 662 758 mari
698 717 845 765 nauta,
877 715 997 757 miles
1034 715 1075 756 in
1114 715 1280 764 castris,
1312 714 1543 755 innocentia
1577 714 1619 755 in

118 786 223 835 foro,
246 786 408 828 iustitia
427 787 470 827 in
492 786 662 835 iudici0‚
685 785 727 827 in
749 785 944 827 amicitiis
961 784 1189 833 concordia,
1213 785 1256 825 in
1277 784 1434 825 artibus
1456 782 1618 836 peritia,

120 856 160 897 in
192 855 375 896 moribus
405 855 634 908 disciplina.
667 856 840 908 putasne
860 855 907 896 tu
930 855 1089 896 tantam
1110 866 1226 908 posse
1255 853 1531 895 substantiam
1561 853 1619 894 rei

119 925 363 967 senescentis
400 924 592 970 existere,
645 926 845 977 quantum
881 925 994 978 prius
1029 925 1164 977 potuit
1205 923 1367 965 nouella
1407 922 1540 964 adhuc
1580 925 1620 964 et

75 1011 105 1035 ιο
119 994 264 1048 uegeta
287 993 456 1036 iuuenta
476 993 629 1048 pollere
643 995 663 1035 Ρ
695 993 908 1035 minuatur
928 1006 1092 1035 necesse
1121 995 1183 1035 est
1203 992 1399 1046 quicquid
1429 992 1506 1033 fine
1537 991 1621 1033 iam

118 1063 300 1117 proximo
333 1063 382 1121 in>
411 1063 580 1105 occidua
602 1064 644 1105 et
664 1064 847 1105 extrema
874 1062 1072 1118 deuergit.
1106 1063 1164 1104 sic
1200 1062 1260 1103 sol
1296 1062 1338 1103 in
1370 1073 1513 1103 occasu
1549 1073 1620 1102 suo

119 1132 253 1174 radios
284 1132 420 1174 minus
451 1132 559 1174 claro
590 1134 632 1175 et
662 1133 780 1187 igneo
812 1132 1024 1186 splendore
1054 1132 1277 1181 iaculatur,
1310 1132 1368 1173 sic
1389 1131 1620 1173 declinante

121 1202 204 1243 iam
226 1213 347 1243 cursu
369 1201 538 1243 exoletis
561 1202 752 1244 cornibus
774 1202 872 1243 luna
891 1202 1098 1251 tenuatur,
1132 1202 1173 1243 et
1203 1200 1322 1242 arbor
1352 1213 1454 1253 quae
1486 1200 1619 1241 fuerat

121 1271 215 1312 ante
237 1270 383 1312 uiridis
405 1271 446 1312 et
467 1270 619 1313 fertilis
641 1270 921 1313 arescentibus
942 1271 1067 1312 ramis
1088 1270 1137 1311 fit
1156 1269 1421 1324 postmodum
1452 1269 1619 1312 sterilis,

74 1356 104 1380 15
119 1340 326 1381 senectute
348 1339 557 1390 deformiS‚
592 1340 633 1382 et
654 1339 743 1381 fons
765 1340 835 1393 qui
857 1339 1156 1381 exundantibus
1178 1339 1291 1393 prius
1313 1338 1429 1380 uenis
1451 1338 1623 1392 largiter

119 1407 346 1462 profluebat
377 1410 586 1451 senectute
618 1408 806 1450 deficiens
838 1409 906 1449 uix
938 1408 1096 1449 modico
1128 1407 1272 1450 sudore
1294 1407 1491 1449 destillat.
1524 1408 1622 1448 haec

119 1477 324 1518 sententia
354 1478 506 1519 mundo
539 1477 636 1519 data
667 1479 749 1527 est,
782 1478 881 1519 haec
901 1477 978 1519 Dei
1000 1478 1064 1518 lex
1086 1478 1148 1518 est
1169 1478 1216 1518 ut
1237 1476 1376 1517 omnia
1397 1478 1486 1518 orta
1517 1476 1624 1518 occi-

120 1546 221 1587 dant
242 1547 283 1588 et
303 1547 425 1588 aucta
445 1548 657 1588 senescant
678 1547 718 1588 et
739 1546 996 1588 infirmentur
1012 1546 1136 1588 fortia
1158 1547 1198 1588 et
1214 1559 1366 1601 magna
1385 1546 1625 1587 minuantur

123 1615 163 1656 et
184 1627 276 1656 cum
299 1614 508 1657 infirmata
531 1618 572 1657 et
593 1616 806 1657 deminuta
828 1616 981 1657 fuerint
1002 1615 1211 1657 finiantur.

78 1685 112 1712 ²⁰
181 1682 424 1725 Christianis
446 1684 610 1738 inputas
632 1685 739 1738 quod
760 1685 1001 1726 minuantur
1018 1685 1182 1739 singula
1202 1684 1355 1725 mundo
1377 1686 1622 1726 senescente.
1639 1693 1664 1732 4

125 1753 222 1805 quid
244 1752 279 1793 si
302 1754 343 1794 et
365 1765 475 1795 senes
497 1754 688 1807 inputent
709 1754 944 1796 christianis
961 1755 1068 1808 quod
1084 1754 1221 1796 minus
1238 1754 1403 1795 ualeant
1424 1754 1466 1795 in
1487 1765 1626 1795 senec-

125 1822 234 1869 tute,
266 1822 372 1875 quod
394 1834 473 1864 non
493 1823 659 1876 perinde
680 1825 728 1865 ut
758 1823 872 1877 prius
905 1824 1075 1878 uigeant
1107 1823 1253 1865 auditu
1288 1824 1471 1873 aurium,
1504 1835 1624 1863 cursu

126 1891 297 1943 pedum,
330 1892 539 1934 oculorum
579 1893 686 1941 acie,
719 1893 873 1935 uirium
909 1894 1069 1943 robore,
1116 1904 1212 1934 suco
1247 1892 1471 1940 uiscerum,
1518 1891 1627 1933 mole

128 1959 424 2010 membrorum,
457 1962 498 2002 et
529 1973 623 2003 cum
655 1961 754 2003 olim
787 1962 897 2004 ultra
918 1962 1174 2017 octingentos
1196 1964 1237 2004 et
1256 1962 1481 2017 nongentos
1502 1973 1627 2003 annos

82 2038 112 2064 2⁵
127 2028 213 2070 uita
233 2029 447 2071 hominum
485 2030 684 2085 longaeua
712 2032 965 2084 procederet,
999 2033 1066 2073 uix
1103 2045 1208 2073 nunc
1243 2032 1372 2084 possit
1407 2031 1458 2072 ad
1494 2033 1630 2072 cente-

195 2190 213 2223 1
232 2190 399 2225 torrentis
414 2191 450 2231 S,
469 2191 650 2236 torpendis
666 2192 729 2226 W·
797 2192 904 2227 solita
917 2193 1012 2234 WR,
1028 2193 1131 2227 solist
1146 2193 1175 2228 S
1187 2193 1344 2235 (litterae
1362 2194 1630 2236 eminuerunt).

128 2246 214 2280 solis
232 2249 336 2282 tanta
353 2260 373 2283 v
456 2248 654 2294 fraglantia
672 2251 724 2284 W
818 2261 926 2285 uerna
943 2250 983 2284 dc
999 2251 1117 2286 SWR
1125 2251 1172 2290 V,
1196 2251 1367 2285 uernante
1384 2249 1566 2284 Baluz‘ius
1584 2261 1628 2284 ea*

128 2306 150 2337 4
163 2304 264 2338 codd.
279 2307 414 2350 recepit
527 2318 590 2341 sua
603 2308 688 2342 WR
696 2307 734 2348 V,
754 2325 787 2342 μ
803 2309 818 2351 Η
835 2319 855 2342 a
874 2308 904 2343 S
915 2308 1076 2352 (litterae
1089 2309 1130 2342 in
1143 2308 1218 2351 fine
1231 2308 1350 2342 lineae
1363 2310 1624 2351 evanuerunt).

128 2364 207 2395 sata
223 2363 282 2396 uel
299 2374 362 2397 sua
380 2365 459 2397 sata
476 2376 516 2406 υ;
541 2366 587 2407 cf.
604 2365 763 2399 Gromm.
780 2366 848 2400 obs.
866 2378 902 2409 J).
919 2368 991 2399 324
1062 2366 1084 2399 3
1102 2365 1263 2400 cffosisR
1328 2365 1494 2399 fruuntur
1514 2366 1562 2399 W

129 2419 150 2451 5
175 2429 306 2454 uaenae
326 2421 391 2460 W,
417 2420 526 2455 benae
539 2422 575 2456 R
668 2422 877 2457 breuiantur
894 2425 929 2458 ct
947 2424 1010 2458 W¹
1105 2423 1141 2457 in
1160 2423 1191 2458 d.
1206 2423 1367 2467 singulos
1384 2434 1448 2457 om.
1464 2423 1500 2457 R
1593 2425 1628 2456 et

129 2476 322 2512 delendum
341 2480 427 2521 fort.
523 2479 722 2514 decrescint
741 2481 786 2521 S,
813 2480 1019 2515 decrescunt
1036 2492 1056 2514 v
1150 2491 1190 2515 ac
1207 2491 1272 2515 om.
1290 2492 1312 2515 v
1387 2479 1517 2514 defecit
1536 2480 1564 2514 S

128 2535 150 2570 6
174 2536 270 2570 aruis
287 2536 458 2577 SWRV‚
485 2537 583 2581 agris
600 2549 621 2572 v
703 2538 863 2581 agricula
884 2538 914 2573 S
991 2539 1027 2572 in
1046 2550 1089 2573 m.
1109 2540 1219 2572 nauta
1235 2549 1299 2572 om.
1319 2538 1370 2572 W
1449 2538 1468 2571 7
1494 2548 1631 2572 concor-

129 2593 225 2628 diam
242 2595 278 2629 R
360 2597 382 2627 8
406 2606 507 2639 posse
528 2595 766 2630 substantiam
788 2607 887 2639 posse
909 2595 1147 2630 substantiam
1165 2596 1194 2630 S
1272 2596 1316 2629 10
1340 2595 1524 2630 iuuentute
1544 2608 1561 2629 ν

131 2651 276 2696 pollere]
299 2653 458 2696 polliceri
476 2654 526 2688 W
539 2655 614 2697 (επ.
630 2680 637 2688 .
653 2655 739 2698 .ere)
822 2653 989 2698 quidquit
1005 2654 1034 2688 S
1125 2655 1165 2688 11
1191 2653 1365 2697 demergit
1380 2653 1430 2687 Β·
1512 2654 1551 2686 12
1578 2664 1631 2686 ra-

129 2709 188 2744 dio
204 2709 233 2744 S
299 2710 412 2745 claros
427 2712 464 2747 R
552 2712 601 2745 sic
617 2722 662 2745 εει·
682 2712 711 2745 si
732 2712 774 2744 W
787 2722 831 2745 m.
847 2714 870 2745 2
964 2711 1007 2744 13
1032 2711 1196 2745 exsoletis
1212 2711 1241 2745 S
1333 2711 1375 2744 14
1399 2712 1501 2744 antea
1525 2711 1566 2741 W

130 2767 258 2802 uirides
284 2767 314 2802 S
406 2767 521 2802 sterili
544 2779 562 2802 v
671 2768 714 2802 15
739 2768 1045 2803 exabundantibus
1062 2768 1110 2809 S,·
1137 2769 1184 2811 cf.
1200 2768 1244 2802 (le
1263 2769 1353 2802 bono
1373 2771 1447 2811 pat.
1469 2780 1495 2801 c.
1512 2770 1563 2801 20

131 2826 173 2860 16
190 2825 348 2859 distillat
357 2825 414 2860 Rv
485 2825 527 2859 17
546 2826 758 2859 sententiam
774 2826 810 2860 R
891 2825 1139 2860 occidanturR
1149 2839 1160 2869 ;
1175 2826 1221 2867 cf.
1237 2824 1384 2859 Sallust
1402 2825 1482 2868 Iuy.
1498 2835 1525 2858 e.
1540 2828 1563 2858 λ.)

132 2885 175 2919 19
198 2883 376 2918 diminuta
397 2883 506 2918 WRv
586 2884 629 2917 21
656 2884 836 2927 imputant
857 2883 899 2921 S,
926 2884 1069 2926 inputet
1090 2883 1126 2916 R
1217 2882 1261 2916 24
1286 2884 1482 2925 nungentos
1499 2881 1562 2916 SR

129 2942 174 2976 25
199 2943 302 2986 nunc}
318 2953 384 2976 non
402 2942 435 2976 R

255 3013 319 3042 111.
1305 3000 1358 3039 253
