1838 3152
525 247 734 292 Epistula
759 248 1234 285 LXXIIL—LXXIIII.
1543 254 1624 296 799

131 349 266 391 ualuit
298 352 437 391 nostra
457 350 718 392 mediocritas
738 351 1003 404 permittente
1023 353 1198 395 Domino
1222 356 1263 396 et
1283 355 1509 409 inspirante
1530 368 1624 398 con-

135 417 386 470 scripsimus,
409 430 531 471 quem
553 419 605 461 ad
625 420 667 461 te
688 432 759 473 pro
780 421 925 462 mutua
946 421 1163 464 dilectione
1185 424 1502 466 transmisimus,
1533 427 1627 478 opto

134 487 187 536 te,
210 485 336 527 frater
356 487 579 536 carissime,
602 500 762 541 semper
783 489 884 530 bene
905 489 1056 532 ualere.

401 678 916 751 EPISTVLA
976 679 1364 754 LXXIIII.

109 827 123 850 5
503 813 772 849 CYPRIANVS
797 814 1007 850 POMPEIO
1033 815 1207 851 FRATRI
1234 816 1264 851 S.

193 927 453 982 Quamquam
489 928 609 981 plene
638 941 684 970 ea
712 942 815 982 quae
845 929 893 971 de
922 929 1139 972 haereticis
1174 931 1430 984 baptizandis
1463 931 1665 975 dicendal

135 1000 232 1041 sunt
254 997 438 1051 conplexi
460 997 590 1039 simus
610 997 649 1039 in
670 997 859 1052 epistulis
881 1011 1053 1052 quarum
1071 1000 1122 1041 ad
1139 1000 1179 1040 te
1197 1001 1381 1053 exempla
1397 1001 1633 1042 transmisi·

135 1080 240 1115 mus,
272 1066 399 1108 frater
428 1063 649 1117 carissime,
683 1065 823 1106 tamen
853 1064 948 1117 quia
977 1065 1218 1107 desiderasti
1241 1066 1283 1107 in
1304 1067 1496 1109 notitiam
1518 1069 1633 1108 tuam

134 1135 304 1190 perferri
340 1133 439 1187 quid
474 1133 578 1175 mihi
611 1132 662 1175 ad
693 1133 854 1174 litteras
892 1134 1050 1175 nostras
1073 1133 1299 1187 Stephanus
1335 1134 1462 1177 frater
1498 1137 1634 1178 noster

92 1221 125 1245 ιο
138 1203 405 1258 rescripserit,
436 1202 531 1244 misi
561 1202 638 1243 tibi
670 1202 857 1255 rescripti
879 1202 965 1244 eius
987 1204 1240 1257 exemplum:
1271 1216 1349 1257 quo
1371 1205 1477 1247 lecto
1499 1206 1634 1259 magis

135 1287 183 1316 ac
198 1274 332 1328 magis
349 1273 435 1314 eius
452 1283 628 1313 errorem
650 1271 875 1320 denotabis,
898 1271 967 1324 qui
989 1271 1286 1314 haereticorum
1308 1286 1471 1315 causam
1494 1277 1634 1317 contra

136 1342 379 1385 christianos
401 1342 442 1383 et
464 1342 603 1382 contra
633 1340 845 1382 ecclesiam
867 1341 943 1382 Dei
973 1341 1154 1382 adserere
1184 1343 1364 1384 conatur.
1405 1356 1500 1385 nam
1530 1344 1637 1388 inter

138 1413 272 1453 cetera
300 1410 368 1451 uel
397 1409 570 1462 superba
598 1409 666 1450 uel
688 1409 739 1450 ad
762 1422 848 1450 rem
878 1421 958 1451 non
979 1410 1226 1463 pertinentia
1247 1411 1312 1452 uel
1336 1411 1415 1452 sibi
1436 1412 1516 1466 ipsi
1540 1424 1635 1454 con-

137 1479 263 1521 traria
276 1492 379 1533 quae
391 1478 564 1533 inperite
577 1477 706 1531 adque
723 1478 936 1532 inprouide
954 1478 1132 1532 scripsit,
1154 1479 1282 1521 etiam
1301 1479 1407 1521 illud
1427 1480 1637 1523 adiuncxit

94 1563 125 1587 ιε»
140 1549 186 1590 ut
216 1548 388 1590 diceret:
423 1543 474 1589 ‘si
507 1547 577 1601 qui
609 1559 704 1602 ergo
734 1560 757 1588 a
786 1560 1042 1600 quacumque
1077 1548 1232 1589 haeresi
1271 1549 1439 1590 uenient
1469 1549 1520 1591 ad
1551 1561 1637 1599 uos,

138 1616 243 1658 nihil
272 1617 489 1659 innouetur
510 1617 590 1658 nisi
612 1616 720 1670 quod
742 1616 945 1658 traditum
967 1617 1040 1666 est,
1075 1617 1122 1657 ut
1143 1629 1289 1658 manus
1310 1616 1395 1658 illis
1416 1617 1637 1672 inponatur

138 1686 180 1727 in
210 1686 517 1739 paenitentiam,
555 1699 649 1727 cum
685 1685 765 1738 ipsi
801 1685 997 1727 haeretici
1032 1686 1192 1739 proprie
1228 1687 1476 1728 alterutrum
1512 1687 1563 1728 ad
1594 1699 1636 1728 se

139 1754 350 1796 uenientes
371 1763 450 1796 non
471 1754 695 1808 baptizent,
719 1753 789 1796 sed
811 1754 1114 1795 communicent
1133 1746 1326 1796 tantum.'

197 1823 236 1865 A
258 1836 511 1877 quacumque
539 1823 698 1865 haeresi
728 1823 966 1864 uenientem
995 1823 1194 1876 baptizari
1223 1824 1264 1865 in
1295 1824 1464 1866 ecclesia
1489 1823 1675 1873 nemim

96 1905 130 1931 20
143 1891 184 1933 id
218 1892 279 1933 est
310 1890 495 1934 omnium
526 1889 826 1932 haereticorum
858 1889 1109 1942 baptismata
1138 1890 1247 1931 iusta
1278 1902 1362 1932 esse
1384 1892 1426 1932 et
1448 1891 1638 1946 legitima

211 2051 228 2084 1
248 2050 405 2094 spirante
425 2050 454 2083 C
461 2052 467 2067 ¹
631 2049 653 2083 2
670 2050 752 2093 opto
774 2076 779 2081 .
796 2075 801 2081 .
819 2075 827 2083 .
847 2048 966 2082 ualere
984 2059 1047 2083 om.
1069 2049 1098 2083 C
1262 2050 1284 2083 3
1302 2050 1418 2083 ualere
1436 2049 1514 2083 uale
1532 2050 1578 2084 N.
1601 2069 1639 2073 —

141 2107 195 2142 Ad
221 2107 391 2151 (Explicit
420 2106 463 2140 ad
482 2107 559 2150 GP)
586 2106 797 2140 quaianum
829 2106 1028 2148 (iuuianuni
1047 2105 1084 2146 C,
1116 2106 1283 2140 iubanuni
1306 2107 1352 2151 T)
1380 2106 1422 2140 de
1454 2106 1641 2140 haereticis

140 2164 363 2209 baptizandis
393 2164 449 2207 (de
466 2164 500 2198 h.
520 2163 617 2208 bapt,
648 2174 714 2197 om.
735 2163 819 2205 LP)
851 2162 996 2206 explicit
1015 2163 1201 2202 CLNPT,
1233 2163 1377 2198 Caecilii
1400 2163 1567 2208 Cypriani
1597 2164 1641 2197 ad

140 2222 351 2256 luuaianum
369 2221 411 2255 de
428 2221 644 2265 baptismate
661 2220 899 2254 hereticorum
917 2219 1063 2264 explicit
1080 2220 1124 2254 Β.
1143 2240 1185 2245 --

208 2279 321 2323 Epist.
340 2278 526 2313 LXXIIII.
545 2277 740 2322 —Incipit
768 2276 811 2311 ad
837 2277 1044 2321 Pompeium
1075 2278 1321 2322 (Pomponium
1340 2279 1388 2323 Β)
1415 2283 1537 2315 contra
1565 2282 1636 2327 epi-

141 2337 273 2371 stulam
291 2336 464 2381 Stephani
488 2335 588 2373 (add.
608 2335 655 2369 C:
685 2334 726 2369 de
751 2334 919 2368 hereticis
949 2334 1172 2379 baptizandis
1201 2335 1368 2379 feliciter)
1396 2338 1582 2374 BCLPT.
1601 2359 1642 2364 —

139 2394 162 2428 5
178 2394 351 2439 pompeio]
378 2393 564 2438 pomponio
586 2393 620 2427 B
827 2392 845 2425 7
864 2391 1026 2436 conplexi
1044 2403 1164 2426 sumus
1181 2393 1241 2434 Cv,
1266 2394 1504 2438 conpleximus
1523 2396 1596 2431 BP

140 2452 162 2485 9
180 2451 277 2495 quid]
296 2461 385 2495 quae
402 2462 446 2485 ex
462 2450 524 2494 qui
542 2450 571 2484 C
778 2449 821 2483 10
838 2449 1048 2492 rescriptum
1067 2460 1112 2483 eae
1129 2450 1302 2495 rescripta
1324 2452 1356 2485 T
1552 2454 1641 2498 eius]

141 2508 228 2541 estis
244 2507 278 2541 B
431 2507 642 2551 exemplum]
662 2506 743 2540 misi
761 2505 846 2539 add.
867 2506 903 2540 Β
1064 2507 1107 2542 11
1128 2507 1215 2552 eius]
1234 2507 1266 2541 ei
1284 2507 1314 2543 C
1477 2509 1520 2544 12
1538 2510 1644 2544 eccle-

143 2565 214 2598 siae
232 2565 262 2600 C
267 2567 276 2584 ¹
415 2566 586 2598 conantur
607 2564 655 2598 Τ2
799 2563 842 2597 13
861 2562 1061 2607 pertinente
1079 2563 1109 2598 C
1116 2567 1121 2584 ¹
1268 2565 1311 2599 14
1329 2565 1494 2600 adiunxit
1512 2567 1601 2601 GPv

142 2622 186 2656 15
203 2623 232 2656 si
250 2621 330 2665 quis
347 2621 444 2662 BCv,
463 2621 494 2655 si
515 2622 548 2656 T
560 2620 621 2655 sed
637 2631 717 2664 exp.
736 2631 780 2654 m.
797 2622 821 2654 2
1010 2631 1092 2664 ergo
1110 2631 1191 2665 exp.
1216 2621 1248 2655 T
1261 2633 1305 2656 m.
1323 2625 1347 2656 2
1531 2634 1634 2668 quae·

142 2689 256 2722 eumq.
280 2678 326 2719 B,
353 2688 503 2722 quancu*
528 2678 558 2713 C
764 2676 967 2711 uenientem
991 2677 1130 2718 LPT1,
1160 2678 1318 2712 uenienti
1346 2680 1406 2721 T²‚
1438 2680 1577 2715 ueniret
1594 2682 1639 2722 Β,

144 2736 282 2770 uenerit
298 2736 348 2770 Cv
502 2735 544 2770 16
562 2734 619 2769 illi
637 2734 724 2769 CTv
877 2734 918 2768 17
936 2734 1057 2778 propie
1078 2735 1111 2770 T
1118 2738 1141 2776 ¹,
1160 2746 1264 2780 prope
1283 2736 1314 2772 C
1468 2738 1510 2771 18
1528 2737 1644 2784 bapti-

144 2794 226 2826 zant
243 2793 306 2834 P',
333 2791 514 2836 baptizent
538 2792 574 2826 in
599 2791 820 2836 paenitentia
838 2791 883 2831 B,
911 2791 1136 2835 baptizentur
1160 2792 1194 2826 V
1395 2795 1437 2830 19
1457 2795 1641 2841 baptizari]

144 2849 229 2883 add.
248 2850 299 2883 R:
319 2849 353 2883 in
370 2860 511 2883 manum
529 2848 771 2892 paenitentiae
863 2847 909 2882 20
924 2848 958 2882 id
973 2849 1039 2892 est]
1059 2851 1094 2882 ct
1112 2850 1194 2884 Tin
1208 2860 1279 2885 ras.
1376 2851 1554 2896 baptisma
1571 2854 1604 2888 Τ
