1838 3152
188 233 272 276 676
329 210 333 214 -
706 233 902 267 Caecilii
933 233 1146 278 Cypriani

147 339 173 378 9
245 335 362 388 Quod
391 337 533 378 autem
554 336 634 378 tibi
657 337 705 379 de
727 338 952 380 Fortunato
981 338 1061 379 isto
1083 339 1428 395 pseudoepiscopo
1450 355 1472 384 a
1492 345 1632 397 paucis
1659 346 1699 387 et

188 405 430 447 inueteratis
462 406 681 448 haereticis
711 407 934 448 constituto
955 418 1035 449 non
1057 409 1202 450 statim
1224 409 1389 464 scripsi,
1421 410 1548 454 frater
1569 414 1696 455 caris-

188 474 311 525 sime,
342 486 421 516 non
452 488 498 517 ea
528 487 592 517 res
621 477 709 518 erat
737 489 841 530 quae
871 476 913 517 in
944 477 1143 519 notitiam
1172 479 1288 520 tuam
1310 479 1476 522 deberet
1497 481 1692 525 festinato

189 543 334 585 statim
367 544 483 596 quasi
510 557 663 600 magna
691 546 762 586 aut
794 546 1017 588 metuenda
1044 545 1235 600 perferri,
1268 548 1447 590 maxime
1476 550 1635 602 quando
1658 551 1698 591 et

187 611 405 654 Fortunati
439 624 586 655 nomen
614 614 699 656 iam
728 614 829 655 satis
851 625 1002 665 nosses,
1035 615 1105 668 qui
1127 617 1190 657 est
1210 629 1315 658 unus
1337 629 1383 658 ex
1405 617 1581 671 quinque
1602 631 1693 671 pre-
1709 634 1722 658 5

189 680 369 735 sbyteris
392 681 475 724 iam
497 683 657 736 pridem
678 683 727 724 de
749 683 919 725 ecclesia
940 683 1125 739 profugis
1147 685 1189 726 et
1211 685 1414 727 sententia
1435 686 1692 741 coepiscopo-

186 763 279 792 rum
309 753 542 793 nostrorum
572 751 800 793 multorum
831 752 872 793 et
899 752 1240 807 grauissimorum
1269 754 1453 796 uirorum
1473 767 1601 808 nuper
1622 755 1694 797 ab·

187 820 333 862 stentis
365 820 434 872 qui
465 831 585 874 super
606 820 683 862 hac
701 833 743 862 re
765 820 898 875 priore
920 833 1023 862 anno
1045 822 1095 863 ad
1117 822 1158 864 te
1179 823 1342 865 litteras
1364 823 1561 866 fecerunt.
1596 824 1697 866 item

187 889 494 930 Felicissimum
526 889 769 943 signiferum
791 889 1007 932 seditionis
1037 903 1359 946 recognoscereS,
1393 892 1463 946 qui
1485 894 1526 933 et
1546 893 1632 946 ipse
1654 893 1696 934 in

188 957 319 999 isdem
342 958 674 1011 coepiscoporum
706 960 941 1001 nostrorum
969 960 1090 1002 factis
1112 961 1162 1002 ad
1184 962 1226 1002 te
1247 960 1407 1014 pridem
1427 961 1581 1003 litteris
1605 972 1699 1002 con·
1714 978 1749 1002 10

189 1027 367 1069 tinetur:
391 1027 460 1081 qui
482 1039 562 1068 non
584 1029 751 1069 tantum
772 1029 822 1070 ab
845 1028 910 1070 his
931 1028 1028 1070 istic
1047 1029 1275 1081 abstentus,
1299 1030 1369 1072 sed
1391 1032 1432 1072 et
1453 1030 1525 1071 abs
1547 1031 1589 1071 te
1610 1029 1700 1072 11116

187 1109 317 1149 nuper
346 1097 395 1138 de
429 1097 599 1139 ecclesia
626 1098 769 1150 pulsus
799 1099 874 1140 est.
905 1111 999 1140 cum
1028 1098 1129 1141 haec
1156 1099 1198 1140 in
1220 1099 1371 1141 notitia
1399 1100 1473 1141 tua
1494 1111 1581 1141 esse
1603 1112 1698 1141 con—

188 1164 357 1207 fiderem
379 1166 419 1207 et
439 1178 512 1219 pro
535 1167 644 1208 certo
665 1167 830 1208 haerere
852 1168 1073 1210 memoriae
1095 1169 1136 1209 et
1157 1168 1399 1221 disciplinae
1420 1170 1516 1210 tuae
1538 1169 1699 1219 scirem,

189 1235 466 1276 necessarium
497 1247 576 1277 non
605 1236 754 1289 putaui
783 1236 971 1277 celeriter
1000 1236 1040 1278 et
1069 1237 1264 1291 urgenter
1293 1237 1590 1278 haereticorum
1621 1236 1700 1278 tibi

188 1304 365 1357 ineptias
381 1303 643 1347 nuntiandas.
659 1317 790 1358 neque
807 1305 917 1347 enim
934 1305 986 1346 ad
1002 1305 1225 1347 catholicae
1238 1306 1429 1348 ecclesiae
1439 1305 1699 1347 maiestatem
1713 1320 1747 1345 15

189 1373 345 1427 pariter
366 1385 413 1415 ac
435 1373 687 1427 dignitatem
716 1373 921 1426 pertinere
944 1374 1065 1416 debet
1087 1374 1186 1427 quid
1206 1374 1314 1428 apud
1337 1386 1378 1416 se
1399 1374 1701 1416 haereticorum

190 1443 229 1484 et
271 1442 627 1484 schismaticorum
666 1442 862 1483 moliatur
905 1442 1088 1484 audacia.
1132 1456 1227 1485 nam
1269 1444 1310 1484 et
1345 1455 1439 1496 pars
1476 1442 1700 1484 Nouatiani

186 1510 419 1553 Maximum
447 1511 736 1564 presbyterum
763 1524 846 1564 nup
855 1524 896 1553 er
917 1512 968 1552 ad
990 1523 1062 1552 nos
1084 1524 1107 1553 a
1128 1511 1359 1553 Nouatiano
1390 1512 1578 1566 legatum
1599 1511 1701 1552 11116-

191 1592 284 1621 sum
321 1581 451 1633 adque
482 1593 505 1621 a
533 1580 673 1621 nostra
708 1580 1077 1622 communicatione
1113 1581 1312 1622 reiectum
1348 1594 1455 1622 nunc
1491 1580 1587 1622 istic
1623 1581 1701 1622 sibi

190 1649 333 1691 fecisse
349 1649 739 1702 pseudoepiscopum
757 1649 922 1691 dicitur.
945 1662 1018 1692 nec
1034 1651 1173 1691 tamen
1190 1650 1239 1692 de
1256 1650 1331 1692 hoc
1347 1650 1427 1692 tibi
1445 1651 1700 1704 scripseram,
1717 1666 1753 1691 20

190 1719 350 1771 quando
371 1718 470 1759 haec
492 1718 630 1760 omnia
651 1718 962 1760 contemnantur
979 1732 1002 1760 a
1019 1720 1137 1761 nobis
1155 1721 1197 1761 et
1213 1719 1397 1761 miserim
1419 1719 1498 1761 tibi
1518 1721 1701 1773 proxime

118 1814 125 1822 -
187 1787 354 1829 nomina
391 1788 671 1841 episcoporum
703 1787 799 1829 istic
830 1787 1148 1830 constitutorum
1182 1788 1252 1842 qui
1284 1789 1435 1843 integri
1470 1790 1510 1830 et
1540 1789 1627 1830 sani
1659 1788 1702 1830 in

194 1856 365 1898 ecclesia
386 1856 587 1898 catholica
608 1856 808 1898 fratribus
830 1858 1037 1909 praesunt.
1062 1857 1169 1910 quod
1186 1857 1329 1910 utique
1345 1858 1435 1899 ideo
1452 1858 1502 1899 ‹le
1519 1857 1702 1899 omnium

189 1927 424 1967 nostrorum
462 1924 632 1967 consilio
669 1925 826 1978 placuit
857 1925 936 1966 tibi
971 1926 1146 1968 scribere
1180 1928 1228 1968 ut
1258 1926 1404 1968 erroris
1443 1926 1628 1968 diluendi
1659 1938 1705 1967 66

260 2062 279 2095 1
299 2062 383 2106 isto]
402 2062 480 2106 ipso
504 2062 534 2097 G
641 2050 865 2106 pseudoean‘
878 2063 908 2107 Q
1018 2073 1038 2096 a
1056 2072 1120 2096 om.
1148 2062 1177 2107 Q
1291 2063 1313 2096 2
1330 2062 1441 2096 frater
1459 2062 1495 2096 P
1511 2073 1548 2096 er
1566 2071 1657 2096 corr.

189 2119 371 2154 carissime
390 2129 455 2153 om.
478 2118 514 2154 R
654 2119 675 2153 3
693 2130 734 2153 ea
750 2130 804 2153 res
830 2121 907 2154 erat
934 2120 1036 2164 quae]
1065 2130 1187 2154 cauere
1206 2122 1278 2164 atq.
1303 2120 1333 2155 Ο
1470 2120 1606 2154 notiam
1624 2119 1659 2153 L

190 2177 296 2211 debes
320 2177 348 2212 Ο
463 2177 486 2211 4
502 2177 663 2221 perferri]
682 2177 769 2211 ferri
786 2177 822 2212 R
939 2178 960 2212 5
978 2188 1081 2212 nosse
1104 2177 1168 2222 OQ
1284 2177 1305 2211 6
1322 2177 1495 2221 profugus
1511 2178 1547 2211 et
1570 2177 1607 2218 Ο,
1626 2187 1705 2220 pro-

189 2235 346 2279 fugisset
363 2235 399 2269 L
504 2234 746 2279 episcoporum
770 2235 800 2270 O
907 2236 926 2268 7
945 2236 981 2269 et
998 2246 1063 2270 om.
1089 2234 1155 2270 CR
1259 2235 1383 2279 nuper]
1402 2234 1488 2269 add.
1507 2235 1563 2270 R.-
1583 2234 1627 2268 ad
1644 2245 1707 2268 nos

190 2302 211 2326 a
227 2292 418 2326 nouatiano
436 2292 597 2336 legatum
616 2292 766 2326 missum
871 2293 1057 2327 abstentus
1080 2293 1141 2334 Οἳ,
1160 2291 1317 2326 abstenti
1337 2292 1381 2334 L,
1402 2292 1563 2327 absentis
1586 2292 1624 2337 Q,
1645 2291 1706 2326 ab·

192 2349 287 2384 senti
300 2349 334 2383 P
427 2349 449 2383 8
466 2349 544 2394 hae]
566 2359 605 2383 ac
618 2349 653 2384 R
747 2350 896 2384 fecerint
911 2350 1020 2395 LPQ
1112 2350 1134 2384 9
1151 2349 1351 2384 felicissimi
1371 2350 1401 2385 O
1493 2349 1704 2384 sedintionis

193 2417 457 2451 secognosceres
475 2407 511 2442 R
616 2407 661 2441 10
679 2418 745 2451 quo
764 2407 1006 2452 episcoporum
1025 2408 1060 2442 P
1161 2408 1203 2441 11
1222 2407 1268 2441 116
1285 2419 1306 2442 v
1400 2407 1468 2441 iste
1486 2417 1530 2441 ex
1547 2406 1611 2440 isti
1634 2406 1664 2442 G

193 2465 380 2499 abstentur
400 2465 429 2500 O
436 2468 444 2486 ¹
543 2465 588 2498 12
604 2464 704 2498 notia
723 2465 753 2509 ρ
846 2465 1018 2500 confidere
1038 2465 1138 2510 CLQ
1232 2465 1275 2499 13
1292 2465 1381 2499 scire
1396 2465 1444 2498 M
1460 2464 1599 2508 (scirem
1618 2463 1662 2508 Q)

193 2522 239 2556 15
257 2521 301 2556 ad
318 2522 517 2556 catholicae
536 2523 572 2556 et
595 2522 633 2563 C',
659 2522 858 2557 acatholice
879 2523 909 2568 Q
1052 2523 1094 2557 16
1113 2522 1165 2567 66]
1184 2522 1227 2556 ad
1245 2522 1282 2557 R
1422 2521 1508 2565 quid
1524 2520 1644 2565 hapud
1662 2521 1709 2562 P,

193 2580 276 2624 quia
294 2581 381 2623 aput
399 2579 472 2614 LG
582 2580 624 2613 17
643 2581 678 2614 et
696 2591 761 2614 om.
786 2580 835 2625 ρ,-
861 2582 897 2614 61
915 2580 1224 2614 66111611161166111111
1241 2590 1306 2614 om.
1329 2579 1365 2614 R
1472 2579 1568 2623 pars]
1586 2588 1706 2622 parem

193 2637 276 2678 RV,
296 2638 435 2681 patrem
458 2637 486 2672 O
623 2638 801 2672 nouitiani
820 2639 864 2680 P,
883 2638 1078 2673 nouatiano
1095 2648 1140 2672 ex
1156 2636 1341 2672 nouationi
1364 2636 1394 2671 C
1532 2636 1575 2670 19
1593 2635 1707 2679 adque

194 2695 239 2729 ad
253 2696 322 2737 L¹,
340 2695 453 2739 adque
480 2695 509 2740 ρ
603 2696 720 2730 nostri
735 2696 770 2730 L
874 2695 1120 2730 communione
1143 2695 1188 2740 ρ’
1214 2693 1585 2738 (communicationem
1599 2693 1659 2736 M)

195 2753 265 2787 sibi
283 2763 325 2787 eae
344 2753 374 2786 si
395 2753 430 2787 L
564 2752 610 2787 20
626 2742 838 2797 pseudoepo‘
847 2753 885 2795 C,
905 2742 1160 2797 seudoeporum
1185 2752 1214 2797 Q
1341 2751 1385 2785 21
1403 2752 1439 2785 et
1455 2750 1620 2784 miseram
1639 2749 1675 2783 P
1695 2751 1712 2782 t

193 2820 219 2844 6.
240 2811 262 2844 Ζ.
280 2821 324 2844 m.
344 2812 370 2844 2
491 2810 653 2855 proxima
672 2811 708 2845 P
831 2810 876 2844 22
892 2810 1038 2844 nomina
1054 2810 1212 2854 proxime
1235 2810 1265 2845 O
1390 2809 1435 2843 24
1451 2809 1612 2842 nostrum
1630 2806 1666 2841 R

193 2866 264 2900 tibi
288 2867 425 2911 placuit
445 2866 496 2912 Qv
686 2867 836 2902 scribere
855 2893 862 2900 .
879 2894 887 2902 .
902 2892 910 2900 .
925 2878 1012 2912 pay.
1033 2869 1145 2913 677,2
1160 2868 1303 2902 nostrae
1324 2866 1452 2911 quibus
1470 2865 1553 2900 add.
1573 2865 1608 2900 L
1624 2875 1669 2899 m.
1686 2865 1713 2898 2

194 2925 237 2959 in
251 2935 363 2969 mary.
507 2924 683 2960 erroribus
706 2926 752 2970 ρ’
781 2925 921 2969 (6116116
939 2925 1057 2971 MQ2)
