<?xml version="1.0" encoding="UTF-8"?>
<!DOCTYPE html PUBLIC "-//W3C//DTD XHTML 1.0 Transitional//EN"
    "http://www.w3.org/TR/xhtml1/DTD/xhtml1-transitional.dtd">
<html xmlns="http://www.w3.org/1999/xhtml" xml:lang="en" lang="en">
 <head>
  <title>
</title>
<meta http-equiv="Content-Type" content="text/html;charset=utf-8" />
  <meta name='ocr-system' content='tesseract 3.04.00' />
  <meta name='ocr-capabilities' content='ocr_page ocr_carea ocr_par ocr_line ocrx_word'/>
</head>
<body>
  <div class='ocr_page' id='page_1' title='image "./corpusscriptor203cypruoft_0565.png"; bbox 0 0 1838 3152; ppageno 0'>
   <div class='ocr_carea' id='block_1_1' title="bbox 594 237 1621 284">
    <p class='ocr_par' dir='ltr' id='par_1_1' title="bbox 594 237 1621 284">
     <span class='ocr_line' id='line_1_1' title="bbox 594 237 1621 284; baseline -0.003 -10"><span class='ocrx_word' id='word_1_1' title='bbox 594 237 830 284; x_wconf 78' lang='lat' dir='ltr'><strong>Epistulae</strong></span> <span class='ocrx_word' id='word_1_2' title='bbox 855 237 976 273; x_wconf 86' lang='lat' dir='ltr'>XXX.</span> <span class='ocrx_word' id='word_1_3' title='bbox 1004 247 1031 273; x_wconf 87' lang='lat' dir='ltr'>c.</span> <span class='ocrx_word' id='word_1_4' title='bbox 1057 239 1157 273; x_wconf 70' lang='lat'>2-—3.</span> <span class='ocrx_word' id='word_1_5' title='bbox 1540 241 1621 283; x_wconf 80' lang='lat'>551</span> 
     </span>
    </p>
   </div>
   <div class='ocr_carea' id='block_1_2' title="bbox 44 340 1624 949">
    <p class='ocr_par' dir='ltr' id='par_1_2' title="bbox 44 340 1624 949">
     <span class='ocr_line' id='line_1_2' title="bbox 123 340 1622 396; baseline -0.001 -10"><span class='ocrx_word' id='word_1_6' title='bbox 123 345 216 386; x_wconf 92' lang='lat' dir='ltr'>illos</span> <span class='ocrx_word' id='word_1_7' title='bbox 252 343 406 386; x_wconf 91' lang='lat' dir='ltr'>diaboli</span> <span class='ocrx_word' id='word_1_8' title='bbox 442 344 608 396; x_wconf 89' lang='lat' dir='ltr'>laqueos</span> <span class='ocrx_word' id='word_1_9' title='bbox 644 342 893 392; x_wconf 87' lang='lat' dir='ltr'>uiderentur,</span> <span class='ocrx_word' id='word_1_10' title='bbox 935 352 1014 395; x_wconf 94' lang='lat' dir='ltr'>quo</span> <span class='ocrx_word' id='word_1_11' title='bbox 1050 352 1128 382; x_wconf 88' lang='grc'><strong>11011</strong></span> <span class='ocrx_word' id='word_1_12' title='bbox 1164 340 1302 383; x_wconf 90' lang='lat' dir='ltr'>minus</span> <span class='ocrx_word' id='word_1_13' title='bbox 1338 354 1461 395; x_wconf 92' lang='lat' dir='ltr'>quam</span> <span class='ocrx_word' id='word_1_14' title='bbox 1498 343 1532 385; x_wconf 92' lang='lat' dir='ltr'>si</span> <span class='ocrx_word' id='word_1_15' title='bbox 1570 343 1622 385; x_wconf 90' lang='lat' dir='ltr'>ad</span> 
     </span>
     <span class='ocr_line' id='line_1_3' title="bbox 122 409 1624 463; baseline -0.001 -8"><span class='ocrx_word' id='word_1_16' title='bbox 122 413 296 455; x_wconf 89' lang='lat' dir='ltr'>nefarias</span> <span class='ocrx_word' id='word_1_17' title='bbox 324 424 416 454; x_wconf 89' lang='lat' dir='ltr'>aras</span> <span class='ocrx_word' id='word_1_18' title='bbox 445 411 710 454; x_wconf 75' lang='lat' dir='ltr'>accessissent</span> <span class='ocrx_word' id='word_1_19' title='bbox 729 411 804 454; x_wconf 89' lang='lat' dir='ltr'>hoc</span> <span class='ocrx_word' id='word_1_20' title='bbox 824 410 912 463; x_wconf 92' lang='lat' dir='ltr'>ipso</span> <span class='ocrx_word' id='word_1_21' title='bbox 934 409 1040 463; x_wconf 90' lang='lat' dir='ltr'>quod</span> <span class='ocrx_word' id='word_1_22' title='bbox 1061 409 1199 462; x_wconf 88' lang='lat' dir='ltr'>ipsum</span> <span class='ocrx_word' id='word_1_23' title='bbox 1220 410 1438 452; x_wconf 89' lang='lat' dir='ltr'>contestati</span> <span class='ocrx_word' id='word_1_24' title='bbox 1460 410 1624 453; x_wconf 89' lang='lat' dir='ltr'>fuerant</span> 
     </span>
     <span class='ocr_line' id='line_1_4' title="bbox 120 477 1623 532; baseline -0.001 -9"><span class='ocrx_word' id='word_1_25' title='bbox 120 482 370 532; x_wconf 90' lang='lat' dir='ltr'>tenerentur,</span> <span class='ocrx_word' id='word_1_26' title='bbox 401 480 472 522; x_wconf 91' lang='lat' dir='ltr'>sed</span> <span class='ocrx_word' id='word_1_27' title='bbox 503 480 630 522; x_wconf 91' lang='lat' dir='ltr'>etiam</span> <span class='ocrx_word' id='word_1_28' title='bbox 658 480 855 522; x_wconf 91' lang='lat' dir='ltr'>aduersus</span> <span class='ocrx_word' id='word_1_29' title='bbox 886 479 982 521; x_wconf 91' lang='lat' dir='ltr'>illos</span> <span class='ocrx_word' id='word_1_30' title='bbox 1011 479 1081 531; x_wconf 91' lang='lat' dir='ltr'>qui</span> <span class='ocrx_word' id='word_1_31' title='bbox 1103 479 1269 531; x_wconf 91' lang='lat' dir='ltr'>accepta</span> <span class='ocrx_word' id='word_1_32' title='bbox 1289 477 1493 531; x_wconf 74' lang='lat' dir='ltr'><strong>fecissent,</strong></span> <span class='ocrx_word' id='word_1_33' title='bbox 1525 480 1623 522; x_wconf 90' lang='lat' dir='ltr'>licet</span> 
     </span>
     <span class='ocr_line' id='line_1_5' title="bbox 120 547 1622 604; baseline -0.002 -12"><span class='ocrx_word' id='word_1_34' title='bbox 120 551 354 604; x_wconf 78' lang='lat' dir='ltr'>praesentes</span> <span class='ocrx_word' id='word_1_35' title='bbox 392 562 485 591; x_wconf 91' lang='lat' dir='ltr'>cum</span> <span class='ocrx_word' id='word_1_36' title='bbox 513 548 659 591; x_wconf 91' lang='lat' dir='ltr'>fierent</span> <span class='ocrx_word' id='word_1_37' title='bbox 688 560 767 590; x_wconf 91' lang='lat' dir='ltr'>non</span> <span class='ocrx_word' id='word_1_38' title='bbox 796 547 1039 597; x_wconf 72' lang='lat' dir='ltr'>adfuissent,</span> <span class='ocrx_word' id='word_1_39' title='bbox 1076 559 1171 589; x_wconf 92' lang='lat' dir='ltr'>cum</span> <span class='ocrx_word' id='word_1_40' title='bbox 1199 547 1474 600; x_wconf 84' lang='lat' dir='ltr'>praesentiam</span> <span class='ocrx_word' id='word_1_41' title='bbox 1503 561 1622 590; x_wconf 89' lang='lat' dir='ltr'>suam</span> 
     </span>
     <span class='ocr_line' id='line_1_6' title="bbox 91 615 1622 672; baseline -0.001 -12"><span class='ocrx_word' id='word_1_42' title='bbox 91 638 104 661; x_wconf 83' lang='lat'>5</span> <span class='ocrx_word' id='word_1_43' title='bbox 119 619 262 672; x_wconf 90' lang='lat' dir='ltr'>utique</span> <span class='ocrx_word' id='word_1_44' title='bbox 284 619 331 660; x_wconf 90' lang='lat' dir='ltr'>ut</span> <span class='ocrx_word' id='word_1_45' title='bbox 351 618 411 660; x_wconf 92' lang='lat' dir='ltr'>sic</span> <span class='ocrx_word' id='word_1_46' title='bbox 432 618 707 660; x_wconf 85' lang='lat' dir='ltr'>scriberentur</span> <span class='ocrx_word' id='word_1_47' title='bbox 734 617 965 659; x_wconf 89' lang='lat' dir='ltr'>mandando</span> <span class='ocrx_word' id='word_1_48' title='bbox 994 615 1199 658; x_wconf 84' lang='lat' dir='ltr'>fecissent.</span> <span class='ocrx_word' id='word_1_49' title='bbox 1234 629 1312 658; x_wconf 88' lang='lat' dir='ltr'>non</span> <span class='ocrx_word' id='word_1_50' title='bbox 1345 618 1406 658; x_wconf 92' lang='lat' dir='ltr'>est</span> <span class='ocrx_word' id='word_1_51' title='bbox 1427 617 1536 659; x_wconf 90' lang='lat' dir='ltr'>enim</span> <span class='ocrx_word' id='word_1_52' title='bbox 1558 618 1622 659; x_wconf 90' lang='grc'><strong>111-</strong></span> 
     </span>
     <span class='ocr_line' id='line_1_7' title="bbox 119 684 1621 740; baseline -0.001 -11"><span class='ocrx_word' id='word_1_53' title='bbox 119 687 254 729; x_wconf 91' lang='lat' dir='ltr'>munis</span> <span class='ocrx_word' id='word_1_54' title='bbox 276 699 299 728; x_wconf 89' lang='lat' dir='ltr'>a</span> <span class='ocrx_word' id='word_1_55' title='bbox 319 686 470 729; x_wconf 88' lang='lat' dir='ltr'>scelere</span> <span class='ocrx_word' id='word_1_56' title='bbox 491 686 562 740; x_wconf 89' lang='lat' dir='ltr'>qui</span> <span class='ocrx_word' id='word_1_57' title='bbox 583 687 631 728; x_wconf 92' lang='lat' dir='ltr'>ut</span> <span class='ocrx_word' id='word_1_58' title='bbox 650 685 765 728; x_wconf 87' lang='lat' dir='ltr'>fieret</span> <span class='ocrx_word' id='word_1_59' title='bbox 786 684 1024 739; x_wconf 84' lang='lat' dir='ltr'>inpetrauit,</span> <span class='ocrx_word' id='word_1_60' title='bbox 1046 697 1120 727; x_wconf 92' lang='lat' dir='ltr'>nec</span> <span class='ocrx_word' id='word_1_61' title='bbox 1140 686 1202 726; x_wconf 86' lang='lat' dir='ltr'>est</span> <span class='ocrx_word' id='word_1_62' title='bbox 1223 685 1383 727; x_wconf 88' lang='lat' dir='ltr'>alienus</span> <span class='ocrx_word' id='word_1_63' title='bbox 1405 698 1429 727; x_wconf 88' lang='lat' dir='ltr'>a</span> <span class='ocrx_word' id='word_1_64' title='bbox 1449 686 1621 728; x_wconf 91' lang='lat' dir='ltr'>crimine</span> 
     </span>
     <span class='ocr_line' id='line_1_8' title="bbox 117 754 1621 809; baseline -0.001 -11"><span class='ocrx_word' id='word_1_65' title='bbox 117 756 233 799; x_wconf 92' lang='lat' dir='ltr'>cuius</span> <span class='ocrx_word' id='word_1_66' title='bbox 255 767 450 797; x_wconf 90' lang='lat' dir='ltr'>consensu</span> <span class='ocrx_word' id='word_1_67' title='bbox 470 755 569 797; x_wconf 92' lang='lat' dir='ltr'>licet</span> <span class='ocrx_word' id='word_1_68' title='bbox 589 766 669 797; x_wconf 91' lang='lat' dir='ltr'>non</span> <span class='ocrx_word' id='word_1_69' title='bbox 691 754 919 797; x_wconf 90' lang='lat' dir='ltr'>admissum</span> <span class='ocrx_word' id='word_1_70' title='bbox 940 755 1095 797; x_wconf 88' lang='lat' dir='ltr'>crimen</span> <span class='ocrx_word' id='word_1_71' title='bbox 1111 755 1251 796; x_wconf 90' lang='lat' dir='ltr'>tamen</span> <span class='ocrx_word' id='word_1_72' title='bbox 1266 754 1430 809; x_wconf 88' lang='lat' dir='ltr'>publice</span> <span class='ocrx_word' id='word_1_73' title='bbox 1446 754 1621 809; x_wconf 88' lang='lat' dir='ltr'>legitur:</span> 
     </span>
     <span class='ocr_line' id='line_1_9' title="bbox 44 823 1623 868; baseline 0 -1"><span class='ocrx_word' id='word_1_74' title='bbox 44 830 49 835; x_wconf 78' lang='grc'><strong>”</strong></span> <span class='ocrx_word' id='word_1_75' title='bbox 117 826 158 868; x_wconf 91' lang='lat' dir='ltr'>et</span> <span class='ocrx_word' id='word_1_76' title='bbox 186 837 280 867; x_wconf 88' lang='lat' dir='ltr'>cum</span> <span class='ocrx_word' id='word_1_77' title='bbox 311 826 448 867; x_wconf 88' lang='lat' dir='ltr'>totum</span> <span class='ocrx_word' id='word_1_78' title='bbox 476 824 571 867; x_wconf 89' lang='lat' dir='ltr'>fidei</span> <span class='ocrx_word' id='word_1_79' title='bbox 600 826 904 867; x_wconf 89' lang='lat' dir='ltr'>sacramentum</span> <span class='ocrx_word' id='word_1_80' title='bbox 926 825 969 867; x_wconf 92' lang='lat' dir='ltr'>in</span> <span class='ocrx_word' id='word_1_81' title='bbox 990 823 1241 866; x_wconf 90' lang='lat' dir='ltr'>confessione</span> <span class='ocrx_word' id='word_1_82' title='bbox 1263 824 1416 866; x_wconf 89' lang='lat' dir='ltr'>Christi</span> <span class='ocrx_word' id='word_1_83' title='bbox 1446 825 1623 867; x_wconf 91' lang='lat' dir='ltr'>nominis</span> 
     </span>
     <span class='ocr_line' id='line_1_10' title="bbox 116 893 1622 949; baseline -0.001 -14"><span class='ocrx_word' id='word_1_84' title='bbox 116 894 386 949; x_wconf 84' lang='lat' dir='ltr'>intellegatur</span> <span class='ocrx_word' id='word_1_85' title='bbox 415 906 504 936; x_wconf 89' lang='lat' dir='ltr'>esse</span> <span class='ocrx_word' id='word_1_86' title='bbox 534 893 757 948; x_wconf 90' lang='lat' dir='ltr'>digestum,</span> <span class='ocrx_word' id='word_1_87' title='bbox 794 893 864 947; x_wconf 88' lang='lat' dir='ltr'>qui</span> <span class='ocrx_word' id='word_1_88' title='bbox 895 893 1066 936; x_wconf 88' lang='lat' dir='ltr'>fallaces</span> <span class='ocrx_word' id='word_1_89' title='bbox 1097 894 1139 935; x_wconf 92' lang='lat' dir='ltr'>in</span> <span class='ocrx_word' id='word_1_90' title='bbox 1171 893 1474 936; x_wconf 86' lang='lat' dir='ltr'>excusationem</span> <span class='ocrx_word' id='word_1_91' title='bbox 1505 905 1622 946; x_wconf 91' lang='lat' dir='ltr'>prae-</span> 
     </span>
    </p>
   </div>
   <div class='ocr_carea' id='block_1_3' title="bbox 0 962 1623 1017">
    <p class='ocr_par' dir='ltr' id='par_1_3' title="bbox 0 962 1623 1017">
     <span class='ocr_line' id='line_1_11' title="bbox 0 962 1623 1017; baseline 0.001 -14"><span class='ocrx_word' id='word_1_92' title='bbox 0 1007 2 1012; x_wconf 41' lang='grc'><strong>,</strong></span> <span class='ocrx_word' id='word_1_93' title='bbox 73 979 102 1004; x_wconf 82' lang='grc' dir='ltr'>ιο</span> <span class='ocrx_word' id='word_1_94' title='bbox 117 962 264 1017; x_wconf 86' lang='lat' dir='ltr'>stigias</span> <span class='ocrx_word' id='word_1_95' title='bbox 305 962 468 1016; x_wconf 90' lang='lat' dir='ltr'>quaerit</span> <span class='ocrx_word' id='word_1_96' title='bbox 496 962 679 1017; x_wconf 91' lang='lat' dir='ltr'>negauit,</span> <span class='ocrx_word' id='word_1_97' title='bbox 716 962 758 1003; x_wconf 88' lang='lat' dir='ltr'>et</span> <span class='ocrx_word' id='word_1_98' title='bbox 788 962 859 1016; x_wconf 92' lang='lat' dir='ltr'>qui</span> <span class='ocrx_word' id='word_1_99' title='bbox 889 962 983 1004; x_wconf 92' lang='lat' dir='ltr'>uult</span> <span class='ocrx_word' id='word_1_100' title='bbox 1014 962 1146 1004; x_wconf 90' lang='lat' dir='ltr'>uideri</span> <span class='ocrx_word' id='word_1_101' title='bbox 1176 962 1396 1016; x_wconf 88' lang='lat' dir='ltr'>propositis</span> <span class='ocrx_word' id='word_1_102' title='bbox 1426 962 1623 1004; x_wconf 88' lang='lat' dir='ltr'>aduersus</span> 
     </span>
    </p>
   </div>
   <div class='ocr_carea' id='block_1_4' title="bbox 0 641 4 2034">
    <p class='ocr_par' dir='ltr' id='par_1_4' title="bbox 0 641 4 2034">
     <span class='ocr_line' id='line_1_12' title="bbox 0 641 4 2034; baseline 0 0"><span class='ocrx_word' id='word_1_103' title='bbox 0 641 4 2034; x_wconf 95' lang='lat' dir='ltr'> </span> 
     </span>
    </p>
   </div>
   <div class='ocr_carea' id='block_1_5' title="bbox 71 1030 1625 1982">
    <p class='ocr_par' dir='ltr' id='par_1_5' title="bbox 71 1030 1625 1982">
     <span class='ocr_line' id='line_1_13' title="bbox 118 1030 1623 1086; baseline -0.001 -13"><span class='ocrx_word' id='word_1_104' title='bbox 118 1031 383 1086; x_wconf 83' lang='lat' dir='ltr'>euangelium</span> <span class='ocrx_word' id='word_1_105' title='bbox 418 1031 485 1073; x_wconf 90' lang='lat' dir='ltr'>uel</span> <span class='ocrx_word' id='word_1_106' title='bbox 522 1030 668 1073; x_wconf 90' lang='lat' dir='ltr'>edictis</span> <span class='ocrx_word' id='word_1_107' title='bbox 703 1031 771 1073; x_wconf 92' lang='lat' dir='ltr'>uel</span> <span class='ocrx_word' id='word_1_108' title='bbox 806 1030 970 1086; x_wconf 88' lang='lat' dir='ltr'>legibus</span> <span class='ocrx_word' id='word_1_109' title='bbox 1006 1031 1265 1082; x_wconf 82' lang='lat' dir='ltr'>satisfecisse,</span> <span class='ocrx_word' id='word_1_110' title='bbox 1307 1032 1380 1073; x_wconf 92' lang='lat' dir='ltr'>hoc</span> <span class='ocrx_word' id='word_1_111' title='bbox 1416 1031 1503 1084; x_wconf 88' lang='lat' dir='ltr'>ipso</span> <span class='ocrx_word' id='word_1_112' title='bbox 1539 1031 1623 1072; x_wconf 91' lang='lat' dir='ltr'>iam</span> 
     </span>
     <span class='ocr_line' id='line_1_14' title="bbox 116 1099 1623 1154; baseline 0 -12"><span class='ocrx_word' id='word_1_113' title='bbox 116 1099 255 1153; x_wconf 88' lang='lat' dir='ltr'>paruit</span> <span class='ocrx_word' id='word_1_114' title='bbox 283 1111 362 1154; x_wconf 88' lang='lat' dir='ltr'>quo</span> <span class='ocrx_word' id='word_1_115' title='bbox 391 1099 524 1141; x_wconf 89' lang='lat' dir='ltr'>uideri</span> <span class='ocrx_word' id='word_1_116' title='bbox 553 1099 739 1153; x_wconf 90' lang='lat' dir='ltr'>paruisse</span> <span class='ocrx_word' id='word_1_117' title='bbox 767 1112 810 1142; x_wconf 91' lang='lat' dir='ltr'>se</span> <span class='ocrx_word' id='word_1_118' title='bbox 831 1099 979 1141; x_wconf 91' lang='lat' dir='ltr'>uoluit.</span> <span class='ocrx_word' id='word_1_119' title='bbox 1017 1111 1171 1141; x_wconf 89' lang='lat' dir='ltr'>necnon</span> <span class='ocrx_word' id='word_1_120' title='bbox 1201 1100 1329 1142; x_wconf 91' lang='lat' dir='ltr'>etiam</span> <span class='ocrx_word' id='word_1_121' title='bbox 1358 1102 1498 1142; x_wconf 90' lang='lat' dir='ltr'>contra</span> <span class='ocrx_word' id='word_1_122' title='bbox 1529 1100 1623 1143; x_wconf 93' lang='grc'><strong>11103</strong></span> 
     </span>
     <span class='ocr_line' id='line_1_15' title="bbox 115 1167 1624 1223; baseline 0.001 -13"><span class='ocrx_word' id='word_1_123' title='bbox 115 1180 274 1222; x_wconf 89' lang='lat' dir='ltr'>quoque</span> <span class='ocrx_word' id='word_1_124' title='bbox 304 1169 375 1222; x_wconf 92' lang='lat' dir='ltr'>qui</span> <span class='ocrx_word' id='word_1_125' title='bbox 404 1168 578 1210; x_wconf 87' lang='lat' dir='ltr'>inlicitis</span> <span class='ocrx_word' id='word_1_126' title='bbox 607 1167 818 1210; x_wconf 88' lang='lat' dir='ltr'>sacrificiis</span> <span class='ocrx_word' id='word_1_127' title='bbox 846 1180 993 1210; x_wconf 89' lang='lat' dir='ltr'>manus</span> <span class='ocrx_word' id='word_1_128' title='bbox 1022 1181 1115 1210; x_wconf 91' lang='lat' dir='ltr'>suas</span> <span class='ocrx_word' id='word_1_129' title='bbox 1144 1168 1276 1222; x_wconf 92' lang='lat' dir='ltr'>adque</span> <span class='ocrx_word' id='word_1_130' title='bbox 1297 1181 1367 1211; x_wconf 91' lang='lat' dir='ltr'>ora</span> <span class='ocrx_word' id='word_1_131' title='bbox 1391 1169 1624 1223; x_wconf 88' lang='lat' dir='ltr'>polluerant</span> 
     </span>
     <span class='ocr_line' id='line_1_16' title="bbox 116 1237 1623 1292; baseline 0.001 -13"><span class='ocrx_word' id='word_1_132' title='bbox 116 1237 288 1291; x_wconf 90' lang='lat' dir='ltr'>pollutis</span> <span class='ocrx_word' id='word_1_133' title='bbox 319 1239 415 1279; x_wconf 88' lang='lat' dir='ltr'>ante</span> <span class='ocrx_word' id='word_1_134' title='bbox 445 1237 654 1279; x_wconf 88' lang='lat' dir='ltr'>mentibus</span> <span class='ocrx_word' id='word_1_135' title='bbox 684 1237 873 1290; x_wconf 81' lang='lat' dir='ltr'>propriiS,</span> <span class='ocrx_word' id='word_1_136' title='bbox 910 1237 1017 1279; x_wconf 92' lang='lat' dir='ltr'>unde</span> <span class='ocrx_word' id='word_1_137' title='bbox 1048 1237 1176 1279; x_wconf 91' lang='lat' dir='ltr'>etiam</span> <span class='ocrx_word' id='word_1_138' title='bbox 1207 1239 1303 1279; x_wconf 89' lang='lat' dir='ltr'>sunt</span> <span class='ocrx_word' id='word_1_139' title='bbox 1332 1238 1446 1292; x_wconf 85' lang='lat' dir='ltr'>ipsae</span> <span class='ocrx_word' id='word_1_140' title='bbox 1476 1251 1623 1280; x_wconf 91' lang='lat' dir='ltr'>manus</span> 
     </span>
     <span class='ocr_line' id='line_1_17' title="bbox 71 1306 1621 1360; baseline 0.001 -13"><span class='ocrx_word' id='word_1_141' title='bbox 71 1321 101 1346; x_wconf 85' lang='lat'>1⁵</span> <span class='ocrx_word' id='word_1_142' title='bbox 116 1306 248 1360; x_wconf 88' lang='lat' dir='ltr'>adque</span> <span class='ocrx_word' id='word_1_143' title='bbox 278 1318 348 1348; x_wconf 91' lang='lat' dir='ltr'>ora</span> <span class='ocrx_word' id='word_1_144' title='bbox 376 1306 549 1360; x_wconf 90' lang='lat' dir='ltr'>polluta,</span> <span class='ocrx_word' id='word_1_145' title='bbox 577 1306 702 1349; x_wconf 91' lang='lat' dir='ltr'>fidem</span> <span class='ocrx_word' id='word_1_146' title='bbox 729 1307 914 1348; x_wconf 90' lang='lat' dir='ltr'>nostram</span> <span class='ocrx_word' id='word_1_147' title='bbox 943 1318 1265 1359; x_wconf 88' lang='lat' dir='ltr'>consensumque</span> <span class='ocrx_word' id='word_1_148' title='bbox 1286 1307 1621 1349; x_wconf 86' lang='lat' dir='ltr'>monstrauimus.</span> 
     </span>
     <span class='ocr_line' id='line_1_18' title="bbox 117 1375 1624 1430; baseline 0 -13"><span class='ocrx_word' id='word_1_149' title='bbox 117 1375 226 1417; x_wconf 89' lang='lat' dir='ltr'>absit</span> <span class='ocrx_word' id='word_1_150' title='bbox 247 1376 357 1417; x_wconf 91' lang='lat' dir='ltr'>enim</span> <span class='ocrx_word' id='word_1_151' title='bbox 375 1376 425 1418; x_wconf 91' lang='lat' dir='ltr'>ab</span> <span class='ocrx_word' id='word_1_152' title='bbox 443 1375 613 1417; x_wconf 89' lang='lat' dir='ltr'>ecclesia</span> <span class='ocrx_word' id='word_1_153' title='bbox 633 1375 818 1417; x_wconf 89' lang='lat' dir='ltr'>Romana</span> <span class='ocrx_word' id='word_1_154' title='bbox 838 1375 1025 1430; x_wconf 90' lang='lat' dir='ltr'>uigorem</span> <span class='ocrx_word' id='word_1_155' title='bbox 1046 1387 1167 1416; x_wconf 88' lang='lat' dir='ltr'>suum</span> <span class='ocrx_word' id='word_1_156' title='bbox 1189 1376 1278 1417; x_wconf 90' lang='lat' dir='ltr'>tam</span> <span class='ocrx_word' id='word_1_157' title='bbox 1299 1375 1467 1428; x_wconf 90' lang='lat' dir='ltr'>profana</span> <span class='ocrx_word' id='word_1_158' title='bbox 1487 1375 1624 1417; x_wconf 90' lang='lat' dir='ltr'>facili-</span> 
     </span>
     <span class='ocr_line' id='line_1_19' title="bbox 116 1444 1624 1487; baseline 0.001 -2"><span class='ocrx_word' id='word_1_159' title='bbox 116 1446 204 1486; x_wconf 88' lang='lat' dir='ltr'>tate</span> <span class='ocrx_word' id='word_1_160' title='bbox 236 1444 449 1487; x_wconf 89' lang='lat' dir='ltr'>dimittere</span> <span class='ocrx_word' id='word_1_161' title='bbox 478 1446 518 1487; x_wconf 91' lang='lat' dir='ltr'>et</span> <span class='ocrx_word' id='word_1_162' title='bbox 548 1457 694 1486; x_wconf 90' lang='lat' dir='ltr'>neruos</span> <span class='ocrx_word' id='word_1_163' title='bbox 726 1445 961 1487; x_wconf 89' lang='lat' dir='ltr'>seueritatis</span> <span class='ocrx_word' id='word_1_164' title='bbox 994 1457 1136 1487; x_wconf 89' lang='lat' dir='ltr'>euersa</span> <span class='ocrx_word' id='word_1_165' title='bbox 1166 1444 1262 1486; x_wconf 89' lang='lat' dir='ltr'>fidei</span> <span class='ocrx_word' id='word_1_166' title='bbox 1294 1444 1508 1487; x_wconf 88' lang='lat' dir='ltr'>maiestate</span> <span class='ocrx_word' id='word_1_167' title='bbox 1538 1445 1624 1486; x_wconf 90' lang='lat' dir='ltr'>dis-</span> 
     </span>
     <span class='ocr_line' id='line_1_20' title="bbox 117 1513 1624 1567; baseline 0 -12"><span class='ocrx_word' id='word_1_168' title='bbox 117 1514 288 1567; x_wconf 84' lang='lat' dir='ltr'>soluere,</span> <span class='ocrx_word' id='word_1_169' title='bbox 319 1514 366 1555; x_wconf 92' lang='lat' dir='ltr'>ut</span> <span class='ocrx_word' id='word_1_170' title='bbox 395 1526 488 1555; x_wconf 91' lang='lat' dir='ltr'>cum</span> <span class='ocrx_word' id='word_1_171' title='bbox 518 1514 650 1556; x_wconf 91' lang='lat' dir='ltr'>adhuc</span> <span class='ocrx_word' id='word_1_172' title='bbox 678 1527 758 1556; x_wconf 92' lang='lat' dir='ltr'>non</span> <span class='ocrx_word' id='word_1_173' title='bbox 787 1514 953 1555; x_wconf 88' lang='lat' dir='ltr'>tantum</span> <span class='ocrx_word' id='word_1_174' title='bbox 981 1513 1154 1564; x_wconf 89' lang='lat' dir='ltr'>iaceant,</span> <span class='ocrx_word' id='word_1_175' title='bbox 1184 1513 1254 1555; x_wconf 90' lang='lat' dir='ltr'>sed</span> <span class='ocrx_word' id='word_1_176' title='bbox 1276 1515 1318 1555; x_wconf 91' lang='lat' dir='ltr'>et</span> <span class='ocrx_word' id='word_1_177' title='bbox 1339 1513 1488 1555; x_wconf 90' lang='lat' dir='ltr'>cadant</span> <span class='ocrx_word' id='word_1_178' title='bbox 1508 1526 1624 1556; x_wconf 92' lang='lat' dir='ltr'>euer-</span> 
     </span>
     <span class='ocr_line' id='line_1_21' title="bbox 118 1582 1623 1637; baseline 0 -13"><span class='ocrx_word' id='word_1_179' title='bbox 118 1594 255 1624; x_wconf 90' lang='lat' dir='ltr'>sorum</span> <span class='ocrx_word' id='word_1_180' title='bbox 272 1582 449 1625; x_wconf 87' lang='lat' dir='ltr'>fratrum</span> <span class='ocrx_word' id='word_1_181' title='bbox 462 1583 616 1633; x_wconf 90' lang='lat' dir='ltr'>ruinae,</span> <span class='ocrx_word' id='word_1_182' title='bbox 635 1584 851 1637; x_wconf 90' lang='lat' dir='ltr'>properata</span> <span class='ocrx_word' id='word_1_183' title='bbox 867 1583 993 1625; x_wconf 90' lang='lat' dir='ltr'>nimis</span> <span class='ocrx_word' id='word_1_184' title='bbox 1007 1582 1188 1625; x_wconf 92' lang='lat' dir='ltr'>remedia</span> <span class='ocrx_word' id='word_1_185' title='bbox 1201 1582 1623 1625; x_wconf 90' lang='lat' dir='ltr'>communicationum</span> 
     </span>
     <span class='ocr_line' id='line_1_22' title="bbox 71 1651 1624 1705; baseline 0.003 -17"><span class='ocrx_word' id='word_1_186' title='bbox 71 1663 103 1689; x_wconf 84' lang='lat'>20</span> <span class='ocrx_word' id='word_1_187' title='bbox 117 1651 259 1705; x_wconf 89' lang='lat' dir='ltr'>utique</span> <span class='ocrx_word' id='word_1_188' title='bbox 287 1664 366 1694; x_wconf 90' lang='lat' dir='ltr'>non</span> <span class='ocrx_word' id='word_1_189' title='bbox 395 1652 610 1705; x_wconf 88' lang='lat' dir='ltr'>profutura</span> <span class='ocrx_word' id='word_1_190' title='bbox 637 1652 896 1705; x_wconf 85' lang='lat' dir='ltr'>praestentur</span> <span class='ocrx_word' id='word_1_191' title='bbox 916 1652 958 1694; x_wconf 91' lang='lat' dir='ltr'>et</span> <span class='ocrx_word' id='word_1_192' title='bbox 979 1663 1084 1694; x_wconf 89' lang='lat' dir='ltr'>noua</span> <span class='ocrx_word' id='word_1_193' title='bbox 1104 1664 1176 1705; x_wconf 91' lang='lat' dir='ltr'>per</span> <span class='ocrx_word' id='word_1_194' title='bbox 1196 1651 1521 1694; x_wconf 89' lang='lat' dir='ltr'>misericordiam</span> <span class='ocrx_word' id='word_1_195' title='bbox 1541 1651 1624 1694; x_wconf 88' lang='lat' dir='ltr'>fal-</span> 
     </span>
     <span class='ocr_line' id='line_1_23' title="bbox 119 1720 1625 1774; baseline -0.001 -11"><span class='ocrx_word' id='word_1_196' title='bbox 119 1734 208 1763; x_wconf 89' lang='lat' dir='ltr'>sam</span> <span class='ocrx_word' id='word_1_197' title='bbox 224 1721 396 1763; x_wconf 90' lang='lat' dir='ltr'>uulnera</span> <span class='ocrx_word' id='word_1_198' title='bbox 413 1721 622 1763; x_wconf 90' lang='lat' dir='ltr'>ueteribus</span> <span class='ocrx_word' id='word_1_199' title='bbox 643 1720 982 1774; x_wconf 84' lang='lat' dir='ltr'>transgressionis</span> <span class='ocrx_word' id='word_1_200' title='bbox 1003 1720 1244 1762; x_wconf 89' lang='lat' dir='ltr'>uulneribus</span> <span class='ocrx_word' id='word_1_201' title='bbox 1266 1720 1555 1774; x_wconf 84' lang='lat' dir='ltr'>inprimantur,</span> <span class='ocrx_word' id='word_1_202' title='bbox 1576 1722 1625 1761; x_wconf 92' lang='lat' dir='ltr'>ut</span> 
     </span>
     <span class='ocr_line' id='line_1_24' title="bbox 118 1790 1624 1844; baseline 0 -13"><span class='ocrx_word' id='word_1_203' title='bbox 118 1790 280 1832; x_wconf 90' lang='lat' dir='ltr'>miseris</span> <span class='ocrx_word' id='word_1_204' title='bbox 295 1791 347 1832; x_wconf 90' lang='lat' dir='ltr'>ad</span> <span class='ocrx_word' id='word_1_205' title='bbox 365 1790 619 1832; x_wconf 90' lang='lat' dir='ltr'>euersionem</span> <span class='ocrx_word' id='word_1_206' title='bbox 640 1790 837 1831; x_wconf 90' lang='lat' dir='ltr'>maiorem</span> <span class='ocrx_word' id='word_1_207' title='bbox 859 1790 1059 1843; x_wconf 88' lang='lat' dir='ltr'>eripiatur</span> <span class='ocrx_word' id='word_1_208' title='bbox 1076 1791 1117 1831; x_wconf 92' lang='lat' dir='ltr'>et</span> <span class='ocrx_word' id='word_1_209' title='bbox 1133 1790 1400 1844; x_wconf 88' lang='lat' dir='ltr'>paenitentia.</span> <span class='ocrx_word' id='word_1_210' title='bbox 1424 1790 1494 1831; x_wconf 92' lang='lat' dir='ltr'>ubi</span> <span class='ocrx_word' id='word_1_211' title='bbox 1515 1790 1624 1832; x_wconf 90' lang='lat' dir='ltr'>enim</span> 
     </span>
     <span class='ocr_line' id='line_1_25' title="bbox 118 1858 1624 1913; baseline 0.001 -14"><span class='ocrx_word' id='word_1_212' title='bbox 118 1858 270 1912; x_wconf 89' lang='lat' dir='ltr'>poterit</span> <span class='ocrx_word' id='word_1_213' title='bbox 302 1859 585 1913; x_wconf 87' lang='lat' dir='ltr'>indulgentiae</span> <span class='ocrx_word' id='word_1_214' title='bbox 615 1859 820 1900; x_wconf 90' lang='lat' dir='ltr'>medicina</span> <span class='ocrx_word' id='word_1_215' title='bbox 849 1858 1078 1913; x_wconf 88' lang='lat' dir='ltr'>procedere,</span> <span class='ocrx_word' id='word_1_216' title='bbox 1114 1859 1147 1900; x_wconf 91' lang='lat' dir='ltr'>si</span> <span class='ocrx_word' id='word_1_217' title='bbox 1169 1859 1296 1901; x_wconf 90' lang='lat' dir='ltr'>etiam</span> <span class='ocrx_word' id='word_1_218' title='bbox 1325 1859 1411 1912; x_wconf 91' lang='lat' dir='ltr'>ipse</span> <span class='ocrx_word' id='word_1_219' title='bbox 1440 1859 1624 1901; x_wconf 89' lang='lat' dir='ltr'>medicus</span> 
     </span>
     <span class='ocr_line' id='line_1_26' title="bbox 115 1927 1625 1982; baseline 0.001 -14"><span class='ocrx_word' id='word_1_220' title='bbox 115 1927 344 1980; x_wconf 87' lang='lat' dir='ltr'>intercepta</span> <span class='ocrx_word' id='word_1_221' title='bbox 372 1927 623 1981; x_wconf 88' lang='lat' dir='ltr'>paenitentia</span> <span class='ocrx_word' id='word_1_222' title='bbox 651 1928 841 1982; x_wconf 88' lang='lat' dir='ltr'>indulget</span> <span class='ocrx_word' id='word_1_223' title='bbox 870 1927 1076 1981; x_wconf 90' lang='lat' dir='ltr'>periculis,</span> <span class='ocrx_word' id='word_1_224' title='bbox 1108 1928 1142 1968; x_wconf 93' lang='lat' dir='ltr'>si</span> <span class='ocrx_word' id='word_1_225' title='bbox 1174 1928 1462 1970; x_wconf 88' lang='lat' dir='ltr'>tantummodo</span> <span class='ocrx_word' id='word_1_226' title='bbox 1491 1929 1625 1982; x_wconf 91' lang='lat' dir='ltr'>operit</span> 
     </span>
    </p>
   </div>
   <div class='ocr_carea' id='block_1_6' title="bbox 0 1983 1625 2050">
    <p class='ocr_par' dir='ltr' id='par_1_6' title="bbox 0 1983 1625 2050">
     <span class='ocr_line' id='line_1_27' title="bbox 0 1983 1625 2050; baseline 0 -12"><span class='ocrx_word' id='word_1_227' title='bbox 0 1983 1 2001; x_wconf 23' lang='grc' dir='ltr'>ἶ</span> <span class='ocrx_word' id='word_1_228' title='bbox 68 2007 100 2032; x_wconf 81' lang='lat'>2⁵</span> <span class='ocrx_word' id='word_1_229' title='bbox 117 1997 268 2038; x_wconf 90' lang='lat' dir='ltr'>uulnus</span> <span class='ocrx_word' id='word_1_230' title='bbox 302 2008 375 2038; x_wconf 90' lang='lat' dir='ltr'>nec</span> <span class='ocrx_word' id='word_1_231' title='bbox 403 1997 504 2038; x_wconf 90' lang='lat' dir='ltr'>sinit</span> <span class='ocrx_word' id='word_1_232' title='bbox 533 1997 759 2039; x_wconf 87' lang='lat' dir='ltr'>necessaria</span> <span class='ocrx_word' id='word_1_233' title='bbox 789 1996 987 2050; x_wconf 88' lang='lat' dir='ltr'>temporis</span> <span class='ocrx_word' id='word_1_234' title='bbox 1018 1996 1199 2038; x_wconf 87' lang='lat' dir='ltr'>remedia</span> <span class='ocrx_word' id='word_1_235' title='bbox 1230 1996 1428 2039; x_wconf 86' lang='lat' dir='ltr'>obducere</span> <span class='ocrx_word' id='word_1_236' title='bbox 1461 1997 1625 2039; x_wconf 88' lang='lat' dir='ltr'>cicatri-</span> 
     </span>
    </p>
   </div>
   <div class='ocr_carea' id='block_1_7' title="bbox 117 2065 1621 2117">
    <p class='ocr_par' dir='ltr' id='par_1_7' title="bbox 117 2065 1621 2117">
     <span class='ocr_line' id='line_1_28' title="bbox 117 2065 1621 2117; baseline 0.001 -10"><span class='ocrx_word' id='word_1_237' title='bbox 117 2068 235 2108; x_wconf 80' lang='lat' dir='ltr'>cem?</span> <span class='ocrx_word' id='word_1_238' title='bbox 265 2066 339 2108; x_wconf 90' lang='lat' dir='ltr'>hoc</span> <span class='ocrx_word' id='word_1_239' title='bbox 369 2078 447 2108; x_wconf 92' lang='lat' dir='ltr'>non</span> <span class='ocrx_word' id='word_1_240' title='bbox 477 2066 540 2108; x_wconf 91' lang='lat' dir='ltr'>est</span> <span class='ocrx_word' id='word_1_241' title='bbox 557 2078 712 2117; x_wconf 89' lang='lat' dir='ltr'>curare,</span> <span class='ocrx_word' id='word_1_242' title='bbox 745 2066 815 2108; x_wconf 89' lang='lat' dir='ltr'>sed</span> <span class='ocrx_word' id='word_1_243' title='bbox 838 2065 873 2106; x_wconf 92' lang='lat' dir='ltr'>si</span> <span class='ocrx_word' id='word_1_244' title='bbox 895 2065 1027 2107; x_wconf 90' lang='lat' dir='ltr'>dicere</span> <span class='ocrx_word' id='word_1_245' title='bbox 1049 2077 1193 2107; x_wconf 88' lang='lat' dir='ltr'>uerum</span> <span class='ocrx_word' id='word_1_246' title='bbox 1215 2066 1406 2107; x_wconf 91' lang='lat' dir='ltr'>uolumus</span> <span class='ocrx_word' id='word_1_247' title='bbox 1428 2066 1621 2108; x_wconf 88' lang='lat' dir='ltr'>occidere.</span> 
     </span>
    </p>
   </div>
   <div class='ocr_carea' id='block_1_8' title="bbox 114 2190 1623 2351">
    <p class='ocr_par' dir='ltr' id='par_1_8' title="bbox 114 2190 1623 2351">
     <span class='ocr_line' id='line_1_29' title="bbox 186 2190 1623 2237; baseline -0.001 -10"><span class='ocrx_word' id='word_1_248' title='bbox 186 2193 204 2226; x_wconf 89' lang='lat'>1</span> <span class='ocrx_word' id='word_1_249' title='bbox 223 2191 315 2237; x_wconf 88' lang='lat' dir='ltr'>quod</span> <span class='ocrx_word' id='word_1_250' title='bbox 332 2191 374 2226; x_wconf 88' lang='grc' dir='ltr'><em>Η</em></span> <span class='ocrx_word' id='word_1_251' title='bbox 487 2201 555 2236; x_wconf 89' lang='lat' dir='ltr'>quo</span> <span class='ocrx_word' id='word_1_252' title='bbox 575 2217 582 2224; x_wconf 92' lang='lat'><strong><em>.</em></strong></span> <span class='ocrx_word' id='word_1_253' title='bbox 597 2218 604 2225; x_wconf 94' lang='lat'>.</span> <span class='ocrx_word' id='word_1_254' title='bbox 621 2217 630 2225; x_wconf 86' lang='grc'><strong>.</strong></span> <span class='ocrx_word' id='word_1_255' title='bbox 649 2191 670 2226; x_wconf 88' lang='lat' dir='ltr'>l.</span> <span class='ocrx_word' id='word_1_256' title='bbox 689 2193 711 2226; x_wconf 91' lang='lat'><em>3</em></span> <span class='ocrx_word' id='word_1_257' title='bbox 728 2191 932 2225; x_wconf 83' lang='lat' dir='ltr'>tenerentur</span> <span class='ocrx_word' id='word_1_258' title='bbox 947 2201 1012 2225; x_wconf 85' lang='lat' dir='ltr'>om.</span> <span class='ocrx_word' id='word_1_259' title='bbox 1033 2192 1071 2224; x_wconf 89' lang='lat' dir='ltr'><em>H</em></span> <span class='ocrx_word' id='word_1_260' title='bbox 1194 2191 1216 2225; x_wconf 95' lang='grc'><strong>2</strong></span> <span class='ocrx_word' id='word_1_261' title='bbox 1234 2190 1344 2224; x_wconf 82' lang='lat' dir='ltr'>sarias</span> <span class='ocrx_word' id='word_1_262' title='bbox 1362 2201 1443 2225; x_wconf 88' lang='lat' dir='ltr'>aras</span> <span class='ocrx_word' id='word_1_263' title='bbox 1460 2191 1623 2226; x_wconf 88' lang='lat' dir='ltr'>arcessis-</span> 
     </span>
     <span class='ocr_line' id='line_1_30' title="bbox 115 2247 1623 2293; baseline -0.001 -8"><span class='ocrx_word' id='word_1_264' title='bbox 115 2252 193 2285; x_wconf 86' lang='lat' dir='ltr'>sent</span> <span class='ocrx_word' id='word_1_265' title='bbox 215 2250 248 2284; x_wconf 87' lang='lat' dir='ltr'><em>T</em></span> <span class='ocrx_word' id='word_1_266' title='bbox 336 2249 358 2283; x_wconf 89' lang='lat'><strong>3</strong></span> <span class='ocrx_word' id='word_1_267' title='bbox 374 2250 518 2293; x_wconf 88' lang='lat' dir='ltr'>accepta</span> <span class='ocrx_word' id='word_1_268' title='bbox 535 2248 656 2292; x_wconf 87' lang='lat' dir='ltr'>BFT,</span> <span class='ocrx_word' id='word_1_269' title='bbox 681 2250 761 2283; x_wconf 87' lang='lat' dir='ltr'>acta</span> <span class='ocrx_word' id='word_1_270' title='bbox 779 2247 916 2283; x_wconf 85' lang='lat' dir='ltr'><strong><em>HLNv</em></strong></span> <span class='ocrx_word' id='word_1_271' title='bbox 1007 2248 1029 2282; x_wconf 86' lang='lat'>4</span> <span class='ocrx_word' id='word_1_272' title='bbox 1046 2248 1183 2293; x_wconf 86' lang='lat' dir='ltr'>fierent]</span> <span class='ocrx_word' id='word_1_273' title='bbox 1203 2248 1338 2283; x_wconf 83' lang='lat' dir='ltr'>fuerint</span> <span class='ocrx_word' id='word_1_274' title='bbox 1355 2248 1392 2283; x_wconf 99' lang='grc' dir='ltr'><strong><em>Β</em></strong></span> <span class='ocrx_word' id='word_1_275' title='bbox 1484 2248 1506 2283; x_wconf 85' lang='grc'>5</span> <span class='ocrx_word' id='word_1_276' title='bbox 1524 2259 1623 2284; x_wconf 88' lang='lat' dir='ltr'>man-</span> 
     </span>
     <span class='ocr_line' id='line_1_31' title="bbox 114 2305 1621 2351; baseline -0.001 -9"><span class='ocrx_word' id='word_1_277' title='bbox 114 2307 200 2342; x_wconf 80' lang='lat' dir='ltr'>data</span> <span class='ocrx_word' id='word_1_278' title='bbox 216 2307 252 2341; x_wconf 93' lang='grc' dir='ltr'><strong><em>Β</em></strong></span> <span class='ocrx_word' id='word_1_279' title='bbox 358 2306 379 2339; x_wconf 88' lang='grc'><strong>6</strong></span> <span class='ocrx_word' id='word_1_280' title='bbox 397 2306 440 2341; x_wconf 90' lang='lat' dir='ltr'>ab</span> <span class='ocrx_word' id='word_1_281' title='bbox 459 2306 586 2340; x_wconf 87' lang='lat' dir='ltr'>scelere</span> <span class='ocrx_word' id='word_1_282' title='bbox 605 2305 641 2339; x_wconf 92' lang='grc' dir='ltr'><strong><em>Β</em></strong></span> <span class='ocrx_word' id='word_1_283' title='bbox 734 2305 925 2349; x_wconf 82' lang='lat' dir='ltr'>imperauit</span> <span class='ocrx_word' id='word_1_284' title='bbox 941 2315 962 2339; x_wconf 83' lang='lat' dir='ltr'><strong><em>v</em></strong></span> <span class='ocrx_word' id='word_1_285' title='bbox 1067 2305 1086 2339; x_wconf 82' lang='lat'>7</span> <span class='ocrx_word' id='word_1_286' title='bbox 1104 2306 1185 2350; x_wconf 84' lang='lat' dir='ltr'>non]</span> <span class='ocrx_word' id='word_1_287' title='bbox 1204 2316 1273 2340; x_wconf 92' lang='lat' dir='ltr'>non</span> <span class='ocrx_word' id='word_1_288' title='bbox 1291 2316 1312 2340; x_wconf 89' lang='lat' dir='ltr'>a</span> <span class='ocrx_word' id='word_1_289' title='bbox 1330 2317 1366 2340; x_wconf 89' lang='lat' dir='ltr'>se</span> <span class='ocrx_word' id='word_1_290' title='bbox 1382 2317 1403 2341; x_wconf 89' lang='lat' dir='ltr'><em>v</em></span> <span class='ocrx_word' id='word_1_291' title='bbox 1507 2307 1529 2341; x_wconf 87' lang='lat'>9</span> <span class='ocrx_word' id='word_1_292' title='bbox 1546 2306 1621 2351; x_wconf 90' lang='lat' dir='ltr'>qui]</span> 
     </span>
    </p>
   </div>
   <div class='ocr_carea' id='block_1_9' title="bbox 113 2363 1621 2524">
    <p class='ocr_par' dir='ltr' id='par_1_9' title="bbox 113 2363 1621 2524">
     <span class='ocr_line' id='line_1_32' title="bbox 114 2363 1621 2409; baseline 0 -11"><span class='ocrx_word' id='word_1_293' title='bbox 114 2364 198 2409; x_wconf 87' lang='lat' dir='ltr'>quia</span> <span class='ocrx_word' id='word_1_294' title='bbox 215 2364 251 2398; x_wconf 94' lang='grc' dir='ltr'><strong><em>Β</em></strong></span> <span class='ocrx_word' id='word_1_295' title='bbox 355 2363 577 2399; x_wconf 83' lang='lat' dir='ltr'>excusatione</span> <span class='ocrx_word' id='word_1_296' title='bbox 594 2363 704 2407; x_wconf 78' lang='lat' dir='ltr'>FNv,</span> <span class='ocrx_word' id='word_1_297' title='bbox 723 2363 964 2398; x_wconf 80' lang='lat' dir='ltr'>excusationes</span> <span class='ocrx_word' id='word_1_298' title='bbox 983 2363 1019 2397; x_wconf 91' lang='grc' dir='ltr'><strong><em>Β</em></strong></span> <span class='ocrx_word' id='word_1_299' title='bbox 1124 2363 1168 2397; x_wconf 89' lang='grc'>10</span> <span class='ocrx_word' id='word_1_300' title='bbox 1185 2363 1247 2407; x_wconf 92' lang='lat' dir='ltr'>qui</span> <span class='ocrx_word' id='word_1_301' title='bbox 1264 2373 1328 2398; x_wconf 85' lang='lat' dir='ltr'>om.</span> <span class='ocrx_word' id='word_1_302' title='bbox 1349 2363 1385 2398; x_wconf 93' lang='grc' dir='ltr'><strong><em>Β</em></strong></span> <span class='ocrx_word' id='word_1_303' title='bbox 1476 2375 1621 2409; x_wconf 87' lang='lat' dir='ltr'>praepo-</span> 
     </span>
     <span class='ocr_line' id='line_1_33' title="bbox 113 2420 1582 2467; baseline 0.001 -12"><span class='ocrx_word' id='word_1_304' title='bbox 113 2421 194 2456; x_wconf 82' lang='lat' dir='ltr'>sitis</span> <span class='ocrx_word' id='word_1_305' title='bbox 212 2422 286 2457; x_wconf 89' lang='lat' dir='ltr'>BT</span> <span class='ocrx_word' id='word_1_306' title='bbox 376 2422 416 2456; x_wconf 91' lang='lat'>11</span> <span class='ocrx_word' id='word_1_307' title='bbox 436 2421 493 2456; x_wconf 85' lang='lat' dir='ltr'>uel</span> <span class='ocrx_word' id='word_1_308' title='bbox 509 2421 662 2467; x_wconf 89' lang='lat' dir='ltr'>legibus]</span> <span class='ocrx_word' id='word_1_309' title='bbox 680 2421 819 2466; x_wconf 88' lang='lat' dir='ltr'>legibus</span> <span class='ocrx_word' id='word_1_310' title='bbox 836 2421 882 2455; x_wconf 88' lang='lat' dir='ltr'><em>H</em></span> <span class='ocrx_word' id='word_1_311' title='bbox 968 2422 1012 2456; x_wconf 83' lang='lat'>12</span> <span class='ocrx_word' id='word_1_312' title='bbox 1029 2420 1122 2465; x_wconf 85' lang='lat' dir='ltr'>quod</span> <span class='ocrx_word' id='word_1_313' title='bbox 1140 2421 1271 2456; x_wconf 90' lang='lat' dir='ltr'>BLTv</span> <span class='ocrx_word' id='word_1_314' title='bbox 1363 2432 1399 2456; x_wconf 91' lang='lat' dir='ltr'>sc</span> <span class='ocrx_word' id='word_1_315' title='bbox 1417 2432 1481 2456; x_wconf 85' lang='lat' dir='ltr'>om.</span> <span class='ocrx_word' id='word_1_316' title='bbox 1502 2422 1582 2456; x_wconf 88' lang='grc' dir='ltr'>ΒΗ</span> 
     </span>
     <span class='ocr_line' id='line_1_34' title="bbox 114 2478 1577 2524; baseline -0.001 -10"><span class='ocrx_word' id='word_1_317' title='bbox 114 2480 156 2514; x_wconf 89' lang='grc'>13</span> <span class='ocrx_word' id='word_1_318' title='bbox 173 2479 233 2524; x_wconf 89' lang='lat' dir='ltr'>qui</span> <span class='ocrx_word' id='word_1_319' title='bbox 251 2490 316 2514; x_wconf 85' lang='lat' dir='ltr'>om.</span> <span class='ocrx_word' id='word_1_320' title='bbox 332 2479 368 2514; x_wconf 89' lang='grc' dir='ltr'><strong><em>Β</em></strong></span> <span class='ocrx_word' id='word_1_321' title='bbox 461 2478 504 2513; x_wconf 83' lang='grc'>14</span> <span class='ocrx_word' id='word_1_322' title='bbox 519 2479 679 2524; x_wconf 91' lang='lat' dir='ltr'>pollutus</span> <span class='ocrx_word' id='word_1_323' title='bbox 692 2479 735 2513; x_wconf 86' lang='grc' dir='ltr'><strong>Η</strong></span> <span class='ocrx_word' id='word_1_324' title='bbox 739 2481 758 2520; x_wconf 89' lang='lat'>¹,</span> <span class='ocrx_word' id='word_1_325' title='bbox 778 2479 929 2524; x_wconf 88' lang='lat' dir='ltr'>pullutis</span> <span class='ocrx_word' id='word_1_326' title='bbox 951 2479 984 2513; x_wconf 82' lang='lat' dir='ltr'><em>T</em></span> <span class='ocrx_word' id='word_1_327' title='bbox 1072 2479 1207 2524; x_wconf 90' lang='lat' dir='ltr'>propiis</span> <span class='ocrx_word' id='word_1_328' title='bbox 1227 2479 1260 2514; x_wconf 92' lang='lat' dir='ltr'><em>T</em></span> <span class='ocrx_word' id='word_1_329' title='bbox 1350 2479 1393 2513; x_wconf 89' lang='lat'>15</span> <span class='ocrx_word' id='word_1_330' title='bbox 1410 2479 1525 2523; x_wconf 87' lang='lat' dir='ltr'>pollut</span> <span class='ocrx_word' id='word_1_331' title='bbox 1542 2479 1577 2513; x_wconf 89' lang='lat' dir='ltr'><strong><em>L</em></strong></span> 
     </span>
    </p>
   </div>
   <div class='ocr_carea' id='block_1_10' title="bbox 111 2527 1620 2696">
    <p class='ocr_par' dir='ltr' id='par_1_10' title="bbox 111 2527 1620 2696">
     <span class='ocr_line' id='line_1_35' title="bbox 111 2527 1620 2582; baseline -0.001 -11"><span class='ocrx_word' id='word_1_332' title='bbox 111 2547 316 2571; x_wconf 85' lang='lat' dir='ltr'>consensum</span> <span class='ocrx_word' id='word_1_333' title='bbox 342 2527 410 2581; x_wconf 66' lang='lat' dir='ltr'>que</span> <span class='ocrx_word' id='word_1_334' title='bbox 428 2537 463 2571; x_wconf 92' lang='grc' dir='ltr'><strong><em>Β</em></strong></span> <span class='ocrx_word' id='word_1_335' title='bbox 586 2537 630 2571; x_wconf 87' lang='grc'>16</span> <span class='ocrx_word' id='word_1_336' title='bbox 646 2536 806 2582; x_wconf 86' lang='lat' dir='ltr'>profana]</span> <span class='ocrx_word' id='word_1_337' title='bbox 825 2537 912 2580; x_wconf 80' lang='lat' dir='ltr'>fort.</span> <span class='ocrx_word' id='word_1_338' title='bbox 930 2546 1040 2580; x_wconf 87' lang='lat' dir='ltr'>prona</span> <span class='ocrx_word' id='word_1_339' title='bbox 1159 2536 1333 2571; x_wconf 84' lang='lat' dir='ltr'>facultate</span> <span class='ocrx_word' id='word_1_340' title='bbox 1351 2537 1387 2570; x_wconf 92' lang='grc' dir='ltr'><strong><em>Β</em></strong></span> <span class='ocrx_word' id='word_1_341' title='bbox 1511 2536 1552 2570; x_wconf 86' lang='grc'>17</span> <span class='ocrx_word' id='word_1_342' title='bbox 1572 2536 1620 2580; x_wconf 86' lang='lat' dir='ltr'>ct]</span> 
     </span>
     <span class='ocr_line' id='line_1_36' title="bbox 113 2593 1575 2639; baseline 0 -11"><span class='ocrx_word' id='word_1_343' title='bbox 113 2594 145 2628; x_wconf 88' lang='lat' dir='ltr'>ei</span> <span class='ocrx_word' id='word_1_344' title='bbox 164 2594 203 2628; x_wconf 88' lang='lat' dir='ltr'><em>F</em></span> <span class='ocrx_word' id='word_1_345' title='bbox 290 2604 414 2628; x_wconf 88' lang='lat' dir='ltr'>auersa</span> <span class='ocrx_word' id='word_1_346' title='bbox 431 2594 482 2628; x_wconf 84' lang='lat' dir='ltr'>H·</span> <span class='ocrx_word' id='word_1_347' title='bbox 575 2593 786 2629; x_wconf 66' lang='lat' dir='ltr'>dissoluerat</span> <span class='ocrx_word' id='word_1_348' title='bbox 810 2594 842 2627; x_wconf 91' lang='lat' dir='ltr'><em>T</em></span> <span class='ocrx_word' id='word_1_349' title='bbox 934 2594 976 2628; x_wconf 88' lang='grc'>18</span> <span class='ocrx_word' id='word_1_350' title='bbox 993 2595 1206 2639; x_wconf 87' lang='lat' dir='ltr'>cuersorum]</span> <span class='ocrx_word' id='word_1_351' title='bbox 1225 2595 1262 2628; x_wconf 88' lang='lat' dir='ltr'>et</span> <span class='ocrx_word' id='word_1_352' title='bbox 1279 2594 1523 2628; x_wconf 85' lang='lat' dir='ltr'>uniuersorum</span> <span class='ocrx_word' id='word_1_353' title='bbox 1541 2593 1575 2628; x_wconf 89' lang='grc' dir='ltr'><strong><em>Β</em></strong></span> 
     </span>
     <span class='ocr_line' id='line_1_37' title="bbox 114 2651 1620 2696; baseline 0 -11"><span class='ocrx_word' id='word_1_354' title='bbox 114 2652 156 2686; x_wconf 87' lang='grc'>19</span> <span class='ocrx_word' id='word_1_355' title='bbox 174 2651 349 2686; x_wconf 85' lang='lat' dir='ltr'>fratruum</span> <span class='ocrx_word' id='word_1_356' title='bbox 368 2651 403 2686; x_wconf 89' lang='lat' dir='ltr'><strong><em>L</em></strong></span> <span class='ocrx_word' id='word_1_357' title='bbox 534 2653 724 2696; x_wconf 86' lang='lat' dir='ltr'>properant</span> <span class='ocrx_word' id='word_1_358' title='bbox 748 2651 877 2685; x_wconf 87' lang='lat' dir='ltr'>animis</span> <span class='ocrx_word' id='word_1_359' title='bbox 896 2651 931 2686; x_wconf 94' lang='grc' dir='ltr'><strong><em>Β</em></strong></span> <span class='ocrx_word' id='word_1_360' title='bbox 1062 2652 1107 2686; x_wconf 89' lang='grc'><strong>20</strong></span> <span class='ocrx_word' id='word_1_361' title='bbox 1125 2653 1391 2696; x_wconf 84' lang='lat' dir='ltr'>praestarentur</span> <span class='ocrx_word' id='word_1_362' title='bbox 1408 2651 1443 2686; x_wconf 88' lang='lat' dir='ltr'><strong><em>L</em></strong></span> <span class='ocrx_word' id='word_1_363' title='bbox 1571 2651 1620 2696; x_wconf 84' lang='lat' dir='ltr'>et]</span> 
     </span>
    </p>
   </div>
   <div class='ocr_carea' id='block_1_11' title="bbox 112 2708 1618 2924">
    <p class='ocr_par' dir='ltr' id='par_1_11' title="bbox 112 2708 1618 2924">
     <span class='ocr_line' id='line_1_38' title="bbox 114 2708 1618 2755; baseline -0.001 -12"><span class='ocrx_word' id='word_1_364' title='bbox 114 2711 153 2743; x_wconf 89' lang='lat' dir='ltr'>ut</span> <span class='ocrx_word' id='word_1_365' title='bbox 171 2708 207 2743; x_wconf 93' lang='grc' dir='ltr'><strong><em>Β</em></strong></span> <span class='ocrx_word' id='word_1_366' title='bbox 316 2708 406 2743; x_wconf 85' lang='lat' dir='ltr'>falsa</span> <span class='ocrx_word' id='word_1_367' title='bbox 424 2708 459 2742; x_wconf 94' lang='grc' dir='ltr'><strong><em>Β</em></strong></span> <span class='ocrx_word' id='word_1_368' title='bbox 567 2708 610 2743; x_wconf 92' lang='grc'>21</span> <span class='ocrx_word' id='word_1_369' title='bbox 628 2708 971 2755; x_wconf 79' lang='lat' dir='ltr'>transgressionibus</span> <span class='ocrx_word' id='word_1_370' title='bbox 993 2710 1026 2744; x_wconf 87' lang='grc' dir='ltr'><em>Τ</em></span> <span class='ocrx_word' id='word_1_371' title='bbox 1130 2709 1175 2743; x_wconf 88' lang='grc'>22</span> <span class='ocrx_word' id='word_1_372' title='bbox 1191 2708 1387 2743; x_wconf 82' lang='grc' dir='ltr'><strong>110131οῃ011]</strong></span> <span class='ocrx_word' id='word_1_373' title='bbox 1406 2709 1442 2742; x_wconf 92' lang='grc' dir='ltr'><strong><em>Β</em></strong></span> <span class='ocrx_word' id='word_1_374' title='bbox 1550 2708 1618 2742; x_wconf 88' lang='lat' dir='ltr'>eri-</span> 
     </span>
     <span class='ocr_line' id='line_1_39' title="bbox 112 2765 1535 2810; baseline 0 -11"><span class='ocrx_word' id='word_1_375' title='bbox 112 2766 256 2810; x_wconf 86' lang='lat' dir='ltr'>piantur</span> <span class='ocrx_word' id='word_1_376' title='bbox 274 2765 368 2800; x_wconf 86' lang='lat' dir='ltr'>H¹T</span> <span class='ocrx_word' id='word_1_377' title='bbox 481 2765 737 2810; x_wconf 87' lang='lat' dir='ltr'>paenitentiam</span> <span class='ocrx_word' id='word_1_378' title='bbox 756 2766 791 2800; x_wconf 95' lang='grc' dir='ltr'><strong><em>Β</em></strong></span> <span class='ocrx_word' id='word_1_379' title='bbox 914 2765 959 2800; x_wconf 90' lang='grc'>23</span> <span class='ocrx_word' id='word_1_380' title='bbox 976 2765 1235 2810; x_wconf 87' lang='lat' dir='ltr'>indulgentiae]</span> <span class='ocrx_word' id='word_1_381' title='bbox 1254 2765 1474 2809; x_wconf 86' lang='lat' dir='ltr'>penitentiae</span> <span class='ocrx_word' id='word_1_382' title='bbox 1492 2765 1535 2800; x_wconf 91' lang='lat' dir='ltr'><strong><em>N</em></strong></span> 
     </span>
     <span class='ocr_line' id='line_1_40' title="bbox 113 2822 1529 2868; baseline 0.001 -12"><span class='ocrx_word' id='word_1_383' title='bbox 113 2822 310 2867; x_wconf 88' lang='lat' dir='ltr'>procedere]</span> <span class='ocrx_word' id='word_1_384' title='bbox 328 2822 472 2867; x_wconf 83' lang='lat' dir='ltr'>prodere</span> <span class='ocrx_word' id='word_1_385' title='bbox 491 2822 536 2863; x_wconf 89' lang='grc' dir='ltr'><strong><em>Β,</em></strong></span> <span class='ocrx_word' id='word_1_386' title='bbox 555 2823 718 2867; x_wconf 88' lang='lat' dir='ltr'>proficere</span> <span class='ocrx_word' id='word_1_387' title='bbox 737 2834 756 2857; x_wconf 89' lang='lat' dir='ltr'><em>v</em></span> <span class='ocrx_word' id='word_1_388' title='bbox 888 2823 932 2857; x_wconf 87' lang='grc'>24</span> <span class='ocrx_word' id='word_1_389' title='bbox 950 2822 1095 2868; x_wconf 87' lang='lat' dir='ltr'>indulge</span> <span class='ocrx_word' id='word_1_390' title='bbox 1118 2824 1150 2858; x_wconf 88' lang='grc' dir='ltr'><em>Τ</em></span> <span class='ocrx_word' id='word_1_391' title='bbox 1278 2823 1323 2857; x_wconf 85' lang='grc'>25</span> <span class='ocrx_word' id='word_1_392' title='bbox 1341 2822 1462 2857; x_wconf 86' lang='lat' dir='ltr'>uultus</span> <span class='ocrx_word' id='word_1_393' title='bbox 1486 2822 1517 2857; x_wconf 90' lang='grc' dir='ltr'><em>Τ</em></span> <span class='ocrx_word' id='word_1_394' title='bbox 1523 2822 1529 2840; x_wconf 83' lang='grc'><em>“</em></span> 
     </span>
     <span class='ocr_line' id='line_1_41' title="bbox 114 2879 1178 2924; baseline 0.001 -11"><span class='ocrx_word' id='word_1_395' title='bbox 114 2880 213 2924; x_wconf 69' lang='lat' dir='ltr'>sinit]</span> <span class='ocrx_word' id='word_1_396' title='bbox 233 2880 307 2914; x_wconf 82' lang='lat' dir='ltr'>sint</span> <span class='ocrx_word' id='word_1_397' title='bbox 326 2880 365 2913; x_wconf 87' lang='lat' dir='ltr'>II</span> <span class='ocrx_word' id='word_1_398' title='bbox 455 2879 642 2915; x_wconf 85' lang='lat' dir='ltr'>conducere</span> <span class='ocrx_word' id='word_1_399' title='bbox 660 2880 852 2916; x_wconf 87' lang='lat' dir='ltr'><strong><em>BHLNT</em></strong></span> <span class='ocrx_word' id='word_1_400' title='bbox 941 2881 986 2915; x_wconf 85' lang='grc'>26</span> <span class='ocrx_word' id='word_1_401' title='bbox 1007 2881 1124 2915; x_wconf 85' lang='lat' dir='ltr'>uerius</span> <span class='ocrx_word' id='word_1_402' title='bbox 1143 2880 1178 2914; x_wconf 90' lang='grc' dir='ltr'><strong><em>Β</em></strong></span> 
     </span>
    </p>
   </div>
  </div>
 </body>
</html>
