1912 3152
265 191 349 232 360
800 186 995 221 (ρὶιννίΙίἰ
1023 186 1239 230 Cypriani

263 305 336 334 nec
359 292 436 333 coli
459 291 621 332 omnino
643 289 874 343 permittis,
909 292 948 331 et
985 303 1079 331 cum
1116 289 1242 330 ceteri
1278 291 1348 343 qui
1382 302 1462 331 non
1496 292 1660 333 tantum
1682 290 1764 332 ista

264 362 402 413 inepta
439 360 548 401 idola
584 361 624 401 et
660 373 786 401 manu
820 358 1000 400 hominis
1037 358 1147 399 facta
1178 359 1400 401 simulacra
1421 360 1491 401 sed
1514 361 1555 402 et
1575 361 1767 414 portenta

264 430 463 482 quaedam
485 430 525 469 et
548 429 730 470 monstra
751 428 1000 469 uenerantur
1020 426 1099 467 tibi
1121 426 1329 479 placeant,
1353 428 1462 469 solus
1485 428 1674 481 displicet
1691 429 1768 470 Dei

265 498 407 539 cultor.
442 498 604 539 fumant
626 497 776 550 ubique
798 497 841 537 in
862 495 1028 548 templis
1051 496 1200 537 uestris
1222 496 1452 538 hostiarum
1472 497 1595 539 busta
1618 499 1658 538 et
1678 498 1767 552 rogi

265 579 477 620 pecorum,
512 568 552 608 et
582 567 658 608 Dei
690 566 835 607 altaria
866 565 933 606 uel
955 565 1071 606 nulla
1093 566 1189 606 sunt
1211 565 1278 606 uel
1299 565 1470 607 occulta.
1511 566 1704 607 crocodili
1727 568 1768 608 et
1800 580 1814 603 5

267 635 527 690 cynocephali
565 637 604 677 et
639 634 798 687 lapides
835 635 876 675 et
911 634 1117 686 serpentes
1155 633 1365 684 coluntur,
1399 635 1439 676 et
1462 635 1573 676 Deus
1595 635 1704 676 solus
1726 634 1769 676 in

266 706 386 747 terris
417 707 490 747 aut
520 717 598 746 non
630 704 781 746 colitur
802 703 874 744 aut
895 714 974 743 non
996 703 1058 744 est
1078 703 1229 755 inpune
1251 702 1358 756 quod
1380 704 1541 745 colitur.
1573 704 1769 754 innoxios,

265 775 416 826 iustos,
448 775 533 816 Deo
556 785 668 815 caros
691 773 810 813 domo
831 772 995 824 priuaS,
1028 771 1278 824 patrimonio
1301 771 1471 825 spolias,
1506 772 1659 813 catenis
1681 784 1772 826 pre-

266 844 346 886 mis
369 844 544 897 [carcere
565 841 783 894 includis]‚
816 840 981 891 bestiis,
1005 840 1157 895 gladio,
1181 840 1347 894 ignibus
1368 841 1500 893 punis.
1534 853 1607 882 nec
1629 841 1772 882 saltim

267 913 480 954 contentus
503 924 544 953 es
566 911 754 952 dolorum
775 910 1008 952 nostrorum
1031 910 1253 963 conpendio
1276 910 1317 951 et
1348 910 1529 963 simplici
1563 923 1609 952 ac
1641 910 1771 952 ueloci
1786 923 1819 947 10

267 981 473 1023 breuitate
508 993 753 1034 poenarum:
786 978 981 1021 admoues
1016 978 1221 1020 laniandis
1259 979 1493 1032 corporibus
1529 980 1652 1034 longa
1686 980 1773 1021 tor—

267 1052 425 1101 menta,
470 1049 724 1104 multiplicas
762 1048 990 1090 lacerandis
1028 1048 1256 1090 uisceribus
1296 1060 1514 1090 numerosa
1556 1049 1771 1102 supplicia,

265 1133 338 1161 nec
360 1120 501 1161 feritas
520 1119 651 1171 adque
672 1118 911 1159 immanitas
932 1118 1005 1159 tua
1026 1118 1192 1159 usitatis
1213 1118 1350 1171 potest
1371 1119 1560 1160 contenta
1581 1131 1666 1160 esse
1688 1120 1773 1160 tor-

269 1190 438 1231 mentis:
472 1188 677 1243 excogitat
698 1199 823 1229 nouas
845 1200 994 1240 poenas
1017 1187 1228 1242 ingeniosa
1250 1187 1483 1229 crudelitas.

207 1264 254 1304 13
328 1258 440 1310 Quae
461 1259 559 1300 haec
581 1259 642 1299 est
664 1257 912 1299 insatiabilis
936 1257 1192 1298 carnificinae
1214 1257 1362 1307 rabies,
1386 1270 1489 1310 quae
1511 1258 1774 1314 inexplebilis
1792 1273 1824 1297 ιε,

270 1328 399 1369 libido
417 1327 646 1369 saeuitiae?
668 1327 767 1380 quin
787 1327 924 1379 potius
947 1327 1058 1381 elege
1080 1327 1159 1368 tibi
1181 1327 1360 1369 alterum
1383 1327 1431 1368 de
1453 1327 1634 1368 duobus:
1667 1327 1776 1368 chri—

273 1398 453 1439 stianum
475 1409 560 1438 esse
583 1398 655 1438 aut
678 1398 739 1438 est
762 1397 914 1438 crimen
937 1397 1009 1437 aut
1030 1409 1109 1437 non
1132 1398 1207 1438 est.
1240 1397 1274 1437 si
1297 1397 1451 1438 crimen
1474 1398 1556 1446 est,
1579 1396 1678 1449 quid
1699 1408 1778 1437 non

271 1466 466 1508 interficis
489 1467 780 1509 confitentem?
813 1467 847 1507 si
870 1466 1024 1507 crimen
1045 1478 1124 1507 non
1146 1467 1226 1517 est,
1261 1466 1360 1519 quid
1382 1465 1635 1520 persequeris
1659 1466 1775 1506 inno-

273 1536 432 1577 centem
446 1539 465 1577 ‘?
497 1536 678 1589 torqueri
702 1536 811 1576 enim
833 1534 978 1584 debui,
1003 1535 1037 1575 si
1059 1547 1265 1589 negarem.
1299 1535 1333 1576 si
1355 1546 1527 1587 poenam
1550 1536 1667 1575 tuam
1689 1547 1776 1575 me-

272 1606 391 1646 tuens
413 1605 455 1646 id
478 1605 585 1658 quod
606 1605 719 1657 prius
742 1604 900 1645 fueram
923 1606 963 1645 et
986 1604 1094 1657 quod
1116 1604 1210 1645 deos
1228 1607 1319 1645 tuos
1337 1617 1415 1646 non
1434 1604 1642 1645 colueram
1664 1617 1779 1645 men·
1793 1618 1827 1644 20

273 1673 388 1715 dacio
411 1673 578 1715 fallente
601 1674 797 1724 celarem,
822 1675 920 1714 tunc
942 1673 1192 1725 torquendus
1215 1673 1408 1723 fuissem,
1428 1675 1526 1714 tunc
1548 1673 1600 1714 ad
1622 1672 1778 1714 confes-

276 1742 431 1784 sionem
453 1743 638 1784 criminis
661 1755 754 1784 cum
770 1742 814 1784 ui
837 1742 988 1783 doloris
1007 1742 1249 1796 adigendus,
1275 1742 1381 1783 sicut
1403 1742 1445 1782 in
1472 1742 1778 1794 quaestionibus

275 1812 420 1853 ceteris
437 1813 678 1865 torquentur
695 1812 752 1853 rei
772 1811 842 1864 qui
865 1823 906 1852 se
922 1812 1074 1865 negant
1091 1811 1262 1852 crimine
1280 1823 1357 1864 quo
1375 1812 1619 1853 accusantur
1636 1812 1778 1861 teneri,

274 1882 321 1921 ut
342 1881 531 1922 facinoris
552 1881 705 1922 ueritas
723 1893 825 1934 quae
846 1879 981 1922 indice
1003 1892 1101 1922 uoce
1121 1892 1201 1922 non
1222 1880 1424 1933 promitur
1446 1880 1582 1921 dolore
1604 1881 1780 1933 corporis

275 1951 540 2004 exprimatur.
569 1963 675 1992 nunc
696 1962 791 1992 uero
815 1962 908 1991 cum
930 1950 1072 2003 sponte
1094 1949 1286 1991 confitear
1308 1952 1348 1992 et
1371 1950 1546 1992 clamem
1568 1951 1608 1991 et
1630 1951 1780 1993 crebris
1793 1965 1827 1990 25

274 2033 321 2060 ac
361 2020 549 2073 repetitis
585 2019 811 2061 identidem
850 2020 1017 2061 uocibus
1056 2019 1330 2061 christianum
1366 2032 1432 2061 me
1454 2032 1539 2061 esse
1561 2020 1777 2070 contester,

276 2089 374 2141 quid
396 2090 602 2130 tormenta
624 2090 818 2130 admoues
841 2089 1049 2130 confitenti
1072 2089 1112 2130 et
1134 2088 1228 2130 deos
1250 2089 1342 2130 tuos
1373 2100 1452 2130 non
1483 2089 1525 2130 in
1556 2088 1707 2130 abditis
1741 2090 1781 2130 et

278 2159 443 2201 secretis
464 2158 564 2200 locis
587 2159 658 2201 sed
678 2159 836 2212 palam,
870 2159 940 2200 sed
961 2158 1144 2211 publice,
1178 2158 1247 2200 sed
1277 2158 1320 2200 in
1341 2158 1426 2199 foro
1449 2158 1537 2211 ipso
1558 2157 1780 2212 magistra-

346 2286 367 2319 2
393 2284 501 2328 facta]
522 2295 588 2318 non
607 2286 749 2319 tantum
769 2285 864 2318 facta
882 2285 918 2319 R
1026 2285 1047 2318 3
1074 2286 1258 2318 monstrua
1276 2285 1312 2319 R
1430 2287 1643 2318 ucncrcntur
1667 2285 1715 2318 W

278 2343 419 2388 placent
438 2343 487 2377 ΕΙ
567 2342 661 2376 solus
680 2342 750 2376 tibi
771 2354 788 2376 z:
859 2343 881 2376 4
898 2342 1055 2376 fumant.
1073 2369 1079 2375 .
1096 2343 1133 2375 .l.
1154 2345 1175 2376 7
1193 2342 1284 2386 quod
1304 2342 1432 2376 colitur
1450 2354 1513 2376 om.
1533 2342 1561 2376 S
1622 2343 1643 2375 ἶ)
1670 2342 1782 2385 nulla]

278 2411 368 2434 noua
386 2401 422 2435 R
517 2400 700 2434 crocodilli
719 2401 770 2435 W
774 2401 822 2435 ’Β
836 2428 843 2441 ,
872 2399 1071 2434 corcodrilli
1090 2400 1155 2434 W²
1250 2400 1271 2433 6
1297 2399 1484 2444 cyrocefali
1502 2400 1538 2434 R
1647 2411 1666 2433 a
1684 2399 1783 2433 uobis

279 2459 442 2492 coluntur
461 2469 480 2492 v
574 2459 595 2491 8
621 2458 683 2492 deo
702 2469 798 2492 caros
816 2458 880 2492 deo
899 2469 996 2492 caros
1016 2458 1050 2493 R
1145 2459 1165 2492 9
1191 2468 1326 2492 carcere
1344 2457 1497 2491 includis
1516 2468 1579 2492 om.
1602 2457 1647 2501 S,-
1674 2459 1720 2500 cf.
1741 2458 1783 2492 de

279 2517 369 2551 bono
382 2519 460 2560 pat.
477 2527 505 2551 c.
521 2519 584 2550 12:
603 2516 805 2550 subeundus
823 2526 938 2550 carcer
956 2516 1149 2559 portandae
1166 2517 1310 2550 catenae
1382 2516 1403 2549 9
1421 2515 1539 2559 gladio
1554 2515 1681 2549 bestiis
1696 2527 1715 2549 v

281 2574 409 2608 saltem
425 2573 473 2608 δυ
569 2574 611 2607 12
637 2573 849 2617 lacerandis]
869 2573 1050 2607 laniandis
1069 2574 1119 2609 W
1212 2572 1364 2616 suplicia
1383 2573 1418 2607 R
1525 2573 1567 2606 15
1593 2584 1681 2616 quae
1699 2572 1785 2607 haec

280 2642 344 2666 om.
362 2632 397 2666 R
467 2631 695 2666 insaniabilis
715 2631 743 2665 S
750 2634 757 2649 ¹
847 2631 1085 2676 carnificinae]
1105 2642 1146 2664 nc
1166 2631 1201 2665 R
1290 2630 1475 2675 inple-bilis
1494 2631 1530 2665 R
1624 2631 1666 2664 16
1692 2630 1782 2674 elige

281 2690 339 2725 Ro
413 2690 453 2723 17
480 2700 554 2723 csse
572 2700 615 2723 εκ
633 2700 669 2722 es
691 2690 797 2724 Wm.
817 2691 842 2723 2
912 2689 957 2723 20
982 2690 1099 2722 fuerat
1118 2688 1162 2722 S·
1232 2689 1275 2722 21
1302 2688 1464 2731 celarem]
1483 2699 1649 2732 negarem
1668 2689 1716 2722 W

280 2749 323 2782 22
338 2758 413 2782 cum
430 2748 467 2781 ui
479 2747 507 2781 S
514 2749 530 2788 ¹,
547 2747 619 2781 uim
637 2747 681 2788 R,
697 2747 734 2780 ui
749 2746 795 2781 82
806 2747 875 2781 le
954 2747 999 2780 23
1016 2746 1164 2780 cacteris
1180 2746 1450 2790 quaestionibus
1468 2758 1484 2779 e·
1557 2746 1619 2789 rei]
1635 2747 1669 2779 et
1681 2746 1714 2780 1ss

280 2807 464 2839 accusatur
474 2806 523 2840 W
525 2808 534 2823 ¹
610 2805 739 2849 teneri]
758 2804 922 2849 gencriR
1007 2804 1053 2838 24
1070 2806 1109 2837 ut
1127 2814 1193 2837 om.
1205 2803 1235 2837 S
1303 2804 1347 2837 25
1365 2803 1525 2846 clamem}
1543 2802 1666 2836 damen
1683 2803 1716 2837 R

281 2863 323 2897 27
351 2874 418 2896 non
437 2874 500 2897 om.
523 2864 572 2897 W
642 2862 750 2895 aditis
771 2863 834 2896 W*
905 2862 949 2894 ‘2s
976 2862 1071 2895 locus
1096 2861 1141 2895 11³¹
