1838 3152
562 253 620 286 De
645 253 739 287 zelo
764 254 807 286 ct
832 252 978 287 liuore
1004 262 1030 286 c.
1056 252 1157 286 2-5.
1516 253 1597 295 421

100 358 230 400 1111010
261 357 464 410 capiatur,
496 369 546 398 ne
578 356 668 409 quis
691 355 875 398 fallentis
897 356 1055 398 inimici
1078 356 1207 398 caecis
1230 357 1388 410 laqueis
1411 353 1602 409 1111111103-

99 429 186 475 tuS,
218 426 317 467 dum
346 426 431 467 zelo
460 424 589 466 frater
619 424 660 465 in
683 423 823 466 fratris
845 425 938 466 odia
961 425 1215 466 conuertitur
1231 457 1241 476 ,
1272 426 1413 479 gladio
1435 436 1508 466 suo
1529 437 1601 466 ne-

99 495 206 536 scius
234 495 320 547 ipse
351 494 589 548 perimatur.
624 494 730 546 quod
763 495 810 535 ut
845 494 1039 547 colligere
1074 494 1236 547 plenius
1268 496 1309 536 et
1339 494 1602 536 manifestius

100 563 324 619 perspicere
356 564 579 616 possimus,
612 564 663 604 ad
695 563 819 617 caput
850 563 937 604 eius
968 563 1099 616 adque
1121 563 1171 605 ad
1194 563 1396 618 originem
1418 575 1602 604 recurra-

73 645 203 675 smus.
237 633 450 674 uideamus
471 633 577 674 unde
598 633 706 674 zelus
729 634 770 674 et
790 632 950 686 quando
972 634 1013 674 et
1034 631 1235 685 quomodo
1266 631 1455 684 coeperit.
1499 631 1601 672 faci-

99 702 180 744 lius
201 701 310 743 enim
332 714 355 743 a
376 702 493 743 nobis
513 701 670 743 malum
693 703 780 743 tam
801 701 1075 755 perniciosum
1097 701 1321 751 uitabitur,
1355 700 1390 741 31
1413 700 1601 741 01113(10111

99 770 197 813 111311
220 771 260 812 01
281 770 394 825 origo
416 772 457 812 et
478 770 721 825 magnitudo
742 771 947 812 noscatur.

155 839 262 881 Hinc
295 840 483 881 diabolus
519 839 627 881 inter
657 839 779 881 initia
814 839 959 882 statim
996 838 1140 880 mundi
1177 839 1217 880 et
1253 838 1361 892 perit
1382 838 1540 892 primus
1562 837 1640 880 014

99 909 290 963 perdidit.
325 909 397 950 ille
432 908 617 963 angelica
649 909 864 950 maiestate
894 908 1113 958 subnixus,
1151 907 1223 948 ille
1244 908 1330 949 Deo
1351 908 1541 960 acceptus
1563 908 1603 947 et

56 991 89 1017 ιο
100 990 215 1020 031113
236 979 453 1031 postquam
475 977 680 1019 hominem
705 977 756 1018 ad
777 977 1003 1031 imaginem
1023 977 1099 1018 Dei
1122 976 1279 1018 factum
1301 975 1528 1029 conspexit,
1561 976 1603 1016 in

99 1048 228 1089 zelum
261 1047 458 1088 maliuolo
489 1047 618 1088 liuore
649 1047 863 1100 prorupit,
896 1059 974 1088 non
996 1046 1111 1099 prius
1132 1045 1309 1087 alterum
1331 1046 1508 1087 deiciens
1540 1044 1603 1087 in-

99 1117 253 1158 stinctu
291 1116 367 1157 zeli
406 1128 528 1168 quam
568 1116 655 1168 ipse
692 1116 776 1157 zelo
799 1118 894 1157 ante
916 1115 1119 1166 deiectus,
1153 1115 1342 1168 captiuus
1363 1115 1456 1156 ante
1478 1126 1603 1167 quam

99 1185 281 1240 capiens,
313 1185 498 1238 perditus
536 1187 630 1227 ante
665 1199 790 1238 quam
827 1185 1022 1238 perdens,
1062 1185 1162 1226 dum
1198 1184 1441 1226 stimulante
1475 1183 1604 1225 liuore

99 1254 252 1297 homini
276 1254 453 1308 gratiam
476 1254 595 1296 datae
617 1254 949 1296 immortalitatis
973 1254 1117 1306 eripit,
1140 1253 1228 1307 ipse
1250 1265 1408 1306 quoque
1430 1252 1473 1293 id
1496 1252 1604 1305 quod

55 1336 86 1362 1⁵
98 1324 210 1378 prius
231 1323 365 1365 fuerat
386 1323 541 1365 amisit.
592 1323 711 1376 quale
732 1324 890 1365 malum
913 1324 994 1373 est,
1038 1323 1185 1364 fratres
1207 1322 1493 1372 dilectissimi,
1526 1332 1604 1374 quo

98 1392 266 1446 angelus
289 1392 457 1443 cecidit,
490 1404 569 1446 quo
606 1392 896 1434 circumueniri
935 1393 976 1434 et
1012 1392 1199 1434 subuerti
1221 1392 1307 1434 alta
1328 1391 1402 1432 illa
1429 1392 1470 1432 et
1491 1402 1605 1443 prae·

99 1461 207 1504 clara
224 1461 461 1503 sublimitas
482 1462 631 1516 potuit,
654 1473 733 1515 quo
755 1461 950 1515 deceptus
972 1463 1034 1503 est
1055 1462 1142 1515 ipse
1165 1461 1235 1514 qui
1257 1460 1429 1514 decepit.
1462 1459 1604 1501 exinde

98 1530 254 1572 inuidia
285 1532 499 1585 grassatur
528 1531 570 1572 in
602 1531 744 1581 terris,
777 1532 878 1572 dum
909 1531 1039 1573 liuore
1058 1531 1266 1584 periturus
1288 1530 1490 1584 magistro
1512 1541 1604 1581 per-

99 1599 266 1641 ditionis
302 1599 561 1653 obsequitur,
608 1600 707 1641 dum
740 1600 953 1642 diabolum
989 1601 1059 1653 qui
1095 1600 1204 1642 zelat
1237 1600 1449 1649 imitatur,
1496 1598 1605 1640 sicut

56 1668 295 1722 „scriptum
331 1670 413 1710 est:
460 1668 665 1710 inuidia
711 1670 885 1711 autem
933 1669 1132 1710 diaboli
1175 1680 1306 1710 mors
1352 1667 1606 1709 introiuit

98 1737 147 1779 in
190 1737 359 1779 orbem
404 1738 678 1779 terrarum.
742 1737 963 1780 imitantur
1003 1750 1098 1792 ergo
1140 1738 1264 1779 illum
1305 1737 1376 1791 qui
1419 1737 1515 1778 sunt
1557 1748 1606 1776 ex

98 1807 211 1859 parte
233 1806 336 1848 eius.

155 1875 263 1917 Hinc
284 1875 459 1928 denique
480 1888 608 1917 nouae
631 1875 902 1918 fraternitatis
938 1876 1075 1930 prima
1116 1877 1228 1927 odia,
1262 1877 1356 1918 hinc
1387 1874 1607 1929 parricidia
1624 1875 1646 1914 5

99 1943 272 1986 nefanda
309 1947 548 1998 coeperunt,
592 1945 690 1986 dum
712 1945 821 1987 Abel
841 1945 1001 1987 iustum
1023 1945 1124 1987 Cain
1148 1946 1255 1988 zelat
1276 1946 1478 1995 iniustus,
1507 1944 1606 1985 dum

57 2012 248 2054 asbonum
286 2014 420 2055 malus
456 2014 616 2056 inuidia
652 2015 693 2056 et
729 2014 859 2055 liuore
895 2014 1168 2067 persequitur.
1213 2015 1377 2056 tantum
1399 2013 1533 2055 ualuit
1555 2012 1607 2054 ad

102 2083 492 2125 consummationem
528 2083 724 2125 facinoris
760 2083 1049 2124 aemulationis
1083 2082 1221 2134 furor,
1268 2084 1315 2125 ut
1350 2095 1423 2124 nec
1459 2082 1607 2124 caritas

101 2150 239 2193 fratris
274 2165 348 2193 nec
381 2153 544 2194 sceleris
580 2152 822 2194 immanitas
859 2164 931 2193 nec
966 2153 1092 2194 timor
1119 2153 1195 2194 Dei
1224 2165 1297 2195 nec
1317 2165 1444 2206 poena
1465 2152 1605 2195 delicti

235 2277 281 2311 20
305 2278 386 2322 Sap.
404 2278 438 2320 2,
457 2278 510 2311 24.

169 2392 189 2426 1
207 2392 415 2426 fallentibus
426 2391 477 2426 D¹
541 2393 563 2427 2
580 2391 663 2426 (111111
683 2402 718 2426 30
735 2391 770 2426 Β
841 2392 952 2427 frater
971 2393 992 2427 i.
1011 2395 1034 2427 f.
1053 2393 1148 2438 odia]
1167 2394 1306 2428 nescius
1324 2394 1359 2428 in
1378 2394 1488 2428 fratre
1501 2393 1540 2428 D

101 2448 124 2483 3
146 2450 346 2494 percmatur
369 2450 419 2484 W
510 2450 532 2484 4
557 2450 600 2484 ad
619 2450 715 2493 (post
733 2450 829 2495 adq.)
846 2461 910 2484 om.
931 2451 999 2485 Mv
1116 2453 1138 2486 5
1163 2452 1275 2486 zelum
1294 2452 1331 2486 D
1435 2453 1457 2485 8
1483 2452 1607 2485 31311111

102 2515 166 2541 om.
184 2507 223 2542 D
293 2509 330 2541 et
347 2518 412 2542 om.
430 2508 466 2542 B
530 2508 639 2552 periit
657 2508 725 2541 Mv
796 2509 818 2542 9
845 2508 908 2542 1110
926 2509 1059 2543 (111(111111
1080 2520 1159 2554 ang.
1178 2521 1199 2545 υ
1271 2501 1338 2544 dno
1355 2510 1393 2544 1)
1457 2510 1501 2543 10
1518 2509 1553 2543 in
1572 2510 1610 2543 1)

102 2574 128 2599 8.
147 2564 168 2599 l.
185 2575 229 2599 m.
248 2567 273 2599 2
344 2567 387 2599 13
412 2566 487 2610 11130
505 2566 666 2610 perditus
683 2565 730 2599 M
734 2565 746 2583 ²
822 2567 865 2601 14
889 2567 1009 2602 datam
1029 2567 1314 2602 immortalitatis
1332 2567 1487 2611 gratiam
1502 2567 1540 2600 1)

104 2622 231 2667 eripiat
244 2622 299 2656 132
372 2624 414 2657 15
433 2634 500 2667 quo
519 2634 563 2657 ex
581 2624 672 2668 quod
689 2625 791 2660 Wm.
805 2628 829 2661 2
893 2626 936 2659 16
962 2625 1093 2659 circum
1113 2625 1267 2659 inueniri
1282 2625 1346 2659 W¹
1420 2625 1460 2658 17
1480 2634 1547 2668 quo
1565 2635 1609 2658 01

105 2679 194 2723 (111οᾱ
211 2681 313 2715 Mm.
333 2684 356 2715 2
438 2681 570 2725 decipit
592 2682 723 2716 W¹M²
816 2682 940 2717 exinde
958 2693 1002 2716 em
1020 2693 1059 2716 cx
1083 2683 1133 2717 W
1146 2694 1190 2716 m.
1209 2684 1233 2716 2
1327 2683 1370 2716 18
1395 2682 1608 2725 magistrum

104 2735 158 2771 D²
257 2739 302 2772 20
327 2741 442 2772 autem
462 2750 527 2773 om.
546 2739 747 2783 Augur-stin.
767 2740 812 2774 cle
829 2740 926 2783 bapt.
945 2743 1074 2773 contra
1094 2740 1190 2773 Dan.
1214 2739 1280 2782 IV,
1299 2742 1335 2781 8,
1356 2742 1396 2772 11
1483 2738 1608 2772 introi-

105 2793 158 2828 bit
175 2795 222 2829 M
311 2797 352 2830 21
380 2796 462 2830 orbe
481 2796 517 2830 B
610 2797 725 2842 illum]
745 2808 823 2831 011111
850 2797 882 2831 V
973 2797 1018 2831 22
1043 2797 1119 2830 eius
1143 2797 1245 2836 WB,
1272 2796 1371 2829 illius
1388 2795 1482 2836 DV,
1508 2795 1609 2829 illius

107 2851 278 2886 iustorum
299 2856 416 2887 autem
435 2854 574 2887 animae
592 2855 627 2888 in
646 2865 752 2888 manu
770 2854 825 2888 dci
845 2856 929 2888 sunt
947 2854 993 2888 M
1062 2855 1107 2888 23
1132 2853 1213 2887 odia
1232 2853 1345 2897 prima
1364 2854 1410 2887 M
1496 2853 1609 2897 parri·

108 2907 196 2943 cidia
213 2920 255 2943 nc
271 2910 357 2944 add.
376 2922 420 2944 m.
436 2913 458 2944 2
475 2911 513 2944 in
530 2911 577 2945 W
645 2911 689 2945 24
708 2911 841 2945 iniuste
855 2912 903 2945 M
970 2911 1015 2945 25
1033 2911 1146 2944 bonus
1166 2911 1200 2944 Β
1270 2911 1313 2944 ‘27
1332 2910 1455 2945 dilecti
1475 2911 1538 2945 W¹
