1838 3152
601 247 810 292 Epistula
834 247 1227 283 LXIlL-anu,
1574 253 1653 293 717

159 355 199 392 et
221 351 328 404 quod
356 349 470 403 prius
498 349 606 402 apud
637 349 834 403 quosdam
862 349 1024 391 uidetur
1052 352 1232 393 erratum
1264 353 1438 395 Domino
1470 356 1657 396 monente

162 419 377 473 corrigere,
407 419 455 459 ut
485 431 580 459 cum
613 417 656 459 in
686 417 875 459 claritate
907 430 979 459 sua
1006 419 1047 460 et
1076 420 1292 462 maiestate
1322 422 1489 464 caelesti
1519 422 1658 463 uenire

161 486 349 540 coeperit,
373 486 559 528 inueniat
578 498 650 528 nos
670 487 809 528 tenere
829 486 936 539 quod
957 487 1129 540 monuit,
1152 487 1365 530 obseruare
1382 491 1488 542 quod
1506 490 1657 540 docuit,

162 556 291 598 facere
314 554 421 608 quod
443 554 554 596 fecit.
584 556 678 608 opto
702 556 756 604 te,
780 554 909 597 frater
938 555 1161 605 carissime,
1192 569 1348 609 semper
1376 557 1476 600 bene
1509 559 1656 600 ualere.

132 824 146 847 2,
471 782 985 855 EPISTVLA
1033 783 1352 856 LXIIII.

161 930 405 965 CYPRIANV
408 930 431 964 S
444 929 503 964 ΕΤ
515 929 686 966 CETERI
704 929 947 965 COLLEGAE
966 930 1048 972 QVI
1063 930 1117 964 IN
1131 930 1355 966 CONCILIO
1372 930 1629 965 ADFVERVN
1632 931 1661 964 T

557 987 756 1023 NVMERO
772 987 887 1022 LXVI
904 988 1017 1023 FIDO
1037 989 1214 1023 FRATRI
1232 990 1265 1023 S.

221 1127 417 1180 Legimus
447 1126 611 1168 litteras
639 1127 745 1177 tuas,
775 1126 902 1168 frater
923 1127 1148 1177 carissime,
1178 1127 1328 1180 quibus
1350 1126 1591 1180 significasti
1612 1126 1696 1173 del

165 1194 332 1236 Victore
348 1195 553 1247 quondam
568 1195 818 1249 presbyter0‚
837 1196 944 1248 quod
961 1196 1011 1245 ei,
1027 1197 1244 1248 antequam
1262 1195 1559 1249 paenitentiam
1573 1195 1662 1248 ple-

115 1276 261 1305 mnam
297 1263 449 1318 egisset
483 1265 524 1305 et
555 1264 731 1306 Domino
764 1264 849 1306 Deo
885 1264 927 1305 in
965 1276 1085 1317 quem
1121 1264 1349 1316 deliquerat
1384 1263 1662 1316 satisfecisset,

162 1334 317 1374 temere
338 1332 567 1386 Therapius
597 1332 754 1386 collega
783 1333 921 1374 noster
951 1332 1158 1374 inmaturo
1189 1333 1374 1385 tempore
1402 1334 1443 1374 et
1471 1343 1663 1386 praepro-

161 1413 260 1453 pera
281 1400 544 1442 festinatione
564 1413 706 1454 pacem
729 1400 897 1442 dederit.
939 1413 1041 1454 quae
1062 1413 1126 1442 res
1148 1412 1219 1442 nos
1241 1401 1342 1442 satis
1364 1400 1509 1451 mouit,
1531 1413 1664 1442 reces-

165 1481 257 1509 sum
287 1481 373 1510 esse
394 1481 418 1510 a
439 1469 593 1510 decreti
621 1470 751 1511 nostri
780 1469 1038 1519 auctoritate,
1073 1470 1120 1510 ut
1141 1470 1234 1510 ante
1255 1469 1492 1522 legitimum
1515 1470 1556 1510 et
1576 1469 1665 1522 ple-

163 1550 261 1578 num
300 1538 463 1590 tempus
499 1537 792 1579 satisfactionis
823 1540 864 1579 et
893 1538 980 1578 sine
1010 1537 1146 1591 petitu
1176 1538 1217 1578 et
1250 1537 1498 1579 conscientia
1534 1537 1665 1591 plebis

122 1623 154 1647 ιτ»
168 1605 283 1646 nulla
310 1605 552 1647 infirmitate
579 1607 751 1660 urgente
772 1619 819 1647 ac
840 1606 1083 1647 necessitate
1111 1607 1281 1659 cogente
1313 1618 1390 1658 pax
1413 1606 1449 1647 ei
1471 1606 1664 1647 concede-

162 1674 289 1715 retur.
331 1675 401 1715 sed
438 1674 588 1716 librato
625 1675 734 1727 apud
768 1687 840 1717 nos
876 1675 947 1716 diu
984 1674 1155 1716 consilio
1191 1675 1294 1716 satis
1331 1674 1412 1715 fuit
1451 1675 1666 1729 obiurgare

164 1742 414 1794 Therapium
444 1743 646 1797 collegam
676 1745 862 1785 nostrum
891 1744 998 1796 quod
1021 1745 1172 1784 temere
1193 1743 1266 1784 hoc
1289 1742 1430 1784 fecerit
1451 1744 1491 1784 et
1511 1743 1666 1784 instru-

163 1810 269 1851 xisse
290 1823 339 1851 ne
357 1811 455 1863 quid
475 1812 559 1853 tale
577 1811 626 1853 de
643 1814 774 1853 cetero
798 1811 944 1853 faciat:
967 1824 1107 1864 pacem
1130 1813 1268 1852 tamen
1288 1811 1665 1864 quomodocumque

166 1891 190 1920 a
211 1879 419 1921 sacerdote
440 1880 517 1921 Dei
547 1881 673 1922 semel
702 1881 841 1922 datam
872 1892 950 1921 non
979 1880 1220 1933 putauimus
1243 1879 1506 1921 auferendam
1529 1892 1574 1921 ac
1594 1892 1666 1933 per

120 1961 154 1987 20
166 1946 241 1988 hoc
283 1947 441 1989 Victori
487 1948 899 1990 communicationem
948 1948 1027 1989 sibi
1069 1960 1300 1989 concessam
1342 1960 1536 2000 usurpare
1576 1960 1665 2000 per-

167 2027 370 2057 mislmus.

239 2176 260 2209 2
278 2176 450 2221 corripere
470 2177 499 2212 S
635 2188 698 2210 sua
716 2179 751 2210 et
767 2176 956 2210 maiestate
974 2187 1039 2210 om.
1059 2175 1094 2210 R
1233 2176 1269 2207 et
1286 2185 1350 2208 om.
1372 2174 1401 2207 δ’
1532 2174 1668 2218 ιιριιίῐεξΙ

169 2233 302 2267 desinit
326 2233 355 2268 O
515 2235 536 2268 3
554 2244 615 2268 nos
633 2236 751 2268 tenere
769 2244 812 2267 ex
828 2235 990 2267 nosterno
1006 2232 1035 2266 S
1049 2244 1093 2266 m.
1112 2234 1137 2265 2
1294 2230 1430 2275 docuit]
1449 2231 1569 2265 nocuit
1587 2231 1622 2265 R

168 2290 190 2323 4
207 2292 290 2334 opto
310 2318 316 2323 .
333 2317 362 2324 ..
385 2291 502 2325 ualere
528 2302 594 2326 om.
613 2291 651 2326 S.
676 2311 718 2316 -
744 2291 875 2326 Caecili
893 2290 1063 2334 Cypriani
1088 2288 1134 2323 ad
1150 2288 1345 2323 Caecilium
1368 2287 1424 2330 (de
1450 2289 1668 2322 sacramento

169 2347 291 2382 calicis
317 2347 484 2383 dominici
511 2348 596 2383 add.
620 2349 663 2393 Q)
680 2348 825 2393 explicit
843 2348 914 2393 ΒΩ,
941 2348 992 2381 De
1010 2346 1180 2391 (Explicit
1205 2345 1249 2379 ad
1267 2345 1461 2380 Caecilium
1484 2344 1526 2379 dc
1543 2345 1587 2385 P,
1614 2345 1669 2379 Ad

170 2404 364 2439 Caecilium
396 2405 438 2439 de
463 2405 512 2450 R)
542 2407 759 2440 sacramento
792 2404 962 2439 dominici
997 2403 1117 2438 calicis
1147 2405 1226 2447 (om.
1253 2402 1302 2446 R)
1335 2401 1482 2446 explicit
1515 2404 1594 2446 (οηι.
1621 2403 1670 2447 Ρ)

170 2462 286 2496 LPR.
305 2482 348 2487 —

239 2519 351 2564 Epist.
362 2519 514 2554 LXIIII.
525 2520 710 2565 —Incipit
724 2519 767 2554 ad
780 2519 907 2554 Fidum
920 2519 962 2553 de
978 2518 1179 2553 infantibus
1192 2516 1415 2561 baptizandis
1432 2515 1520 2551 CLI
1524 2516 1615 2560 ²013.
1625 2535 1668 2540 —

171 2576 190 2610 7
209 2576 324 2611 salute
342 2576 433 2612 L¹R
570 2578 591 2612 9
609 2577 784 2622 quondam
807 2576 1109 2621 0²LMPQ¹RV‚
1130 2573 1281 2619 quodam
1306 2572 1361 2617 (2²,
1381 2572 1556 2616 quandam
1580 2574 1623 2607 θ’

170 2634 202 2667 ei
221 2645 265 2668 ex
283 2636 318 2667 et
335 2634 383 2668 M
398 2634 445 2676 (ei
470 2634 523 2679 Q),
543 2637 578 2668 et
594 2635 682 2670 PR¹
812 2634 855 2668 10
872 2634 1064 2678 deliquerit
1086 2634 1114 2667 C
1240 2631 1279 2663 11
1301 2631 1431 2663 temere
1449 2640 1514 2662 om.
1538 2628 1624 2663 CRv

170 2691 326 2735 terapios
344 2691 395 2726 L¹
554 2703 702 2737 propera
719 2692 755 2727 R
918 2691 960 2725 14
977 2693 1013 2725 et
1030 2690 1119 2733 sine}
1138 2689 1212 2722 sinc
1236 2687 1299 2721 GR
1462 2686 1503 2719 15
1521 2688 1670 2728 urgente

170 2759 236 2782 07η.
259 2749 324 2784 CR
484 2749 530 2794 ei]
557 2751 593 2783 ct
618 2760 699 2794 exp.
724 2750 754 2785 C
912 2749 954 2783 16
978 2748 1129 2782 liberato
1149 2748 1177 2778 (J
1337 2742 1376 2776 17
1397 2742 1571 2786 tempium
1595 2744 1625 2787 Q

171 2807 207 2839 et
224 2818 288 2840 orm.
314 2807 343 2842 C
519 2806 561 2840 19
579 2817 599 2840 a
617 2806 808 2851 sacerdote]
835 2805 1007 2840 sacerdoti
1027 2805 1061 2838 L
1237 2800 1356 2844 semol}
1383 2799 1474 2843 apud
1492 2810 1571 2843 erp.
1596 2802 1625 2833 (Τ

170 2863 383 2898 offerendam
408 2863 452 2898 C¹
592 2864 644 2908 ac]
666 2864 730 2898 hac
748 2864 836 2908 L¹Q
973 2864 1018 2896 2⁴»
1036 2859 1184 2895 uictoria
1206 2858 1248 2893 C¹
1390 2856 1616 2900 promisimus
1635 2858 1669 2892 L
