1838 3152
187 235 269 276 604
714 234 908 268 Caecilii
942 234 1158 278 Cypriani

529 446 1032 518 EPISTVLA
1082 446 1340 519 XLVI.

182 593 446 627 CYPRIANVs
488 594 676 629 MAXIMO
720 594 774 627 ET
815 593 1109 629 NICOSTRATO
1151 594 1208 627 ET
1251 594 1446 628 CETERIs
1488 595 1684 630 GONFEs-

441 651 443 653 ’
808 651 1002 685 SORIBVs
1030 652 1060 684 S.

146 802 160 841 l
240 801 341 843 Cum
370 802 616 854 frequenter,
650 803 867 852 carissimi,
899 803 1175 857 cognoueritis
1198 816 1244 844 ex
1265 803 1418 845 litteris
1440 804 1542 844 meis
1565 816 1684 856 quem

181 872 221 911 et
238 871 479 912 confessioni
503 872 662 912 uestrae
684 870 877 912 honorem
895 871 935 912 et
951 871 1206 913 fraternitati
1227 884 1397 913 conexae
1419 872 1682 913 dilectionem
1697 888 1711 911 5

181 951 269 980 meo
299 951 482 980 sermone
505 939 770 990 seruauerim,
802 939 976 981 credatis
1000 953 1148 993 quaeso
1171 943 1212 981 et
1233 940 1506 993 adquiescatis
1525 941 1588 982 his
1611 940 1684 981 lit-

181 1008 279 1048 teris
301 1008 415 1057 meis,
450 1008 599 1060 quibus
632 1009 747 1049 uobis
769 1010 809 1049 et
831 1009 941 1050 actui
964 1022 1009 1050 ac
1031 1009 1223 1051 laudibus
1253 1009 1403 1051 uestris
1426 1011 1466 1051 et
1488 1009 1620 1050 scribo
1643 1010 1684 1050 et

181 1076 425 1128 simpliciter
446 1090 491 1118 ac
509 1077 687 1118 fideliter
709 1078 887 1119 consulo.
911 1079 1060 1130 grauat
1082 1078 1191 1119 enirn
1213 1090 1278 1119 me
1299 1078 1431 1131 adque
1454 1078 1682 1129 contristat,

178 1145 452 1186 intolerabilis
484 1146 661 1199 perculsi
682 1147 722 1187 et
744 1159 867 1200 paene
898 1147 1093 1199 prostrati
1124 1148 1299 1199 pectoris
1331 1147 1540 1189 maestitia
1568 1160 1683 1201 prae-

178 1215 361 1268 stringit,
400 1228 492 1256 cum
528 1228 599 1256 uos
637 1215 724 1256 illic
761 1215 1032 1269 conperissem
1068 1216 1206 1257 contra
1239 1216 1325 1257 Dei
1359 1215 1681 1269 dispositionem,
1697 1232 1731 1257 10

179 1285 320 1325 centra
352 1284 633 1337 euangelicam
668 1285 816 1338 legem,
851 1286 992 1326 contra
1024 1285 1300 1326 institutionis
1333 1284 1558 1326 catholicae
1590 1285 1683 1325 uni-

177 1353 309 1394 tatem
346 1353 472 1394 alium
512 1353 746 1406 episcopum
782 1354 869 1394 fieri
906 1355 1165 1405 consensisse,
1204 1354 1245 1394 id
1278 1355 1352 1403 est,
1386 1354 1492 1406 quod
1521 1366 1593 1395 nec
1624 1354 1683 1394 fas

178 1422 239 1462 est
269 1435 341 1463 nec
375 1422 473 1464 licet
506 1422 605 1477 fieri,
643 1423 854 1464 ecclesiam
892 1423 1065 1464 alteram
1096 1422 1274 1473 institui,
1312 1421 1465 1464 Christi
1498 1422 1684 1464 membra

179 1491 366 1544 discerpi,
391 1491 587 1532 dominici
611 1492 748 1546 gregis
771 1492 956 1533 animum
975 1493 1015 1533 et
1032 1504 1176 1546 corpus
1199 1505 1327 1534 unum
1349 1492 1521 1533 discissa
1541 1504 1683 1533 aemu-

176 1560 328 1601 latione
360 1560 542 1602 lacerari.
578 1560 685 1613 quod
718 1572 865 1612 quaeso
888 1562 935 1602 ut
954 1561 996 1602 in
1018 1561 1134 1602 uobis
1166 1561 1315 1603 saltem
1336 1560 1544 1602 inlicitum
1565 1560 1678 1601 istud
1698 1577 1728 1602 15

176 1629 451 1671 fraternitatis
475 1630 635 1670 nostrae
658 1629 879 1671 discidium
900 1642 978 1671 non
1000 1631 1244 1683 perseueret,
1269 1630 1338 1671 sed
1356 1631 1397 1671 et
1414 1628 1679 1671 confessionis

175 1699 335 1740 uestrae
366 1700 406 1739 et
439 1698 604 1740 diuinae
637 1698 873 1740 traditionis
907 1711 1107 1741 memores
1138 1700 1189 1741 ad
1209 1700 1387 1741 matrem
1416 1698 1683 1739 reuertamini

176 1767 282 1809 unde
298 1768 507 1820 prodistis,
534 1767 640 1809 unde
658 1768 708 1808 ad
727 1767 991 1809 confessionis
1014 1769 1190 1823 gloriam
1213 1781 1306 1810 cum
1329 1768 1512 1809 eiusdem
1534 1767 1681 1809 matris

173 1837 427 1879 exultatione
450 1837 634 1878 uenistis.

248 2033 356 2077 Epist.
376 2032 500 2067 XLVI.
522 2053 563 2057 —
583 2033 717 2076 Incipit
746 2034 791 2067 ad
808 2033 1002 2067 Maximum
1034 2037 1069 2067 et
1087 2033 1330 2066 Nicostratum
1361 2031 1416 2072 (de
1436 2032 1573 2065 unitate
1593 2030 1677 2064 add.

174 2090 254 2135 ΡΩ)
285 2090 477 2135 BFLPQ.
509 2111 551 2115 —-
578 2091 600 2124 4
624 2095 707 2134 pos-t
742 2091 828 2125 meis
862 2092 993 2135 repetit
1026 2090 1262 2134 cognoueritis
1295 2090 1329 2123 Β
1463 2090 1484 2123 5
1514 2088 1678 2122 fraterni-

174 2148 260 2181 tatis
278 2149 316 2182 F
417 2148 618 2183 dilectionis
638 2149 674 2182 1⁴¹
780 2149 800 2181 ‘3
820 2160 896 2182 meo
914 2159 1071 2182 sermone
1090 2159 1154 2182 om.
1175 2147 1221 2188 F,
1239 2159 1296 2181 eos
1315 2158 1470 2181 sermone
1490 2148 1524 2181 P
1644 2147 1678 2179 et

173 2216 238 2239 om..
254 2206 292 2239 F
394 2206 412 2239 7
432 2206 532 2240 uobis
552 2206 600 2250 ct]
620 2217 682 2240 uos
700 2209 735 2239 et
752 2206 871 2246 FLP,
889 2217 951 2240 uos
966 2206 1020 2249 B;
1039 2205 1206 2249 religiose
1223 2205 1307 2247 fort.
1404 2204 1469 2238 hac
1490 2203 1527 2248 Q,
1547 2208 1582 2238 et
1599 2205 1634 2238 Β

171 2263 192 2297 8
210 2265 245 2297 et
263 2263 415 2297 fideliter
434 2263 549 2308 FPQ„
576 2275 641 2297 om.
658 2264 692 2297 Β
831 2264 852 2297 9
870 2266 905 2297 et
922 2263 1158 2297 intolerabilis
1176 2263 1232 2296 Lv
1372 2261 1523 2305 perculsi
1547 2272 1611 2295 om..
1632 2261 1676 2302 B,

171 2321 326 2364 percussi
350 2321 383 2354 V
488 2323 522 2354 et
539 2331 648 2364 paene
665 2332 729 2354 um.
750 2322 794 2361 B,
819 2332 926 2365 paene
943 2321 1002 2356 Fv
1119 2320 1264 2353 rostrati
1283 2320 1320 2353 F
1426 2319 1616 2362 peccatoris
1634 2319 1679 2352 M

170 2378 336 2421 (pectoris
361 2378 403 2422 Q)
519 2378 712 2421 maestitia]
732 2378 913 2411 maiestati
938 2378 972 2411 Β
1089 2379 1124 2411 et
1141 2377 1376 2421 praestringit
1395 2378 1437 2418 P,
1464 2376 1676 2421 perstringit

172 2436 221 2469 M
224 2435 271 2479 0²
300 2435 549 2479 (praestringit
570 2435 630 2480 ΩΙ)
772 2435 814 2469 10
831 2437 952 2469 contra
981 2435 1036 2468 dei
1065 2434 1333 2478 dispositionem
1364 2445 1426 2467 om.
1446 2433 1486 2466 F
1620 2433 1676 2467 dei

169 2494 310 2536 scripsi,
343 2493 615 2527 ecclesiasticam
642 2505 671 2533 ¹c,
703 2503 766 2526 om.
796 2493 979 2536 BLPQV
1115 2493 1157 2525 11
1187 2491 1442 2535 institutionis]
1474 2490 1676 2534 dispositio-

170 2551 224 2584 nis
251 2551 286 2584 Β
419 2551 569 2584 unitatis
594 2551 649 2588 M,
680 2551 835 2584 unitates
859 2551 904 2595 ρ’
1040 2551 1080 2584 13
1106 2550 1288 2584 ecclesiam
1315 2550 1463 2583 alteram
1490 2548 1673 2592 LMPQQ

169 2608 318 2642 alteram
348 2608 531 2642 ecclesiam
556 2609 599 2649 Β,
631 2609 668 2642 111
697 2608 881 2642 ecelesiam
911 2608 1063 2641 alterum
1089 2608 1133 2648 F,
1168 2607 1204 2640 in
1230 2607 1410 2641 ecclesiam
1441 2606 1588 2639 alteram
1618 2605 1673 2649 9²,

176 2665 358 2700 ecclesiam
376 2666 485 2699 aliam
505 2678 522 2700 v
640 2665 809 2699 constitui
827 2677 847 2700 r
970 2665 1013 2698 14
1030 2665 1185 2698 animam
1203 2665 1242 2699 F
1354 2664 1505 2697 discessa
1522 2663 1631 2697 FLP

171 2723 213 2756 15
231 2723 335 2767 quod]
354 2734 439 2767 quos
458 2724 492 2757 P
600 2723 694 2758 *obis
718 2723 755 2767 Q,
775 2723 876 2756 nobis
898 2723 979 2756 ΒΜ
1085 2722 1205 2756 saltim
1225 2723 1268 2762 L,
1289 2722 1440 2755 salutem
1463 2721 1507 2765 (2¹
1532 2720 1674 2763 (saltem

175 2779 282 2824 02M)
393 2780 531 2814 licitum
549 2781 585 2814 111
605 2781 713 2814 istum
737 2781 767 2814 Β
877 2780 917 2813 17
938 2780 1158 2814 reuertimini
1182 2781 1227 2823 Q?
1250 2777 1493 2822 (reuertamini
1517 2777 1627 2821 Q¹M)
