<?xml version="1.0" encoding="UTF-8"?>
<!DOCTYPE html PUBLIC "-//W3C//DTD XHTML 1.0 Transitional//EN"
    "http://www.w3.org/TR/xhtml1/DTD/xhtml1-transitional.dtd">
<html xmlns="http://www.w3.org/1999/xhtml" xml:lang="en" lang="en">
 <head>
  <title>
</title>
<meta http-equiv="Content-Type" content="text/html;charset=utf-8" />
  <meta name='ocr-system' content='tesseract 3.04.00' />
  <meta name='ocr-capabilities' content='ocr_page ocr_carea ocr_par ocr_line ocrx_word'/>
</head>
<body>
  <div class='ocr_page' id='page_1' title='image "./corpusscriptor203cypruoft/corpusscriptor203cypruoft_0569.png"; bbox 0 0 1838 3152; ppageno 0'>
   <div class='ocr_carea' id='block_1_1' title="bbox 0 1552 4 2467">
    <p class='ocr_par' dir='ltr' id='par_1_1' title="bbox 0 1552 4 2467">
     <span class='ocr_line' id='line_1_1' title="bbox 0 1552 4 2467; baseline 0 0"><span class='ocrx_word' id='word_1_1' title='bbox 0 1552 4 2467; x_wconf 95' lang='lat' dir='ltr'><strong> </strong></span> 
     </span>
    </p>
   </div>
   <div class='ocr_carea' id='block_1_2' title="bbox 608 242 1639 288">
    <p class='ocr_par' dir='ltr' id='par_1_2' title="bbox 608 242 1639 288">
     <span class='ocr_line' id='line_1_2' title="bbox 608 242 1639 288; baseline 0.006 -12"><span class='ocrx_word' id='word_1_2' title='bbox 608 242 843 287; x_wconf 82' lang='lat' dir='ltr'><strong>Epistulae</strong></span> <span class='ocrx_word' id='word_1_3' title='bbox 877 242 997 276; x_wconf 87' lang='lat' dir='ltr'>XXX.</span> <span class='ocrx_word' id='word_1_4' title='bbox 1023 253 1050 277; x_wconf 87' lang='lat' dir='ltr'><strong>c.</strong></span> <span class='ocrx_word' id='word_1_5' title='bbox 1077 243 1176 277; x_wconf 82' lang='grc'><strong>6-8,</strong></span> <span class='ocrx_word' id='word_1_6' title='bbox 1553 246 1639 288; x_wconf 80' lang='grc'><strong>555</strong></span> 
     </span>
    </p>
   </div>
   <div class='ocr_carea' id='block_1_3' title="bbox 91 344 1682 1908">
    <p class='ocr_par' dir='ltr' id='par_1_3' title="bbox 91 344 1682 1908">
     <span class='ocr_line' id='line_1_3' title="bbox 139 344 1639 400; baseline 0.001 -12"><span class='ocrx_word' id='word_1_7' title='bbox 139 346 338 400; x_wconf 87' lang='lat' dir='ltr'><strong>patientia</strong></span> <span class='ocrx_word' id='word_1_8' title='bbox 364 357 443 387; x_wconf 92' lang='lat' dir='ltr'><strong>non</strong></span> <span class='ocrx_word' id='word_1_9' title='bbox 464 344 608 387; x_wconf 88' lang='lat' dir='ltr'><strong>otiosa.</strong></span> <span class='ocrx_word' id='word_1_10' title='bbox 639 345 812 387; x_wconf 89' lang='lat' dir='ltr'><strong>mittant</strong></span> <span class='ocrx_word' id='word_1_11' title='bbox 832 346 987 400; x_wconf 89' lang='lat' dir='ltr'><strong>legatos</strong></span> <span class='ocrx_word' id='word_1_12' title='bbox 1009 357 1079 398; x_wconf 89' lang='lat' dir='ltr'><strong>pro</strong></span> <span class='ocrx_word' id='word_1_13' title='bbox 1101 345 1185 387; x_wconf 91' lang='lat' dir='ltr'><strong>suis</strong></span> <span class='ocrx_word' id='word_1_14' title='bbox 1207 346 1415 389; x_wconf 90' lang='lat' dir='ltr'><strong>doloribus</strong></span> <span class='ocrx_word' id='word_1_15' title='bbox 1437 348 1639 398; x_wconf 78' lang='lat' dir='ltr'><strong>lacrimas,</strong></span> 
     </span>
     <span class='ocr_line' id='line_1_4' title="bbox 139 413 1641 470; baseline 0.001 -13"><span class='ocrx_word' id='word_1_16' title='bbox 139 414 403 458; x_wconf 89' lang='lat' dir='ltr'><strong>aduocatione</strong></span> <span class='ocrx_word' id='word_1_17' title='bbox 424 413 651 468; x_wconf 86' lang='lat' dir='ltr'><strong>fungantur</strong></span> <span class='ocrx_word' id='word_1_18' title='bbox 671 427 718 456; x_wconf 85' lang='lat' dir='ltr'><strong>ex</strong></span> <span class='ocrx_word' id='word_1_19' title='bbox 740 414 886 456; x_wconf 89' lang='lat' dir='ltr'><strong>intimo</strong></span> <span class='ocrx_word' id='word_1_20' title='bbox 908 414 1068 467; x_wconf 88' lang='lat' dir='ltr'><strong>pectore</strong></span> <span class='ocrx_word' id='word_1_21' title='bbox 1089 414 1239 467; x_wconf 89' lang='lat' dir='ltr'><strong>prolati</strong></span> <span class='ocrx_word' id='word_1_22' title='bbox 1261 416 1440 470; x_wconf 76' lang='lat' dir='ltr'>gemitus</span> <span class='ocrx_word' id='word_1_23' title='bbox 1462 417 1641 459; x_wconf 89' lang='lat' dir='ltr'><strong>dolorem</strong></span> 
     </span>
     <span class='ocr_line' id='line_1_5' title="bbox 139 482 1086 537; baseline -0.001 -12"><span class='ocrx_word' id='word_1_24' title='bbox 139 483 356 537; x_wconf 83' lang='lat' dir='ltr'><strong>probantes</strong></span> <span class='ocrx_word' id='word_1_25' title='bbox 377 482 587 525; x_wconf 83' lang='lat' dir='ltr'><strong>commissi</strong></span> <span class='ocrx_word' id='word_1_26' title='bbox 608 482 793 524; x_wconf 90' lang='lat' dir='ltr'><strong>criminis</strong></span> <span class='ocrx_word' id='word_1_27' title='bbox 815 484 856 524; x_wconf 91' lang='lat' dir='ltr'><strong>et</strong></span> <span class='ocrx_word' id='word_1_28' title='bbox 876 483 1086 536; x_wconf 90' lang='lat' dir='ltr'><strong>pudorem.</strong></span> 
     </span>
     <span class='ocr_line' id='line_1_6' title="bbox 196 550 1678 606; baseline 0.002 -14"><span class='ocrx_word' id='word_1_29' title='bbox 196 552 330 593; x_wconf 91' lang='lat' dir='ltr'><strong>Immo</strong></span> <span class='ocrx_word' id='word_1_30' title='bbox 363 551 398 592; x_wconf 88' lang='lat' dir='ltr'><strong>si</strong></span> <span class='ocrx_word' id='word_1_31' title='bbox 429 550 636 593; x_wconf 80' lang='lat' dir='ltr'><strong>dedecoris</strong></span> <span class='ocrx_word' id='word_1_32' title='bbox 672 552 843 593; x_wconf 82' lang='lat' dir='ltr'><strong>admissi</strong></span> <span class='ocrx_word' id='word_1_33' title='bbox 879 551 1211 606; x_wconf 77' lang='lat' dir='ltr'><strong>magnitudinem</strong></span> <span class='ocrx_word' id='word_1_34' title='bbox 1247 553 1570 604; x_wconf 85' lang='lat' dir='ltr'><strong>perhorrescunt,</strong></span> <span class='ocrx_word' id='word_1_35' title='bbox 1608 553 1643 594; x_wconf 92' lang='lat' dir='ltr'><strong>si</strong></span> <span class='ocrx_word' id='word_1_36' title='bbox 1656 558 1678 599; x_wconf 86' lang='grc'>7</span> 
     </span>
     <span class='ocr_line' id='line_1_7' title="bbox 112 619 1645 674; baseline 0 -11"><span class='ocrx_word' id='word_1_37' title='bbox 112 619 313 673; x_wconf 72' lang='lat' dir='ltr'><strong>spectoris</strong></span> <span class='ocrx_word' id='word_1_38' title='bbox 342 621 384 661; x_wconf 89' lang='lat' dir='ltr'><strong>et</strong></span> <span class='ocrx_word' id='word_1_39' title='bbox 412 619 681 661; x_wconf 90' lang='lat' dir='ltr'><strong>conscientiae</strong></span> <span class='ocrx_word' id='word_1_40' title='bbox 710 632 806 662; x_wconf 89' lang='lat' dir='ltr'><strong>suae</strong></span> <span class='ocrx_word' id='word_1_41' title='bbox 835 619 1002 661; x_wconf 88' lang='lat' dir='ltr'><strong>letalem</strong></span> <span class='ocrx_word' id='word_1_42' title='bbox 1032 619 1198 674; x_wconf 86' lang='lat' dir='ltr'><strong>plagam</strong></span> <span class='ocrx_word' id='word_1_43' title='bbox 1222 621 1263 662; x_wconf 90' lang='lat' dir='ltr'><strong>et</strong></span> <span class='ocrx_word' id='word_1_44' title='bbox 1282 620 1435 662; x_wconf 88' lang='lat' dir='ltr'><strong>sinuosi</strong></span> <span class='ocrx_word' id='word_1_45' title='bbox 1462 621 1645 663; x_wconf 89' lang='lat' dir='ltr'><strong>uulneris</strong></span> 
     </span>
     <span class='ocr_line' id='line_1_8' title="bbox 138 687 1643 744; baseline 0.001 -13"><span class='ocrx_word' id='word_1_46' title='bbox 138 688 244 731; x_wconf 89' lang='lat' dir='ltr'><strong>altos</strong></span> <span class='ocrx_word' id='word_1_47' title='bbox 273 699 454 730; x_wconf 83' lang='lat' dir='ltr'><strong>recessus</strong></span> <span class='ocrx_word' id='word_1_48' title='bbox 483 700 577 729; x_wconf 90' lang='lat' dir='ltr'><strong>uere</strong></span> <span class='ocrx_word' id='word_1_49' title='bbox 606 687 766 730; x_wconf 88' lang='lat' dir='ltr'><strong>medica</strong></span> <span class='ocrx_word' id='word_1_50' title='bbox 791 701 916 730; x_wconf 82' lang='lat' dir='ltr'><strong>manu</strong></span> <span class='ocrx_word' id='word_1_51' title='bbox 938 689 1134 739; x_wconf 87' lang='lat' dir='ltr'><strong>tractant,</strong></span> <span class='ocrx_word' id='word_1_52' title='bbox 1163 688 1401 731; x_wconf 87' lang='lat' dir='ltr'><strong>erubescant</strong></span> <span class='ocrx_word' id='word_1_53' title='bbox 1423 691 1463 731; x_wconf 89' lang='lat' dir='ltr'><strong>et</strong></span> <span class='ocrx_word' id='word_1_54' title='bbox 1485 691 1643 744; x_wconf 87' lang='lat' dir='ltr'><strong>petere:</strong></span> 
     </span>
     <span class='ocr_line' id='line_1_9' title="bbox 138 755 1645 812; baseline 0.001 -14"><span class='ocrx_word' id='word_1_55' title='bbox 138 755 218 798; x_wconf 91' lang='lat' dir='ltr'><strong>nisi</strong></span> <span class='ocrx_word' id='word_1_56' title='bbox 239 755 335 809; x_wconf 87' lang='lat' dir='ltr'><strong>quia</strong></span> <span class='ocrx_word' id='word_1_57' title='bbox 354 755 523 797; x_wconf 88' lang='lat' dir='ltr'><strong>maioris</strong></span> <span class='ocrx_word' id='word_1_58' title='bbox 542 757 604 797; x_wconf 89' lang='lat' dir='ltr'><strong>est</strong></span> <span class='ocrx_word' id='word_1_59' title='bbox 626 768 789 798; x_wconf 88' lang='lat' dir='ltr'><strong>rursum</strong></span> <span class='ocrx_word' id='word_1_60' title='bbox 811 757 853 798; x_wconf 89' lang='lat' dir='ltr'><strong>et</strong></span> <span class='ocrx_word' id='word_1_61' title='bbox 867 756 1040 809; x_wconf 90' lang='lat' dir='ltr'><strong>periculi</strong></span> <span class='ocrx_word' id='word_1_62' title='bbox 1062 758 1103 798; x_wconf 86' lang='lat' dir='ltr'><strong>et</strong></span> <span class='ocrx_word' id='word_1_63' title='bbox 1125 757 1291 810; x_wconf 89' lang='lat' dir='ltr'><strong>pudoris</strong></span> <span class='ocrx_word' id='word_1_64' title='bbox 1312 757 1513 799; x_wconf 87' lang='lat' dir='ltr'><strong>auxilium</strong></span> <span class='ocrx_word' id='word_1_65' title='bbox 1535 759 1645 812; x_wconf 83' lang='lat' dir='ltr'><strong>pacis</strong></span> 
     </span>
     <span class='ocr_line' id='line_1_10' title="bbox 135 824 1644 879; baseline 0.001 -13"><span class='ocrx_word' id='word_1_66' title='bbox 135 836 214 866; x_wconf 92' lang='lat' dir='ltr'><strong>non</strong></span> <span class='ocrx_word' id='word_1_67' title='bbox 241 824 404 877; x_wconf 89' lang='lat' dir='ltr'><strong>petisse.</strong></span> <span class='ocrx_word' id='word_1_68' title='bbox 443 824 513 866; x_wconf 89' lang='lat' dir='ltr'><strong>sed</strong></span> <span class='ocrx_word' id='word_1_69' title='bbox 535 824 610 866; x_wconf 92' lang='lat' dir='ltr'><strong>hoc</strong></span> <span class='ocrx_word' id='word_1_70' title='bbox 631 825 765 866; x_wconf 90' lang='lat' dir='ltr'><strong>totum</strong></span> <span class='ocrx_word' id='word_1_71' title='bbox 788 825 830 866; x_wconf 93' lang='lat' dir='ltr'><strong>in</strong></span> <span class='ocrx_word' id='word_1_72' title='bbox 851 826 1119 876; x_wconf 87' lang='lat' dir='ltr'><strong>sacramento,</strong></span> <span class='ocrx_word' id='word_1_73' title='bbox 1151 825 1222 867; x_wconf 89' lang='lat' dir='ltr'><strong>sed</strong></span> <span class='ocrx_word' id='word_1_74' title='bbox 1243 825 1286 867; x_wconf 94' lang='lat' dir='ltr'><strong>in</strong></span> <span class='ocrx_word' id='word_1_75' title='bbox 1307 825 1438 878; x_wconf 91' lang='lat' dir='ltr'><strong>ipsius</strong></span> <span class='ocrx_word' id='word_1_76' title='bbox 1461 827 1644 879; x_wconf 88' lang='lat' dir='ltr'><strong>postula-</strong></span> 
     </span>
     <span class='ocr_line' id='line_1_11' title="bbox 135 892 1646 948; baseline 0.001 -14"><span class='ocrx_word' id='word_1_77' title='bbox 135 892 260 935; x_wconf 77' lang='lat' dir='ltr'><strong>tionis</strong></span> <span class='ocrx_word' id='word_1_78' title='bbox 277 892 367 948; x_wconf 87' lang='lat' dir='ltr'><strong>lege</strong></span> <span class='ocrx_word' id='word_1_79' title='bbox 380 893 578 946; x_wconf 87' lang='lat' dir='ltr'><strong>temporis</strong></span> <span class='ocrx_word' id='word_1_80' title='bbox 595 892 703 935; x_wconf 86' lang='lat' dir='ltr'><strong>facto</strong></span> <span class='ocrx_word' id='word_1_81' title='bbox 720 894 1056 946; x_wconf 88' lang='lat' dir='ltr'><strong>temperamento,</strong></span> <span class='ocrx_word' id='word_1_82' title='bbox 1075 893 1146 935; x_wconf 89' lang='lat' dir='ltr'><strong>sed</strong></span> <span class='ocrx_word' id='word_1_83' title='bbox 1164 893 1438 948; x_wconf 76' lang='lat' dir='ltr'><strong>postulatione</strong></span> <span class='ocrx_word' id='word_1_84' title='bbox 1456 894 1646 945; x_wconf 87' lang='lat' dir='ltr'><strong>demissa,</strong></span> 
     </span>
     <span class='ocr_line' id='line_1_12' title="bbox 91 961 1647 1016; baseline 0 -12"><span class='ocrx_word' id='word_1_85' title='bbox 91 979 124 1004; x_wconf 82' lang='grc' dir='ltr'><strong>ιο</strong></span> <span class='ocrx_word' id='word_1_86' title='bbox 137 961 207 1003; x_wconf 88' lang='lat' dir='ltr'><strong>sed</strong></span> <span class='ocrx_word' id='word_1_87' title='bbox 238 974 354 1015; x_wconf 84' lang='lat' dir='ltr'><strong>prece</strong></span> <span class='ocrx_word' id='word_1_88' title='bbox 382 961 568 1003; x_wconf 86' lang='lat' dir='ltr'><strong>subdita:</strong></span> <span class='ocrx_word' id='word_1_89' title='bbox 601 961 793 1015; x_wconf 91' lang='lat' dir='ltr'><strong>quoniam</strong></span> <span class='ocrx_word' id='word_1_90' title='bbox 816 963 857 1003; x_wconf 87' lang='lat' dir='ltr'><strong>et</strong></span> <span class='ocrx_word' id='word_1_91' title='bbox 877 962 948 1015; x_wconf 90' lang='lat' dir='ltr'><strong>qui</strong></span> <span class='ocrx_word' id='word_1_92' title='bbox 975 962 1133 1016; x_wconf 89' lang='lat' dir='ltr'><strong>petitur</strong></span> <span class='ocrx_word' id='word_1_93' title='bbox 1161 962 1270 1005; x_wconf 87' lang='lat' dir='ltr'><strong>flecti</strong></span> <span class='ocrx_word' id='word_1_94' title='bbox 1300 962 1435 1013; x_wconf 87' lang='lat' dir='ltr'><strong>debet,</strong></span> <span class='ocrx_word' id='word_1_95' title='bbox 1473 975 1552 1004; x_wconf 93' lang='lat' dir='ltr'><strong>non</strong></span> <span class='ocrx_word' id='word_1_96' title='bbox 1583 962 1647 1004; x_wconf 90' lang='lat' dir='ltr'><strong>in-</strong></span> 
     </span>
     <span class='ocr_line' id='line_1_13' title="bbox 135 1029 1648 1085; baseline 0 -13"><span class='ocrx_word' id='word_1_97' title='bbox 135 1030 266 1081; x_wconf 89' lang='lat' dir='ltr'><strong>citari,</strong></span> <span class='ocrx_word' id='word_1_98' title='bbox 290 1031 331 1072; x_wconf 91' lang='lat' dir='ltr'><strong>et</strong></span> <span class='ocrx_word' id='word_1_99' title='bbox 351 1030 458 1072; x_wconf 89' lang='lat' dir='ltr'><strong>sicut</strong></span> <span class='ocrx_word' id='word_1_100' title='bbox 478 1029 625 1083; x_wconf 81' lang='lat' dir='ltr'><strong>respici</strong></span> <span class='ocrx_word' id='word_1_101' title='bbox 647 1030 768 1072; x_wconf 90' lang='lat' dir='ltr'><strong>debet</strong></span> <span class='ocrx_word' id='word_1_102' title='bbox 788 1030 931 1072; x_wconf 88' lang='lat' dir='ltr'><strong>diuina</strong></span> <span class='ocrx_word' id='word_1_103' title='bbox 952 1031 1184 1081; x_wconf 88' lang='lat' dir='ltr'><strong>clementia,</strong></span> <span class='ocrx_word' id='word_1_104' title='bbox 1215 1031 1273 1073; x_wconf 92' lang='lat' dir='ltr'><strong>sic</strong></span> <span class='ocrx_word' id='word_1_105' title='bbox 1294 1031 1441 1085; x_wconf 88' lang='lat' dir='ltr'><strong>respici</strong></span> <span class='ocrx_word' id='word_1_106' title='bbox 1464 1031 1585 1074; x_wconf 90' lang='lat' dir='ltr'><strong>debet</strong></span> <span class='ocrx_word' id='word_1_107' title='bbox 1606 1033 1648 1073; x_wconf 88' lang='lat' dir='ltr'><strong>et</strong></span> 
     </span>
     <span class='ocr_line' id='line_1_14' title="bbox 135 1098 1646 1152; baseline 0.001 -12"><span class='ocrx_word' id='word_1_108' title='bbox 135 1098 277 1140; x_wconf 89' lang='lat' dir='ltr'><strong>diuina</strong></span> <span class='ocrx_word' id='word_1_109' title='bbox 315 1110 496 1149; x_wconf 85' lang='lat' dir='ltr'><strong>censura,</strong></span> <span class='ocrx_word' id='word_1_110' title='bbox 540 1099 580 1140; x_wconf 88' lang='lat' dir='ltr'><strong>et</strong></span> <span class='ocrx_word' id='word_1_111' title='bbox 616 1099 662 1140; x_wconf 94' lang='lat' dir='ltr'><strong>ut</strong></span> <span class='ocrx_word' id='word_1_112' title='bbox 697 1098 897 1152; x_wconf 88' lang='lat' dir='ltr'><strong>scriptum</strong></span> <span class='ocrx_word' id='word_1_113' title='bbox 934 1100 1014 1141; x_wconf 88' lang='lat' dir='ltr'><strong>est:</strong></span> <span class='ocrx_word' id='word_1_114' title='bbox 1047 1099 1233 1142; x_wconf 90' lang='lat' dir='ltr'><strong>donaui</strong></span> <span class='ocrx_word' id='word_1_115' title='bbox 1263 1099 1362 1141; x_wconf 89' lang='lat' dir='ltr'><strong>tibi</strong></span> <span class='ocrx_word' id='word_1_116' title='bbox 1394 1111 1536 1141; x_wconf 86' lang='lat' dir='ltr'><strong>omne</strong></span> <span class='ocrx_word' id='word_1_117' title='bbox 1566 1100 1646 1142; x_wconf 89' lang='lat' dir='ltr'><strong>de-</strong></span> 
     </span>
     <span class='ocr_line' id='line_1_15' title="bbox 136 1167 1646 1223; baseline 0.001 -14"><span class='ocrx_word' id='word_1_118' title='bbox 136 1167 323 1220; x_wconf 90' lang='lat' dir='ltr'><strong>bitum,</strong></span> <span class='ocrx_word' id='word_1_119' title='bbox 355 1167 474 1221; x_wconf 89' lang='lat' dir='ltr'><strong>quia</strong></span> <span class='ocrx_word' id='word_1_120' title='bbox 504 1180 577 1209; x_wconf 92' lang='lat' dir='ltr'><strong>me</strong></span> <span class='ocrx_word' id='word_1_121' title='bbox 608 1167 829 1222; x_wconf 85' lang='lat' dir='ltr'><strong>rogasti,</strong></span> <span class='ocrx_word' id='word_1_122' title='bbox 862 1168 920 1209; x_wconf 89' lang='lat' dir='ltr'><strong>sic</strong></span> <span class='ocrx_word' id='word_1_123' title='bbox 942 1168 1142 1221; x_wconf 88' lang='lat' dir='ltr'><strong>scriptum</strong></span> <span class='ocrx_word' id='word_1_124' title='bbox 1164 1169 1246 1210; x_wconf 87' lang='lat' dir='ltr'><strong>est:</strong></span> <span class='ocrx_word' id='word_1_125' title='bbox 1278 1168 1362 1222; x_wconf 89' lang='lat' dir='ltr'><strong>qui</strong></span> <span class='ocrx_word' id='word_1_126' title='bbox 1394 1181 1467 1210; x_wconf 90' lang='lat' dir='ltr'><strong>me</strong></span> <span class='ocrx_word' id='word_1_127' title='bbox 1498 1181 1646 1223; x_wconf 90' lang='lat' dir='ltr'><strong>nega-</strong></span> 
     </span>
     <span class='ocr_line' id='line_1_16' title="bbox 135 1235 1645 1291; baseline 0 -13"><span class='ocrx_word' id='word_1_128' title='bbox 135 1236 272 1279; x_wconf 90' lang='lat' dir='ltr'><strong>uerit</strong></span> <span class='ocrx_word' id='word_1_129' title='bbox 311 1248 476 1278; x_wconf 85' lang='lat' dir='ltr'><strong>coram</strong></span> <span class='ocrx_word' id='word_1_130' title='bbox 518 1235 830 1287; x_wconf 75' lang='lat' dir='ltr'><strong>hominibu8‚</strong></span> <span class='ocrx_word' id='word_1_131' title='bbox 879 1236 1072 1291; x_wconf 87' lang='lat' dir='ltr'><strong>negabo</strong></span> <span class='ocrx_word' id='word_1_132' title='bbox 1110 1238 1160 1278; x_wconf 89' lang='lat' dir='ltr'><strong>et</strong></span> <span class='ocrx_word' id='word_1_133' title='bbox 1198 1248 1287 1291; x_wconf 88' lang='lat' dir='ltr'><strong>ego</strong></span> <span class='ocrx_word' id='word_1_134' title='bbox 1329 1249 1438 1278; x_wconf 90' lang='lat' dir='ltr'><strong>eum</strong></span> <span class='ocrx_word' id='word_1_135' title='bbox 1480 1248 1645 1278; x_wconf 90' lang='lat' dir='ltr'><strong>coram</strong></span> 
     </span>
     <span class='ocr_line' id='line_1_17' title="bbox 91 1304 1645 1359; baseline -0.002 -10"><span class='ocrx_word' id='word_1_136' title='bbox 91 1306 281 1358; x_wconf 68' lang='lat' dir='ltr'><strong>15patl‘e</strong></span> <span class='ocrx_word' id='word_1_137' title='bbox 313 1316 418 1347; x_wconf 90' lang='lat' dir='ltr'><strong>meo</strong></span> <span class='ocrx_word' id='word_1_138' title='bbox 450 1306 498 1346; x_wconf 91' lang='lat' dir='ltr'><strong>et</strong></span> <span class='ocrx_word' id='word_1_139' title='bbox 529 1317 695 1347; x_wconf 89' lang='lat' dir='ltr'><strong>coram</strong></span> <span class='ocrx_word' id='word_1_140' title='bbox 727 1305 934 1359; x_wconf 88' lang='lat' dir='ltr'><strong>angelis</strong></span> <span class='ocrx_word' id='word_1_141' title='bbox 966 1305 1086 1347; x_wconf 90' lang='lat' dir='ltr'><strong>eius.</strong></span> <span class='ocrx_word' id='word_1_142' title='bbox 1130 1306 1240 1347; x_wconf 91' lang='lat' dir='ltr'><strong>Deus</strong></span> <span class='ocrx_word' id='word_1_143' title='bbox 1271 1306 1379 1348; x_wconf 93' lang='lat' dir='ltr'><strong>enim</strong></span> <span class='ocrx_word' id='word_1_144' title='bbox 1414 1306 1461 1347; x_wconf 91' lang='lat' dir='ltr'><strong>ut</strong></span> <span class='ocrx_word' id='word_1_145' title='bbox 1489 1306 1551 1347; x_wconf 88' lang='lat' dir='ltr'><strong>est</strong></span> <span class='ocrx_word' id='word_1_146' title='bbox 1583 1304 1645 1346; x_wconf 92' lang='lat' dir='ltr'><strong>in-</strong></span> 
     </span>
     <span class='ocr_line' id='line_1_18' title="bbox 134 1373 1643 1428; baseline -0.001 -13"><span class='ocrx_word' id='word_1_147' title='bbox 134 1373 320 1428; x_wconf 88' lang='lat' dir='ltr'><strong>dulgens,</strong></span> <span class='ocrx_word' id='word_1_148' title='bbox 344 1374 403 1415; x_wconf 87' lang='lat' dir='ltr'><strong>ita</strong></span> <span class='ocrx_word' id='word_1_149' title='bbox 424 1375 486 1416; x_wconf 89' lang='lat' dir='ltr'><strong>est</strong></span> <span class='ocrx_word' id='word_1_150' title='bbox 507 1375 816 1426; x_wconf 87' lang='lat' dir='ltr'><strong>praeceptorum</strong></span> <span class='ocrx_word' id='word_1_151' title='bbox 838 1385 1005 1416; x_wconf 87' lang='lat' dir='ltr'><strong>suorum</strong></span> <span class='ocrx_word' id='word_1_152' title='bbox 1027 1374 1189 1416; x_wconf 84' lang='lat' dir='ltr'><strong>exactor</strong></span> <span class='ocrx_word' id='word_1_153' title='bbox 1205 1375 1246 1415; x_wconf 87' lang='lat' dir='ltr'><strong>et</strong></span> <span class='ocrx_word' id='word_1_154' title='bbox 1262 1374 1429 1428; x_wconf 86' lang='lat' dir='ltr'><strong>quidem</strong></span> <span class='ocrx_word' id='word_1_155' title='bbox 1451 1374 1643 1428; x_wconf 89' lang='lat' dir='ltr'><strong>diligens,</strong></span> 
     </span>
     <span class='ocr_line' id='line_1_19' title="bbox 135 1442 1643 1496; baseline 0 -12"><span class='ocrx_word' id='word_1_156' title='bbox 135 1443 176 1484; x_wconf 90' lang='lat' dir='ltr'><strong>et</strong></span> <span class='ocrx_word' id='word_1_157' title='bbox 195 1442 302 1484; x_wconf 91' lang='lat' dir='ltr'><strong>sicut</strong></span> <span class='ocrx_word' id='word_1_158' title='bbox 322 1442 373 1484; x_wconf 87' lang='lat' dir='ltr'><strong>ad</strong></span> <span class='ocrx_word' id='word_1_159' title='bbox 395 1442 586 1485; x_wconf 86' lang='lat' dir='ltr'><strong>conuiuia</strong></span> <span class='ocrx_word' id='word_1_160' title='bbox 606 1444 739 1492; x_wconf 86' lang='lat' dir='ltr'><strong>uocat,</strong></span> <span class='ocrx_word' id='word_1_161' title='bbox 769 1442 827 1485; x_wconf 92' lang='lat' dir='ltr'><strong>sic</strong></span> <span class='ocrx_word' id='word_1_162' title='bbox 848 1442 1039 1484; x_wconf 87' lang='lat' dir='ltr'><strong>habitum</strong></span> <span class='ocrx_word' id='word_1_163' title='bbox 1061 1443 1302 1496; x_wconf 84' lang='lat' dir='ltr'><strong>nuptiarum</strong></span> <span class='ocrx_word' id='word_1_164' title='bbox 1323 1454 1402 1484; x_wconf 92' lang='lat' dir='ltr'><strong>non</strong></span> <span class='ocrx_word' id='word_1_165' title='bbox 1423 1443 1643 1485; x_wconf 89' lang='lat' dir='ltr'><strong>habentem</strong></span> 
     </span>
     <span class='ocr_line' id='line_1_20' title="bbox 136 1511 1641 1564; baseline 0 -12"><span class='ocrx_word' id='word_1_166' title='bbox 136 1511 327 1553; x_wconf 88' lang='lat' dir='ltr'><strong>manibus</strong></span> <span class='ocrx_word' id='word_1_167' title='bbox 347 1513 388 1552; x_wconf 87' lang='lat' dir='ltr'><strong>et</strong></span> <span class='ocrx_word' id='word_1_168' title='bbox 408 1511 581 1564; x_wconf 89' lang='lat' dir='ltr'><strong>pedibus</strong></span> <span class='ocrx_word' id='word_1_169' title='bbox 603 1513 718 1554; x_wconf 85' lang='lat' dir='ltr'><strong>extra</strong></span> <span class='ocrx_word' id='word_1_170' title='bbox 738 1513 972 1553; x_wconf 88' lang='lat' dir='ltr'><strong>sanctorum</strong></span> <span class='ocrx_word' id='word_1_171' title='bbox 993 1512 1153 1553; x_wconf 88' lang='lat' dir='ltr'><strong>coetum</strong></span> <span class='ocrx_word' id='word_1_172' title='bbox 1175 1512 1283 1554; x_wconf 89' lang='lat' dir='ltr'><strong>foras</strong></span> <span class='ocrx_word' id='word_1_173' title='bbox 1304 1511 1443 1553; x_wconf 87' lang='lat' dir='ltr'><strong>iactat.</strong></span> <span class='ocrx_word' id='word_1_174' title='bbox 1477 1511 1641 1564; x_wconf 88' lang='lat' dir='ltr'><strong>parauit</strong></span> 
     </span>
     <span class='ocr_line' id='line_1_21' title="bbox 137 1579 1641 1634; baseline -0.001 -12"><span class='ocrx_word' id='word_1_175' title='bbox 137 1579 309 1630; x_wconf 89' lang='lat' dir='ltr'><strong>caelum,</strong></span> <span class='ocrx_word' id='word_1_176' title='bbox 341 1580 411 1621; x_wconf 88' lang='lat' dir='ltr'><strong>sed</strong></span> <span class='ocrx_word' id='word_1_177' title='bbox 440 1580 602 1632; x_wconf 89' lang='lat' dir='ltr'><strong>parauit</strong></span> <span class='ocrx_word' id='word_1_178' title='bbox 623 1581 664 1621; x_wconf 85' lang='lat' dir='ltr'><strong>et</strong></span> <span class='ocrx_word' id='word_1_179' title='bbox 684 1581 900 1622; x_wconf 90' lang='lat' dir='ltr'><strong>tartarum.</strong></span> <span class='ocrx_word' id='word_1_180' title='bbox 939 1580 1103 1634; x_wconf 89' lang='lat' dir='ltr'><strong>parauit</strong></span> <span class='ocrx_word' id='word_1_181' title='bbox 1123 1579 1349 1634; x_wconf 87' lang='lat' dir='ltr'><strong>refrigeria,</strong></span> <span class='ocrx_word' id='word_1_182' title='bbox 1387 1579 1457 1622; x_wconf 91' lang='lat' dir='ltr'><strong>sed</strong></span> <span class='ocrx_word' id='word_1_183' title='bbox 1478 1579 1641 1633; x_wconf 86' lang='lat' dir='ltr'><strong>parauit</strong></span> 
     </span>
     <span class='ocr_line' id='line_1_22' title="bbox 91 1647 1642 1703; baseline -0.001 -12"><span class='ocrx_word' id='word_1_184' title='bbox 91 1665 124 1691; x_wconf 63' lang='grc' dir='ltr'><strong>ρο</strong></span> <span class='ocrx_word' id='word_1_185' title='bbox 136 1648 264 1690; x_wconf 90' lang='lat' dir='ltr'><strong>etiam</strong></span> <span class='ocrx_word' id='word_1_186' title='bbox 285 1649 446 1690; x_wconf 88' lang='lat' dir='ltr'><strong>aeterna</strong></span> <span class='ocrx_word' id='word_1_187' title='bbox 467 1648 680 1701; x_wconf 87' lang='lat' dir='ltr'><strong>supplicia.</strong></span> <span class='ocrx_word' id='word_1_188' title='bbox 702 1649 865 1703; x_wconf 86' lang='lat' dir='ltr'><strong>parauit</strong></span> <span class='ocrx_word' id='word_1_189' title='bbox 882 1648 1205 1691; x_wconf 88' lang='lat' dir='ltr'><strong>inaccessibilem</strong></span> <span class='ocrx_word' id='word_1_190' title='bbox 1223 1648 1370 1699; x_wconf 88' lang='lat' dir='ltr'><strong>lucem,</strong></span> <span class='ocrx_word' id='word_1_191' title='bbox 1391 1647 1461 1690; x_wconf 86' lang='lat' dir='ltr'><strong>sed</strong></span> <span class='ocrx_word' id='word_1_192' title='bbox 1478 1648 1642 1702; x_wconf 86' lang='lat' dir='ltr'><strong>parauit</strong></span> 
     </span>
     <span class='ocr_line' id='line_1_23' title="bbox 137 1716 1401 1772; baseline -0.001 -13"><span class='ocrx_word' id='word_1_193' title='bbox 137 1717 262 1759; x_wconf 89' lang='lat' dir='ltr'><strong>etiam</strong></span> <span class='ocrx_word' id='word_1_194' title='bbox 284 1718 500 1770; x_wconf 88' lang='lat' dir='ltr'><strong>perpetuae</strong></span> <span class='ocrx_word' id='word_1_195' title='bbox 522 1718 653 1760; x_wconf 85' lang='lat' dir='ltr'><strong>noetis</strong></span> <span class='ocrx_word' id='word_1_196' title='bbox 673 1719 838 1760; x_wconf 88' lang='lat' dir='ltr'><strong>uastam</strong></span> <span class='ocrx_word' id='word_1_197' title='bbox 859 1719 1147 1771; x_wconf 72' lang='lat' dir='ltr'><strong>aeternamque</strong></span> <span class='ocrx_word' id='word_1_198' title='bbox 1169 1716 1401 1772; x_wconf 87' lang='lat' dir='ltr'><strong>caliginem.</strong></span> 
     </span>
     <span class='ocr_line' id='line_1_24' title="bbox 195 1784 1682 1840; baseline -0.001 -13"><span class='ocrx_word' id='word_1_199' title='bbox 195 1784 319 1827; x_wconf 89' lang='lat' dir='ltr'><strong>Cuius</strong></span> <span class='ocrx_word' id='word_1_200' title='bbox 349 1786 662 1840; x_wconf 87' lang='lat' dir='ltr'><strong>temperamenti</strong></span> <span class='ocrx_word' id='word_1_201' title='bbox 687 1786 950 1828; x_wconf 90' lang='lat' dir='ltr'><strong>moderamen</strong></span> <span class='ocrx_word' id='word_1_202' title='bbox 971 1798 1043 1828; x_wconf 90' lang='lat' dir='ltr'><strong>nos</strong></span> <span class='ocrx_word' id='word_1_203' title='bbox 1064 1786 1132 1827; x_wconf 92' lang='lat' dir='ltr'><strong>hic</strong></span> <span class='ocrx_word' id='word_1_204' title='bbox 1153 1786 1289 1827; x_wconf 89' lang='lat' dir='ltr'><strong>tenere</strong></span> <span class='ocrx_word' id='word_1_205' title='bbox 1311 1786 1550 1839; x_wconf 87' lang='lat' dir='ltr'><strong>quaerentes</strong></span> <span class='ocrx_word' id='word_1_206' title='bbox 1571 1784 1642 1826; x_wconf 90' lang='lat' dir='ltr'><strong>diu</strong></span> <span class='ocrx_word' id='word_1_207' title='bbox 1657 1791 1682 1831; x_wconf 82' lang='lat'>8</span> 
     </span>
     <span class='ocr_line' id='line_1_25' title="bbox 137 1852 1643 1908; baseline -0.002 -11"><span class='ocrx_word' id='word_1_208' title='bbox 137 1857 178 1897; x_wconf 84' lang='lat' dir='ltr'><strong>et</strong></span> <span class='ocrx_word' id='word_1_209' title='bbox 210 1854 376 1908; x_wconf 88' lang='lat' dir='ltr'><strong>quidem</strong></span> <span class='ocrx_word' id='word_1_210' title='bbox 413 1855 536 1896; x_wconf 90' lang='lat' dir='ltr'><strong>multi</strong></span> <span class='ocrx_word' id='word_1_211' title='bbox 571 1856 612 1896; x_wconf 90' lang='lat' dir='ltr'><strong>et</strong></span> <span class='ocrx_word' id='word_1_212' title='bbox 643 1855 810 1908; x_wconf 88' lang='lat' dir='ltr'><strong>quidem</strong></span> <span class='ocrx_word' id='word_1_213' title='bbox 847 1867 941 1896; x_wconf 90' lang='lat' dir='ltr'><strong>cum</strong></span> <span class='ocrx_word' id='word_1_214' title='bbox 977 1854 1223 1908; x_wconf 83' lang='lat' dir='ltr'><strong>quibusdam</strong></span> <span class='ocrx_word' id='word_1_215' title='bbox 1262 1853 1460 1907; x_wconf 89' lang='lat' dir='ltr'><strong>episcopis</strong></span> <span class='ocrx_word' id='word_1_216' title='bbox 1495 1852 1643 1896; x_wconf 89' lang='lat' dir='ltr'><strong>uicinis</strong></span> 
     </span>
    </p>
   </div>
   <div class='ocr_carea' id='block_1_4' title="bbox 278 1990 1424 2033">
    <p class='ocr_par' dir='ltr' id='par_1_4' title="bbox 278 1990 1424 2033">
     <span class='ocr_line' id='line_1_26' title="bbox 278 1990 1424 2033; baseline -0.001 -8"><span class='ocrx_word' id='word_1_217' title='bbox 278 1991 320 2025; x_wconf 82' lang='lat'><strong>12</strong></span> <span class='ocrx_word' id='word_1_218' title='bbox 344 1990 475 2025; x_wconf 78' lang='lat' dir='ltr'><strong>Matth.</strong></span> <span class='ocrx_word' id='word_1_219' title='bbox 506 1991 557 2031; x_wconf 70' lang='lat'><strong>18,</strong></span> <span class='ocrx_word' id='word_1_220' title='bbox 583 1991 638 2025; x_wconf 74' lang='lat'><strong>32.</strong></span> <span class='ocrx_word' id='word_1_221' title='bbox 736 1991 779 2024; x_wconf 83' lang='lat'><strong>13</strong></span> <span class='ocrx_word' id='word_1_222' title='bbox 804 1990 935 2025; x_wconf 78' lang='lat' dir='ltr'><strong>Matth.</strong></span> <span class='ocrx_word' id='word_1_223' title='bbox 963 1991 1016 2032; x_wconf 93' lang='lat' dir='ltr'><strong>1o,</strong></span> <span class='ocrx_word' id='word_1_224' title='bbox 1042 1991 1087 2025; x_wconf 83' lang='lat'><strong>33</strong></span> <span class='ocrx_word' id='word_1_225' title='bbox 1114 1991 1171 2033; x_wconf 71' lang='lat' dir='ltr'><strong>(cf.</strong></span> <span class='ocrx_word' id='word_1_226' title='bbox 1200 1990 1280 2024; x_wconf 83' lang='lat' dir='ltr'><strong>Luc.</strong></span> <span class='ocrx_word' id='word_1_227' title='bbox 1307 1990 1359 2031; x_wconf 80' lang='lat'><strong>12,</strong></span> <span class='ocrx_word' id='word_1_228' title='bbox 1378 1991 1424 2032; x_wconf 82' lang='lat'><strong>9).</strong></span> 
     </span>
    </p>
   </div>
   <div class='ocr_carea' id='block_1_5' title="bbox 134 2102 1644 2894">
    <p class='ocr_par' dir='ltr' id='par_1_5' title="bbox 134 2102 1644 2894">
     <span class='ocr_line' id='line_1_27' title="bbox 210 2102 1598 2149; baseline -0.001 -11"><span class='ocrx_word' id='word_1_229' title='bbox 210 2105 225 2138; x_wconf 95' lang='lat'>1</span> <span class='ocrx_word' id='word_1_230' title='bbox 246 2104 437 2149; x_wconf 83' lang='lat' dir='ltr'><strong>patientia]</strong></span> <span class='ocrx_word' id='word_1_231' title='bbox 455 2104 679 2149; x_wconf 78' lang='lat' dir='ltr'><strong>paenitentia</strong></span> <span class='ocrx_word' id='word_1_232' title='bbox 697 2104 732 2138; x_wconf 90' lang='grc' dir='ltr'><strong><em>Β</em></strong></span> <span class='ocrx_word' id='word_1_233' title='bbox 841 2104 1068 2139; x_wconf 85' lang='lat' dir='ltr'><strong>lacrimarum</strong></span> <span class='ocrx_word' id='word_1_234' title='bbox 1087 2106 1126 2139; x_wconf 93' lang='lat' dir='ltr'><em>H</em></span> <span class='ocrx_word' id='word_1_235' title='bbox 1236 2104 1258 2138; x_wconf 97' lang='grc'>2</span> <span class='ocrx_word' id='word_1_236' title='bbox 1275 2102 1543 2138; x_wconf 83' lang='lat' dir='ltr'><strong>aduocationem</strong></span> <span class='ocrx_word' id='word_1_237' title='bbox 1562 2103 1598 2137; x_wconf 99' lang='grc' dir='ltr'><strong><em>Β</em></strong></span> 
     </span>
     <span class='ocr_line' id='line_1_28' title="bbox 138 2160 1598 2207; baseline -0.001 -11"><span class='ocrx_word' id='word_1_238' title='bbox 138 2163 311 2207; x_wconf 86' lang='lat' dir='ltr'><strong>fugantur</strong></span> <span class='ocrx_word' id='word_1_239' title='bbox 333 2163 365 2197; x_wconf 91' lang='grc' dir='ltr'><strong><em>Τ</em></strong></span> <span class='ocrx_word' id='word_1_240' title='bbox 479 2163 531 2207; x_wconf 87' lang='lat' dir='ltr'><strong>ex]</strong></span> <span class='ocrx_word' id='word_1_241' title='bbox 550 2164 587 2196; x_wconf 85' lang='lat' dir='ltr'><strong>et</strong></span> <span class='ocrx_word' id='word_1_242' title='bbox 604 2162 648 2197; x_wconf 92' lang='lat' dir='ltr'><strong><em>N</em></strong></span> <span class='ocrx_word' id='word_1_243' title='bbox 764 2162 909 2207; x_wconf 84' lang='lat' dir='ltr'><strong>prolati]</strong></span> <span class='ocrx_word' id='word_1_244' title='bbox 928 2162 1087 2207; x_wconf 88' lang='lat' dir='ltr'><strong>ploratus</strong></span> <span class='ocrx_word' id='word_1_245' title='bbox 1105 2164 1145 2197; x_wconf 91' lang='lat' dir='ltr'><em>H</em></span> <span class='ocrx_word' id='word_1_246' title='bbox 1262 2161 1431 2206; x_wconf 85' lang='lat' dir='ltr'><strong>gemitus]</strong></span> <span class='ocrx_word' id='word_1_247' title='bbox 1450 2160 1543 2195; x_wconf 90' lang='lat' dir='ltr'><strong>demi</strong></span> <span class='ocrx_word' id='word_1_248' title='bbox 1562 2161 1598 2195; x_wconf 92' lang='lat' dir='ltr'>B</span> 
     </span>
     <span class='ocr_line' id='line_1_29' title="bbox 136 2219 1642 2265; baseline -0.001 -11"><span class='ocrx_word' id='word_1_249' title='bbox 136 2220 158 2254; x_wconf 87' lang='lat'>3</span> <span class='ocrx_word' id='word_1_250' title='bbox 175 2219 304 2264; x_wconf 89' lang='lat' dir='ltr'><strong>pudore</strong></span> <span class='ocrx_word' id='word_1_251' title='bbox 323 2220 357 2254; x_wconf 92' lang='lat' dir='ltr'><strong><em>B</em></strong></span> <span class='ocrx_word' id='word_1_252' title='bbox 471 2220 494 2254; x_wconf 85' lang='lat'>4</span> <span class='ocrx_word' id='word_1_253' title='bbox 510 2219 695 2254; x_wconf 80' lang='lat' dir='ltr'><strong>dedecores</strong></span> <span class='ocrx_word' id='word_1_254' title='bbox 718 2221 750 2254; x_wconf 86' lang='grc' dir='ltr'><strong><em>Τ</em></strong></span> <span class='ocrx_word' id='word_1_255' title='bbox 856 2220 1105 2265; x_wconf 85' lang='lat' dir='ltr'><strong>magnitudine</strong></span> <span class='ocrx_word' id='word_1_256' title='bbox 1128 2222 1165 2261; x_wconf 90' lang='lat' dir='ltr'><strong>T,</strong></span> <span class='ocrx_word' id='word_1_257' title='bbox 1184 2219 1446 2264; x_wconf 84' lang='lat' dir='ltr'><strong>magnitudinis</strong></span> <span class='ocrx_word' id='word_1_258' title='bbox 1465 2220 1500 2254; x_wconf 94' lang='lat' dir='ltr'><em>B</em></span> <span class='ocrx_word' id='word_1_259' title='bbox 1611 2219 1642 2253; x_wconf 88' lang='lat' dir='ltr'><strong>si</strong></span> 
     </span>
     <span class='ocr_line' id='line_1_30' title="bbox 136 2276 1642 2322; baseline -0.001 -11"><span class='ocrx_word' id='word_1_260' title='bbox 136 2288 201 2312; x_wconf 81' lang='lat' dir='ltr'><strong>om.</strong></span> <span class='ocrx_word' id='word_1_261' title='bbox 218 2277 254 2311; x_wconf 91' lang='grc' dir='ltr'><strong><em>Β</em></strong></span> <span class='ocrx_word' id='word_1_262' title='bbox 346 2277 368 2311; x_wconf 83' lang='grc'>5</span> <span class='ocrx_word' id='word_1_263' title='bbox 384 2277 578 2322; x_wconf 85' lang='lat' dir='ltr'><strong>peccatoris</strong></span> <span class='ocrx_word' id='word_1_264' title='bbox 597 2277 632 2312; x_wconf 90' lang='lat' dir='ltr'><em>L</em></span> <span class='ocrx_word' id='word_1_265' title='bbox 725 2277 978 2312; x_wconf 82' lang='lat' dir='ltr'><strong>conscientiam</strong></span> <span class='ocrx_word' id='word_1_266' title='bbox 997 2278 1031 2312; x_wconf 94' lang='lat' dir='ltr'><em>B</em></span> <span class='ocrx_word' id='word_1_267' title='bbox 1126 2288 1208 2312; x_wconf 90' lang='lat' dir='ltr'><strong>suae</strong></span> <span class='ocrx_word' id='word_1_268' title='bbox 1226 2288 1291 2311; x_wconf 86' lang='lat' dir='ltr'><strong>om.</strong></span> <span class='ocrx_word' id='word_1_269' title='bbox 1312 2278 1351 2311; x_wconf 87' lang='lat' dir='ltr'><em>N</em></span> <span class='ocrx_word' id='word_1_270' title='bbox 1440 2278 1476 2310; x_wconf 88' lang='lat' dir='ltr'><strong>et</strong></span> <span class='ocrx_word' id='word_1_271' title='bbox 1493 2276 1642 2320; x_wconf 85' lang='lat' dir='ltr'><strong>sinuosi]</strong></span> 
     </span>
     <span class='ocr_line' id='line_1_31' title="bbox 135 2325 1644 2379; baseline -0.001 -10"><span class='ocrx_word' id='word_1_272' title='bbox 135 2335 299 2369; x_wconf 87' lang='lat' dir='ltr'><strong>nesciunt</strong></span> <span class='ocrx_word' id='word_1_273' title='bbox 319 2335 425 2369; x_wconf 89' lang='lat' dir='ltr'><strong>immo</strong></span> <span class='ocrx_word' id='word_1_274' title='bbox 443 2325 499 2369; x_wconf 73' lang='lat' dir='ltr'><strong>sui</strong></span> <span class='ocrx_word' id='word_1_275' title='bbox 517 2334 553 2368; x_wconf 93' lang='lat' dir='ltr'><em>B</em></span> <span class='ocrx_word' id='word_1_276' title='bbox 661 2334 683 2368; x_wconf 88' lang='grc'>6</span> <span class='ocrx_word' id='word_1_277' title='bbox 700 2333 804 2379; x_wconf 87' lang='lat' dir='ltr'><strong>altos]</strong></span> <span class='ocrx_word' id='word_1_278' title='bbox 823 2336 946 2369; x_wconf 85' lang='lat' dir='ltr'><strong>auctos</strong></span> <span class='ocrx_word' id='word_1_279' title='bbox 965 2335 1001 2369; x_wconf 92' lang='grc' dir='ltr'><strong><em>Β</em></strong></span> <span class='ocrx_word' id='word_1_280' title='bbox 1107 2335 1200 2379; x_wconf 89' lang='lat' dir='ltr'><strong>uere]</strong></span> <span class='ocrx_word' id='word_1_281' title='bbox 1219 2345 1319 2368; x_wconf 88' lang='lat' dir='ltr'><strong>suere</strong></span> <span class='ocrx_word' id='word_1_282' title='bbox 1340 2336 1378 2368; x_wconf 87' lang='lat' dir='ltr'><em>H</em></span> <span class='ocrx_word' id='word_1_283' title='bbox 1468 2333 1644 2368; x_wconf 83' lang='lat' dir='ltr'><strong>medicina</strong></span> 
     </span>
     <span class='ocr_line' id='line_1_32' title="bbox 137 2391 1641 2436; baseline -0.001 -10"><span class='ocrx_word' id='word_1_284' title='bbox 137 2391 211 2427; x_wconf 85' lang='lat' dir='ltr'><strong>BT</strong></span> <span class='ocrx_word' id='word_1_285' title='bbox 301 2393 481 2426; x_wconf 86' lang='lat' dir='ltr'><strong>tractante</strong></span> <span class='ocrx_word' id='word_1_286' title='bbox 500 2393 532 2426; x_wconf 84' lang='lat' dir='ltr'><em>T</em></span> <span class='ocrx_word' id='word_1_287' title='bbox 622 2393 658 2426; x_wconf 85' lang='lat' dir='ltr'><strong>et</strong></span> <span class='ocrx_word' id='word_1_288' title='bbox 674 2392 805 2436; x_wconf 86' lang='lat' dir='ltr'><strong>petere]</strong></span> <span class='ocrx_word' id='word_1_289' title='bbox 825 2393 989 2436; x_wconf 87' lang='lat' dir='ltr'><strong>appetere</strong></span> <span class='ocrx_word' id='word_1_290' title='bbox 1002 2392 1047 2426; x_wconf 91' lang='lat' dir='ltr'><em>H</em></span> <span class='ocrx_word' id='word_1_291' title='bbox 1136 2392 1154 2426; x_wconf 86' lang='grc'>7</span> <span class='ocrx_word' id='word_1_292' title='bbox 1174 2391 1286 2426; x_wconf 87' lang='lat' dir='ltr'><strong>maior</strong></span> <span class='ocrx_word' id='word_1_293' title='bbox 1306 2391 1341 2425; x_wconf 90' lang='lat' dir='ltr'><strong><em>B</em></strong></span> <span class='ocrx_word' id='word_1_294' title='bbox 1434 2393 1469 2425; x_wconf 91' lang='lat' dir='ltr'><strong>et</strong></span> <span class='ocrx_word' id='word_1_295' title='bbox 1485 2391 1641 2435; x_wconf 83' lang='lat' dir='ltr'><strong>pudoris]</strong></span> 
     </span>
     <span class='ocr_line' id='line_1_33' title="bbox 136 2447 1640 2494; baseline -0.001 -11"><span class='ocrx_word' id='word_1_296' title='bbox 136 2448 280 2494; x_wconf 89' lang='lat' dir='ltr'><strong>pudoris</strong></span> <span class='ocrx_word' id='word_1_297' title='bbox 294 2449 365 2483; x_wconf 91' lang='lat' dir='ltr'><strong>BL</strong></span> <span class='ocrx_word' id='word_1_298' title='bbox 458 2450 480 2482; x_wconf 89' lang='grc'>8</span> <span class='ocrx_word' id='word_1_299' title='bbox 497 2448 756 2493; x_wconf 86' lang='lat' dir='ltr'><strong>postulationes</strong></span> <span class='ocrx_word' id='word_1_300' title='bbox 771 2449 807 2483; x_wconf 94' lang='lat' dir='ltr'><em>B</em></span> <span class='ocrx_word' id='word_1_301' title='bbox 898 2449 920 2483; x_wconf 87' lang='grc'>9</span> <span class='ocrx_word' id='word_1_302' title='bbox 937 2448 1016 2494; x_wconf 88' lang='lat' dir='ltr'><strong>lege</strong></span> <span class='ocrx_word' id='word_1_303' title='bbox 1036 2475 1044 2483; x_wconf 90' lang='lat'>.</span> <span class='ocrx_word' id='word_1_304' title='bbox 1060 2475 1066 2482; x_wconf 91' lang='lat'>.</span> <span class='ocrx_word' id='word_1_305' title='bbox 1082 2475 1089 2483; x_wconf 93' lang='lat'><strong>.</strong></span> <span class='ocrx_word' id='word_1_306' title='bbox 1111 2448 1170 2483; x_wconf 90' lang='lat' dir='ltr'><strong>sed</strong></span> <span class='ocrx_word' id='word_1_307' title='bbox 1188 2459 1253 2483; x_wconf 87' lang='lat' dir='ltr'><strong>om.</strong></span> <span class='ocrx_word' id='word_1_308' title='bbox 1269 2448 1305 2482; x_wconf 94' lang='grc' dir='ltr'><strong><em>Β</em></strong></span> <span class='ocrx_word' id='word_1_309' title='bbox 1397 2447 1547 2482; x_wconf 88' lang='lat' dir='ltr'><strong>dimissa</strong></span> <span class='ocrx_word' id='word_1_310' title='bbox 1560 2447 1640 2488; x_wconf 88' lang='grc' dir='ltr'><strong>ΒΤ,</strong></span> 
     </span>
     <span class='ocr_line' id='line_1_34' title="bbox 134 2505 1643 2547; baseline -0.001 -6"><span class='ocrx_word' id='word_1_311' title='bbox 134 2506 303 2541; x_wconf 81' lang='lat' dir='ltr'><strong>dismissa</strong></span> <span class='ocrx_word' id='word_1_312' title='bbox 321 2506 365 2547; x_wconf 82' lang='lat' dir='ltr'><strong>F,</strong></span> <span class='ocrx_word' id='word_1_313' title='bbox 385 2506 562 2541; x_wconf 89' lang='lat' dir='ltr'><strong>submissa</strong></span> <span class='ocrx_word' id='word_1_314' title='bbox 575 2506 619 2541; x_wconf 83' lang='lat' dir='ltr'><em>H</em></span> <span class='ocrx_word' id='word_1_315' title='bbox 733 2506 776 2540; x_wconf 91' lang='lat'><strong>10</strong></span> <span class='ocrx_word' id='word_1_316' title='bbox 793 2508 829 2540; x_wconf 89' lang='lat' dir='ltr'><strong>et</strong></span> <span class='ocrx_word' id='word_1_317' title='bbox 845 2517 910 2541; x_wconf 87' lang='lat' dir='ltr'><strong>om.</strong></span> <span class='ocrx_word' id='word_1_318' title='bbox 933 2506 967 2540; x_wconf 94' lang='lat' dir='ltr'><em>B</em></span> <span class='ocrx_word' id='word_1_319' title='bbox 1091 2506 1195 2540; x_wconf 88' lang='lat' dir='ltr'><strong>citari</strong></span> <span class='ocrx_word' id='word_1_320' title='bbox 1214 2505 1250 2540; x_wconf 90' lang='lat' dir='ltr'><em>B</em></span> <span class='ocrx_word' id='word_1_321' title='bbox 1369 2505 1410 2539; x_wconf 84' lang='lat'><strong>12</strong></span> <span class='ocrx_word' id='word_1_322' title='bbox 1428 2507 1469 2539; x_wconf 90' lang='lat' dir='ltr'><strong>ut</strong></span> <span class='ocrx_word' id='word_1_323' title='bbox 1486 2505 1531 2545; x_wconf 84' lang='lat' dir='ltr'><strong>F,</strong></span> <span class='ocrx_word' id='word_1_324' title='bbox 1549 2505 1643 2539; x_wconf 88' lang='lat' dir='ltr'><strong>sicut</strong></span> 
     </span>
     <span class='ocr_line' id='line_1_35' title="bbox 136 2562 1642 2608; baseline -0.001 -11"><span class='ocrx_word' id='word_1_325' title='bbox 136 2563 293 2598; x_wconf 89' lang='lat' dir='ltr'><em>BHLN</em></span> <span class='ocrx_word' id='word_1_326' title='bbox 295 2563 327 2598; x_wconf 88' lang='lat' dir='ltr'><em>T</em></span> <span class='ocrx_word' id='word_1_327' title='bbox 328 2574 346 2599; x_wconf 87' lang='lat' dir='ltr'><strong><em>v</em></strong></span> <span class='ocrx_word' id='word_1_328' title='bbox 462 2563 504 2596; x_wconf 79' lang='lat'><strong>13</strong></span> <span class='ocrx_word' id='word_1_329' title='bbox 521 2563 585 2608; x_wconf 90' lang='lat' dir='ltr'><strong>sic]</strong></span> <span class='ocrx_word' id='word_1_330' title='bbox 604 2563 698 2598; x_wconf 85' lang='lat' dir='ltr'><strong>sicut</strong></span> <span class='ocrx_word' id='word_1_331' title='bbox 715 2563 769 2607; x_wconf 86' lang='lat' dir='ltr'><strong>F,-</strong></span> <span class='ocrx_word' id='word_1_332' title='bbox 785 2563 874 2606; x_wconf 74' lang='lat' dir='ltr'><strong>fort.</strong></span> <span class='ocrx_word' id='word_1_333' title='bbox 892 2563 943 2597; x_wconf 88' lang='lat' dir='ltr'><strong>sic</strong></span> <span class='ocrx_word' id='word_1_334' title='bbox 960 2565 997 2597; x_wconf 85' lang='lat' dir='ltr'><strong>et</strong></span> <span class='ocrx_word' id='word_1_335' title='bbox 1107 2563 1150 2597; x_wconf 86' lang='lat'><strong>15</strong></span> <span class='ocrx_word' id='word_1_336' title='bbox 1167 2573 1283 2597; x_wconf 87' lang='lat' dir='ltr'><strong>coram</strong></span> <span class='ocrx_word' id='word_1_337' title='bbox 1301 2573 1365 2597; x_wconf 88' lang='lat' dir='ltr'><strong>om.</strong></span> <span class='ocrx_word' id='word_1_338' title='bbox 1386 2563 1429 2597; x_wconf 92' lang='lat' dir='ltr'><em>N</em></span> <span class='ocrx_word' id='word_1_339' title='bbox 1529 2563 1571 2597; x_wconf 90' lang='grc'><strong>16</strong></span> <span class='ocrx_word' id='word_1_340' title='bbox 1590 2562 1642 2596; x_wconf 85' lang='lat' dir='ltr'><strong>ita</strong></span> 
     </span>
     <span class='ocr_line' id='line_1_36' title="bbox 135 2619 1641 2666; baseline -0.001 -11"><span class='ocrx_word' id='word_1_341' title='bbox 135 2622 189 2655; x_wconf 70' lang='lat' dir='ltr'><strong>est</strong></span> <span class='ocrx_word' id='word_1_342' title='bbox 217 2631 283 2655; x_wconf 90' lang='lat' dir='ltr'><strong>om.</strong></span> <span class='ocrx_word' id='word_1_343' title='bbox 303 2621 347 2661; x_wconf 91' lang='grc' dir='ltr'><strong>Β,</strong></span> <span class='ocrx_word' id='word_1_344' title='bbox 378 2620 433 2655; x_wconf 87' lang='lat' dir='ltr'><strong>ita</strong></span> <span class='ocrx_word' id='word_1_345' title='bbox 457 2623 493 2654; x_wconf 85' lang='lat' dir='ltr'><strong>ct</strong></span> <span class='ocrx_word' id='word_1_346' title='bbox 511 2621 556 2656; x_wconf 92' lang='lat' dir='ltr'><strong><em>N</em></strong></span> <span class='ocrx_word' id='word_1_347' title='bbox 677 2622 901 2666; x_wconf 85' lang='lat' dir='ltr'><strong>praeceptore</strong></span> <span class='ocrx_word' id='word_1_348' title='bbox 920 2621 955 2655; x_wconf 94' lang='grc' dir='ltr'><strong><em>Β</em></strong></span> <span class='ocrx_word' id='word_1_349' title='bbox 1083 2620 1124 2654; x_wconf 85' lang='grc'><strong>17</strong></span> <span class='ocrx_word' id='word_1_350' title='bbox 1155 2619 1199 2654; x_wconf 85' lang='lat' dir='ltr'><strong>ad</strong></span> <span class='ocrx_word' id='word_1_351' title='bbox 1229 2619 1430 2654; x_wconf 87' lang='lat' dir='ltr'><strong>conuiuium</strong></span> <span class='ocrx_word' id='word_1_352' title='bbox 1451 2619 1529 2660; x_wconf 90' lang='grc' dir='ltr'><strong>ΒΤ,</strong></span> <span class='ocrx_word' id='word_1_353' title='bbox 1562 2629 1641 2653; x_wconf 87' lang='lat' dir='ltr'><strong>con-</strong></span> 
     </span>
     <span class='ocr_line' id='line_1_37' title="bbox 136 2675 1640 2721; baseline -0.001 -9"><span class='ocrx_word' id='word_1_354' title='bbox 136 2678 234 2712; x_wconf 90' lang='lat' dir='ltr'><strong>uiuio</strong></span> <span class='ocrx_word' id='word_1_355' title='bbox 254 2688 273 2712; x_wconf 89' lang='lat' dir='ltr'><strong><em>v</em></strong></span> <span class='ocrx_word' id='word_1_356' title='bbox 367 2677 516 2712; x_wconf 84' lang='lat' dir='ltr'><strong>aduocat</strong></span> <span class='ocrx_word' id='word_1_357' title='bbox 531 2677 566 2712; x_wconf 94' lang='grc' dir='ltr'><strong><em>Β</em></strong></span> <span class='ocrx_word' id='word_1_358' title='bbox 671 2677 799 2712; x_wconf 87' lang='lat' dir='ltr'><strong>habitu</strong></span> <span class='ocrx_word' id='word_1_359' title='bbox 818 2677 928 2712; x_wconf 81' lang='lat' dir='ltr'><strong>FLT</strong></span> <span class='ocrx_word' id='word_1_360' title='bbox 1030 2677 1238 2711; x_wconf 81' lang='lat' dir='ltr'><strong>habentium</strong></span> <span class='ocrx_word' id='word_1_361' title='bbox 1255 2676 1296 2711; x_wconf 86' lang='lat' dir='ltr'><em>F</em></span> <span class='ocrx_word' id='word_1_362' title='bbox 1402 2677 1445 2710; x_wconf 81' lang='grc'><strong>18</strong></span> <span class='ocrx_word' id='word_1_363' title='bbox 1462 2675 1640 2721; x_wconf 82' lang='lat' dir='ltr'><strong>manibus]</strong></span> 
     </span>
     <span class='ocr_line' id='line_1_38' title="bbox 136 2732 1596 2779; baseline -0.001 -11"><span class='ocrx_word' id='word_1_364' title='bbox 136 2734 261 2779; x_wconf 88' lang='lat' dir='ltr'><strong>ligatis</strong></span> <span class='ocrx_word' id='word_1_365' title='bbox 280 2733 444 2768; x_wconf 87' lang='lat' dir='ltr'><strong>manibus</strong></span> <span class='ocrx_word' id='word_1_366' title='bbox 463 2734 521 2769; x_wconf 86' lang='lat' dir='ltr'><strong>Bv</strong></span> <span class='ocrx_word' id='word_1_367' title='bbox 599 2736 739 2770; x_wconf 88' lang='lat' dir='ltr'><strong>caetum</strong></span> <span class='ocrx_word' id='word_1_368' title='bbox 758 2735 843 2775; x_wconf 90' lang='lat' dir='ltr'><strong>BN,</strong></span> <span class='ocrx_word' id='word_1_369' title='bbox 862 2736 963 2769; x_wconf 88' lang='lat' dir='ltr'><strong>coetu</strong></span> <span class='ocrx_word' id='word_1_370' title='bbox 981 2734 1020 2768; x_wconf 78' lang='lat' dir='ltr'><em>F</em></span> <span class='ocrx_word' id='word_1_371' title='bbox 1102 2734 1190 2768; x_wconf 86' lang='lat' dir='ltr'><strong>foris</strong></span> <span class='ocrx_word' id='word_1_372' title='bbox 1208 2733 1247 2768; x_wconf 79' lang='lat' dir='ltr'><em>F</em></span> <span class='ocrx_word' id='word_1_373' title='bbox 1337 2733 1379 2767; x_wconf 88' lang='grc'><strong>19</strong></span> <span class='ocrx_word' id='word_1_374' title='bbox 1397 2732 1457 2767; x_wconf 88' lang='lat' dir='ltr'><strong>sed</strong></span> <span class='ocrx_word' id='word_1_375' title='bbox 1474 2743 1541 2767; x_wconf 84' lang='lat' dir='ltr'><strong>om.</strong></span> <span class='ocrx_word' id='word_1_376' title='bbox 1561 2733 1596 2767; x_wconf 89' lang='grc' dir='ltr'><strong><em>Β</em></strong></span> 
     </span>
     <span class='ocr_line' id='line_1_39' title="bbox 134 2789 1639 2836; baseline -0.001 -11"><span class='ocrx_word' id='word_1_377' title='bbox 134 2791 180 2825; x_wconf 82' lang='grc'><strong>20</strong></span> <span class='ocrx_word' id='word_1_378' title='bbox 195 2791 321 2836; x_wconf 86' lang='lat' dir='ltr'><strong>lucem]</strong></span> <span class='ocrx_word' id='word_1_379' title='bbox 341 2791 461 2826; x_wconf 91' lang='lat' dir='ltr'><strong>lumen</strong></span> <span class='ocrx_word' id='word_1_380' title='bbox 480 2792 514 2826; x_wconf 89' lang='lat' dir='ltr'><strong><em>L</em></strong></span> <span class='ocrx_word' id='word_1_381' title='bbox 620 2791 679 2826; x_wconf 88' lang='lat' dir='ltr'><strong>sed</strong></span> <span class='ocrx_word' id='word_1_382' title='bbox 698 2793 734 2826; x_wconf 89' lang='lat' dir='ltr'><strong>et</strong></span> <span class='ocrx_word' id='word_1_383' title='bbox 751 2791 896 2836; x_wconf 86' lang='lat' dir='ltr'><strong>parabit</strong></span> <span class='ocrx_word' id='word_1_384' title='bbox 913 2791 952 2825; x_wconf 84' lang='lat' dir='ltr'><em>F</em></span> <span class='ocrx_word' id='word_1_385' title='bbox 1053 2791 1098 2825; x_wconf 87' lang='grc'><strong>22</strong></span> <span class='ocrx_word' id='word_1_386' title='bbox 1116 2790 1355 2825; x_wconf 86' lang='lat' dir='ltr'><strong>moderatione</strong></span> <span class='ocrx_word' id='word_1_387' title='bbox 1373 2790 1431 2824; x_wconf 87' lang='lat' dir='ltr'><strong>hic</strong></span> <span class='ocrx_word' id='word_1_388' title='bbox 1451 2790 1485 2824; x_wconf 90' lang='lat' dir='ltr'><em>B</em></span> <span class='ocrx_word' id='word_1_389' title='bbox 1578 2789 1639 2824; x_wconf 89' lang='lat' dir='ltr'><strong>diu</strong></span> 
     </span>
     <span class='ocr_line' id='line_1_40' title="bbox 135 2847 1316 2894; baseline -0.001 -12"><span class='ocrx_word' id='word_1_390' title='bbox 135 2859 199 2882; x_wconf 86' lang='lat' dir='ltr'><strong>om.</strong></span> <span class='ocrx_word' id='word_1_391' title='bbox 223 2849 254 2882; x_wconf 88' lang='lat' dir='ltr'><em>T</em></span> <span class='ocrx_word' id='word_1_392' title='bbox 343 2849 387 2883; x_wconf 88' lang='grc'><strong>23</strong></span> <span class='ocrx_word' id='word_1_393' title='bbox 405 2851 441 2882; x_wconf 78' lang='lat' dir='ltr'><strong>et</strong></span> <span class='ocrx_word' id='word_1_394' title='bbox 458 2849 505 2893; x_wconf 89' lang='lat' dir='ltr'><strong>q.]</strong></span> <span class='ocrx_word' id='word_1_395' title='bbox 524 2848 709 2894; x_wconf 85' lang='lat' dir='ltr'><strong>aequidem</strong></span> <span class='ocrx_word' id='word_1_396' title='bbox 728 2849 763 2883; x_wconf 87' lang='grc' dir='ltr'><strong><em>Β</em></strong></span> <span class='ocrx_word' id='word_1_397' title='bbox 858 2848 964 2883; x_wconf 87' lang='lat' dir='ltr'><strong>multi</strong></span> <span class='ocrx_word' id='word_1_398' title='bbox 983 2850 1018 2883; x_wconf 89' lang='lat' dir='ltr'><strong>et</strong></span> <span class='ocrx_word' id='word_1_399' title='bbox 1035 2847 1177 2893; x_wconf 88' lang='lat' dir='ltr'><strong>quidem</strong></span> <span class='ocrx_word' id='word_1_400' title='bbox 1196 2859 1260 2882; x_wconf 85' lang='lat' dir='ltr'><strong>om.</strong></span> <span class='ocrx_word' id='word_1_401' title='bbox 1282 2848 1316 2882; x_wconf 89' lang='grc' dir='ltr'><strong><em>Β</em></strong></span> 
     </span>
    </p>
   </div>
  </div>
 </body>
</html>
