1838 3152
557 262 769 314 Epiustula
793 268 1255 305 LXXVIIII.-LXXX.
1565 271 1647 314 839

160 373 377 415 sessionem
406 373 585 414 uestram
614 374 654 414 et
682 374 865 414 nostram
895 386 1017 426 quam
1040 374 1237 415 Dominus
1259 374 1300 415 in
1320 374 1436 415 nobis
1466 373 1644 416 conferre

162 442 357 495 dignatus
392 442 455 482 est
490 441 689 493 suppleat.
727 441 861 483 saluta
896 454 1033 483 omnes
1062 442 1132 495 qui
1163 445 1297 483 tecum
1334 445 1644 484 commorantur.

160 510 350 562 optamus
385 511 438 559 te,
480 508 607 551 frater
642 510 864 558 carissime,
905 510 946 551 in
984 510 1158 551 Domino
1193 510 1292 552 bene
1328 511 1472 552 ualere.
1513 511 1646 563 [Felix

161 578 339 631 scripsi]
368 577 487 619 Iader
514 577 747 631 subscripsi.
770 577 965 619 Polianus
986 578 1080 632 legi.
1116 578 1336 619 Dominum
1358 592 1495 621 meum
1518 580 1649 633 Euty-

130 663 146 686 :s
161 645 354 687 obianum
375 646 521 688 saluto,

483 828 983 910 EPISTVLA
1033 838 1321 911 LXXX.

521 973 786 1008 CYPRIANVS
813 974 1035 1010 SVCCEsso
1061 974 1233 1008 FRATRI
1259 976 1291 1008 S.

215 1088 272 1130 Vt
292 1101 371 1130 non
392 1089 509 1131 uobis
531 1088 572 1130 in
594 1089 820 1130 continenti
841 1089 1071 1138 scriberem,
1095 1089 1219 1130 frater
1241 1089 1462 1142 carissime,
1491 1088 1563 1130 illa
1585 1100 1647 1130 res
1670 1087 1683 1127 Ι

157 1156 256 1199 fecit
291 1157 397 1210 quod
433 1157 615 1199 uniuersi
651 1157 786 1199 clerici
819 1157 893 1199 sub
927 1157 1011 1199 ictu
1045 1157 1185 1210 agonis
1219 1158 1432 1199 constituti
1463 1156 1646 1199 recedere

115 1246 148 1270 ιο
160 1226 284 1267 istinc
304 1225 467 1267 omnino
488 1237 566 1267 non
587 1227 786 1279 poterant,
810 1226 942 1279 parati
964 1238 1100 1267 omnes
1123 1238 1191 1278 pro
1209 1226 1336 1267 animi
1353 1227 1415 1267 sui
1432 1227 1644 1267 deuotione

155 1294 206 1335 ad
228 1294 411 1335 diuinam
433 1296 474 1336 et
495 1294 711 1336 caelestem
732 1295 919 1348 gloriam.
957 1294 1095 1336 sciatis
1118 1296 1257 1335 autem
1279 1306 1344 1335 eos
1366 1295 1523 1336 uenisse
1545 1306 1644 1347 quos

157 1363 209 1404 ad
239 1362 379 1404 urbem
418 1364 582 1417 propter
617 1363 692 1404 hoc
724 1363 929 1413 miseram,
967 1364 1012 1404 ut
1043 1363 1417 1415 quomodocumque
1448 1363 1496 1403 de
1530 1362 1646 1404 nobis

155 1432 401 1484 rescriptum
445 1431 604 1481 fuisset,
655 1432 908 1484 exploratam
949 1431 1168 1473 ueritatem
1208 1431 1258 1472 ad
1299 1443 1370 1472 nos
1411 1430 1644 1484 perferrent.

154 1500 288 1542 multa
308 1500 418 1541 enim
439 1500 554 1542 uaria
576 1502 616 1541 et
637 1501 793 1542 incerta
814 1500 1072 1553 opinionibus
1095 1500 1361 1541 uentilantur.
1390 1512 1491 1552 quae
1513 1502 1648 1541 autem

110 1571 254 1612 nsunt
283 1569 324 1610 in
354 1580 448 1610 uero
476 1569 536 1610 ita
557 1581 598 1610 se
619 1568 782 1618 habent,
812 1569 1066 1622 rescripsisse
1088 1568 1353 1610 Valerianum
1382 1569 1432 1609 ad
1462 1571 1648 1610 senatum

161 1638 207 1678 ut
228 1637 404 1690 episcopi
427 1638 468 1679 et
488 1637 717 1691 presbyteri
740 1638 780 1679 et
801 1637 989 1679 diacones
1011 1638 1052 1678 in
1074 1637 1295 1678 continenti
1318 1636 1650 1678 animaduertan-

162 1707 243 1755 tur,
279 1708 485 1748 senatores
515 1719 610 1747 uero
640 1707 680 1748 et
709 1706 864 1760 egregii
896 1705 975 1747 uiri
1004 1708 1045 1746 et
1073 1705 1228 1758 equites
1249 1705 1422 1746 Romani
1454 1704 1653 1758 dignitate

162 1775 313 1816 amissa
345 1774 470 1816 etiam
501 1774 618 1816 bonis
648 1775 875 1828 spolientur
896 1777 936 1816 et
958 1775 993 1815 si
1014 1773 1217 1826 ademptis
1246 1773 1515 1814 facultatibus
1543 1773 1649 1814 chri-

234 1911 254 1944 1
271 1912 425 1944 uestram
443 1913 479 1944 et
496 1921 560 1945 om.
582 1923 602 1944 v
796 1912 831 1944 et
849 1913 1004 1944 nostram
1022 1921 1087 1944 om.
1109 1912 1150 1953 μι
1341 1909 1362 1943 2
1380 1912 1561 1943 morantur
1579 1909 1613 1944 B

164 1969 188 2003 3
205 1971 288 2013 opto
308 1969 343 2002 B
550 1968 661 2002 frater
678 1968 869 2011 carissime]
889 1959 925 2001 st
941 1968 976 2002 B
1183 1967 1219 2001 in
1235 1966 1298 2001 deo
1316 1979 1375 2010 μν,
1394 1977 1458 2000 om.
1479 1965 1522 2006 B,
1542 1965 1579 1999 in
1596 1965 1659 2000 deo

166 2037 304 2070 semper
322 2038 341 2061 v
508 2025 591 2059 felix
609 2025 733 2070 scripsi
751 2036 817 2059 om.
836 2025 917 2059 ΒΗ
920 2025 951 2059 T
951 2026 1035 2070 βμν,
1052 2025 1136 2058 add.
1160 2024 1272 2059 (λι-οη.
1446 2024 1469 2057 4
1486 2023 1581 2057 iader
1601 2051 1607 2056 .
1624 2050 1630 2056 .
1646 2050 1653 2056 .

166 2084 283 2118 saluto
302 2095 368 2118 om.
388 2082 471 2129 Ββν
656 2082 833 2127 pollianus
852 2096 874 2126 μ
1054 2082 1302 2126 euthycianum
1320 2094 1355 2125 μ,
1374 2080 1565 2124 uthyciano
1588 2080 1620 2114 T

165 2141 188 2175 5
205 2140 358 2174 salutem
380 2141 417 2175 Τ.
436 2160 481 2165 -
497 2139 671 2185 Οῃπίαιιο
691 2139 790 2174 Felix
808 2138 908 2173 Iader
926 2139 1096 2173 Poliauus
1121 2138 1266 2183 explicit
1288 2139 1327 2177 Τ,
1351 2137 1513 2182 Epistola
1531 2136 1660 2171 Felicis

167 2198 312 2243 explicit
331 2199 375 2239 B,
394 2209 459 2232 om.
478 2198 602 2243 Ηβμν.
625 2218 668 2223 -

236 2255 350 2299 Epist.
375 2255 513 2289 LXXX.
541 2275 581 2281 -
608 2255 739 2299 Incipit
768 2256 850 2298 (om.
869 2255 924 2297 H)
953 2255 1108 2299 epistula
1137 2254 1234 2288 beati
1263 2241 1395 2297 (εἶθ)
1421 2251 1589 2297 Cypriani
1618 2250 1661 2285 ad

168 2313 374 2347 Successum
405 2312 488 2353 GH,
523 2312 657 2357 Incipit
685 2312 867 2357 (Cypriani
896 2312 981 2346 add.
1013 2323 1058 2347 m.
1083 2314 1122 2355 2)
1151 2311 1301 2356 epistola
1330 2310 1374 2344 ad
1398 2311 1601 2344 Successum
1623 2309 1661 2347 Τ,

170 2370 303 2414 Incipit
320 2372 398 2414 (om.
418 2372 457 2414 μ)
475 2370 518 2404 ad
535 2371 739 2404 §necessum
762 2371 811 2405 W
811 2383 847 2414 μ.
866 2390 909 2394 —
927 2370 949 2404 8
967 2369 1116 2404 scribere
1139 2369 1170 2402 T
1290 2368 1311 2401 9
1329 2367 1412 2402 cleri
1434 2367 1466 2402 T
1578 2365 1663 2408 ictu]

170 2427 240 2460 ioiu
262 2428 295 2462 T
491 2428 535 2461 10
551 2427 670 2471 istinc]
691 2427 773 2461 hinc
797 2426 829 2461 G
1027 2425 1136 2460 animi
1154 2425 1208 2459 sui
1224 2424 1409 2459 deuotione
1427 2423 1471 2457 ad
1488 2422 1662 2464 diuinam]

171 2485 386 2518 animatione
404 2484 527 2519 diuina
543 2485 587 2519 Η
590 2484 673 2519 TW
842 2485 882 2518 11
901 2484 1028 2518 celeste
1051 2483 1107 2522 W,
1126 2482 1269 2516 caelesti
1287 2482 1329 2515 ΙΙ
1486 2479 1598 2524 gloria
1615 2479 1665 2517 Η,

171 2553 298 2576 corona
323 2542 377 2583 W,
396 2553 561 2576 coronam
584 2543 617 2577 T
796 2542 865 2586 eos]
885 2552 979 2575 meos
1003 2542 1034 2575 T
1214 2539 1257 2573 12
1273 2537 1585 2582 quomodoquoque
1607 2536 1664 2575 W,

172 2599 264 2644 quod
287 2599 319 2634 G
448 2599 565 2645 nobis]
583 2600 638 2634 his
662 2600 693 2634 T
830 2600 872 2633 13
888 2598 1041 2632 fuissent
1060 2611 1082 2641 μ
1215 2595 1394 2640 explorata
1416 2594 1447 2629 G
1578 2592 1666 2626 ueri—

173 2658 250 2691 tate
274 2657 318 2697 G,
348 2657 417 2691 sibi
443 2657 632 2691 ueritatem
658 2669 705 2700 μυ
912 2644 1083 2690 referr'e'nt
1099 2667 1135 2698 μ,
1164 2653 1309 2687 referret
1332 2651 1381 2687 W
1381 2679 1389 2694 ‚
1418 2651 1569 2685 referent
1592 2650 1624 2683 G

173 2715 217 2748 14
234 2715 464 2748 uentulantur
487 2715 519 2749 T
631 2715 674 2748 15
689 2715 762 2748 sint
780 2727 803 2758 μ
912 2713 968 2758 ad]
986 2713 1030 2747 ob
1055 2712 1086 2747 G
1198 2711 1240 2745 16
1259 2710 1310 2754 ut]
1329 2713 1364 2744 et
1387 2709 1436 2744 W
1541 2710 1577 2742 et
1594 2707 1668 2741 dia-

173 2772 250 2806 coni
274 2772 316 2812 G,
335 2783 398 2806 om.
422 2772 455 2806 T
468 2772 507 2805 in
524 2782 594 2806 ras.
723 2771 942 2806 continentia
964 2770 1056 2810 TW,
1081 2767 1335 2803 continentiam
1359 2766 1391 2800 G
1512 2763 1668 2798 animad-

174 2831 397 2863 uerterentur
418 2829 458 2869 T,
475 2829 568 2863 enim
586 2828 819 2863 aduersantur
839 2827 891 2863 W
1054 2826 1094 2860 17
1114 2836 1195 2859 uero
1211 2826 1247 2858 ct
1264 2835 1329 2858 om.
1348 2837 1372 2867 μ
1534 2821 1603 2855 uiri
1621 2820 1668 2863 et]

174 2886 243 2920 uiri
267 2887 378 2921 Oaeon.
521 2886 563 2920 18
579 2885 776 2930 spoliantur
797 2885 892 2920 TW.
909 2883 1128 2928 expolientur
1151 2881 1183 2916 G
1323 2879 1447 2915 christi
1467 2881 1507 2922 μ·
