1838 3152
572 260 783 305 Epistula
806 259 1132 294 XVIIII.—-XX.
1515 261 1597 304 527

502 430 994 504 EPISTVLA
1041 430 1194 504 XX.

96 568 365 606 CYPRIANVS
389 568 708 603 PRESBYTERIS
732 568 791 602 ET
815 567 1106 603 DIACONIBVS
1131 566 1294 603 ROMAE
1320 566 1596 603 CONSISTEN-

605 625 744 659 TIBVS
769 624 1033 660 FRATRIBVS
1059 625 1093 659 S.

153 752 355 804 Quoniam
377 752 551 806 conperi,
576 751 724 795 fratres
746 753 963 804 carissimi,
985 753 1123 795 minus
1140 751 1387 805 simpliciter
1404 751 1444 792 et
1461 750 1597 792 minus
1616 751 1633 792 l

68 821 276 867 sfideliter
313 821 430 863 uobis
466 822 695 864 renuntiari
732 835 834 876 quae
871 822 939 864 hic
976 835 1000 864 a
1030 822 1147 864 nobis
1185 821 1227 863 et
1266 820 1383 875 gesta
1421 820 1517 862 sunt
1556 820 1598 861 et

97 891 307 946 geruntur,
346 890 619 932 necessarium
655 890 753 932 duxi
783 890 856 932 has
887 891 938 932 ad
969 902 1041 932 uos
1071 890 1233 932 litteras
1263 889 1407 939 facere,
1449 887 1598 942 quibus

94 959 210 1001 uobis
241 959 357 1000 actus
386 959 517 1000 nostri
538 960 579 1001 et
601 959 843 1013 disciplinae
870 961 911 1001 et
940 959 1182 1015 diligentiae
1209 958 1314 1001 ratio
1345 957 1595 1000 redderetur.

93 1041 190 1070 nam
229 1028 336 1070 sicut
366 1028 536 1070 Domini
565 1027 761 1069 mandata
792 1027 1016 1077 instruunt,
1055 1028 1143 1070 orto
1175 1027 1319 1069 statim
1348 1025 1597 1068 turbationis

94 1097 252 1150 impetu
291 1097 437 1151 primo,
480 1108 574 1138 cum
611 1108 676 1139 me
707 1097 885 1139 clamore
925 1096 1106 1139 uiolento
1148 1096 1380 1150 frequenter
1420 1095 1596 1149 populus

0 1207 1 1210 ,
49 1185 82 1210 ιο
94 1165 337 1220 flagitasset,
385 1177 465 1207 non
504 1166 592 1207 tam
631 1178 766 1207 meam
807 1165 987 1207 salutem
1029 1178 1151 1219 quam
1194 1165 1375 1219 quietem
1420 1165 1596 1207 fratrum

94 1234 304 1289 publicam
341 1232 524 1289 cogitans
554 1234 724 1276 interim
753 1234 915 1285 secessi,
954 1246 1104 1288 neeper
1134 1234 1451 1276 inuerecundam
1480 1245 1597 1287 prae-

98 1302 278 1345 sentiam
307 1304 490 1346 nostram
520 1303 667 1345 seditio
699 1315 801 1357 quae
832 1303 1019 1357 coeperat
1048 1303 1142 1357 plus
1173 1303 1475 1357 prouocaretur.
1522 1301 1596 1344 ab·

97 1385 187 1415 sens
216 1374 355 1415 tamen
387 1384 550 1427 corpore
579 1384 653 1414 nec
684 1371 834 1425 spiritu
863 1383 937 1413 nec
966 1372 1063 1413 actu
1093 1383 1166 1413 nec
1197 1371 1367 1413 monitis
1398 1371 1501 1413 meis
1523 1371 1595 1412 de-

95 1442 156 1483 fui
177 1454 256 1495 quo
284 1441 421 1483 minus
453 1441 677 1483 secundum
707 1440 877 1483 Domini
906 1442 1122 1495 praecepta
1153 1440 1351 1482 fratribus
1381 1440 1531 1482 nostris
1553 1441 1596 1482 in

0 1493 1 1501 ἵ
50 1530 83 1555 ιε
96 1510 245 1564 quibus
275 1521 435 1565 possem
466 1523 559 1552 mea
588 1509 871 1552 mediocritate
902 1510 1169 1552 consulerem.

148 1579 204 1621 Et
244 1578 344 1632 quid
389 1579 544 1633 egerim
589 1578 781 1621 locuntur
826 1578 944 1621 uobis
984 1579 1187 1633 epistulae
1227 1591 1300 1633 pro
1341 1578 1633 1632 temporibus2

96 1648 267 1690 emissae
303 1659 472 1689 numero
511 1648 723 1699 tredecim,
763 1660 863 1702 quas
902 1648 953 1689 ad
991 1660 1064 1690 uos
1104 1647 1331 1699 transmisi,
1370 1647 1414 1689 in
1444 1647 1594 1701 quibus

92 1729 164 1759 nec
195 1717 301 1759 clero
332 1716 551 1758 consilium
580 1729 653 1759 nec
684 1716 981 1759 confessoribus
1013 1717 1240 1759 exhortatio
1265 1729 1337 1759 nec
1365 1716 1594 1759 extorribus

94 1786 254 1840 quando
285 1785 466 1840 oportuit
496 1786 728 1840 obiurgatio
756 1798 829 1828 nec
859 1785 1075 1828 uniuersae
1105 1785 1360 1828 fraternitati
1381 1786 1431 1828 ad
1453 1786 1595 1840 depre-

47 1871 83 1897 πο
96 1855 267 1896 eandam
287 1855 364 1897 Dei
392 1854 720 1897 misericordiam
750 1854 957 1897 adlocutio
986 1855 1028 1896 et
1048 1854 1256 1908 persuasio
1286 1856 1427 1897 nostra
1447 1854 1593 1906 defuit,

93 1924 295 1977 quantum
326 1923 551 1965 secundum
580 1923 715 1978 legem
746 1923 842 1965 fidei
864 1924 906 1965 et
926 1923 1119 1966 timorem
1139 1923 1215 1965 Dei
1237 1924 1414 1966 Domino
1442 1936 1594 1979 sugge-

93 1993 207 2034 rente
237 1993 376 2034 nostra
406 1992 667 2034 mediocritas
697 1992 834 2046 potuit
866 1992 979 2034 eniti.
1012 1993 1153 2046 postea
1182 2005 1306 2046 quam
1327 2004 1422 2034 uero
1445 1994 1486 2035 et
1507 1994 1594 2035 tor-

95 2061 236 2103 menta
273 2063 486 2112 uenerunt,
526 2061 613 2103 siue
651 2061 736 2103 iam
774 2061 896 2102 tortis
931 2060 1130 2103 fratribus
1160 2061 1311 2104 nostris
1342 2061 1430 2103 siue
1461 2061 1595 2104 adhuc

94 2130 141 2171 ut
170 2130 455 2183 torquerentur
492 2129 674 2180 inclusiS,
715 2130 766 2171 ad
798 2129 1111 2173 corroborandos
1143 2131 1184 2172 et
1214 2130 1497 2172 confortandos
1528 2143 1594 2173 eos

52 2210 86 2236 25
99 2198 235 2240 noster
265 2209 394 2240 sermo
425 2199 668 2253 penetrauit.
708 2198 811 2240 item
843 2210 937 2240 cum
967 2199 1241 2253 conperissem
1270 2211 1336 2241 eos
1367 2199 1438 2253 qui
1469 2200 1595 2242 sacri-

161 2356 276 2401 Epist.
301 2357 377 2392 XX.
403 2377 444 2383 —
470 2358 606 2403 Incipit
631 2358 675 2392 ad
699 2358 831 2393 clerum
856 2358 987 2393 Romae
1010 2359 1054 2400 F,
1085 2359 1220 2404 Incipit
1244 2359 1290 2394 ad
1313 2359 1490 2396 Romanos
1510 2361 1594 2403 LN,

93 2414 227 2458 Incipit
251 2414 407 2449 ciusdem
433 2415 583 2450 secunda
611 2415 650 2460 Q.
678 2436 720 2441 -—
745 2416 767 2450 4
792 2416 961 2460 comperit
985 2416 1021 2451 L
1112 2417 1135 2451 5
1159 2419 1195 2451 et
1221 2418 1336 2463 gesta]
1361 2420 1463 2463 gesta
1491 2419 1520 2464 Q

94 2471 116 2506 6
141 2473 358 2506 necessarius
383 2472 435 2507 L¹
527 2473 550 2507 8
575 2473 804 2507 instruuntur
828 2473 858 2518 Q
882 2473 1125 2516 (instruuntur
1149 2475 1186 2508 ct
1203 2474 1265 2518 M)
1358 2477 1437 2510 orto
1462 2487 1527 2510 om.
1553 2475 1594 2521 Q,

97 2528 218 2562 hortos
233 2529 276 2564 N
363 2529 385 2563 9
402 2529 575 2565 uiolenta>
599 2529 629 2575 Q
646 2530 850 2574 (uiolentior
864 2531 923 2574 M)
1018 2532 1062 2566 10
1078 2531 1257 2566 fratruum
1276 2532 1305 2577 Q
1398 2533 1440 2567 11
1460 2533 1596 2567 inuere-

97 2585 260 2620 cundiam
290 2585 321 2631 Q
413 2587 457 2620 12
482 2598 571 2631 quae
601 2587 631 2632 Q
653 2587 714 2622 sed
738 2599 761 2633 q
785 2598 811 2623 s.
838 2588 860 2622 l.
888 2592 966 2632 (uae
991 2589 1052 2633 Μ’)
1147 2589 1194 2624 13
1219 2589 1313 2623 enim
1337 2590 1456 2624 tamen
1475 2590 1510 2625 L
1534 2590 1596 2625 sed

97 2642 193 2678 enim
210 2654 290 2688 exp.
361 2644 522 2690 monitis]
540 2644 700 2679 molestis
717 2646 757 2680 F
827 2646 925 2681 defui
946 2647 987 2692 Q,
1006 2646 1125 2681 decuit
1141 2646 1259 2681 FLN
1346 2648 1388 2681 16
1406 2647 1497 2691 quod
1514 2647 1555 2681 F

99 2700 140 2734 17
166 2700 294 2735 missae
319 2701 361 2736 N
366 2701 395 2746 Q
500 2703 543 2737 18
567 2702 753 2737 consilium
778 2714 896 2738 meum
924 2704 954 2749 Q
1058 2703 1334 2738 confessionibus
1359 2704 1400 2738 F
1500 2714 1596 2739 exor-

95 2758 187 2792 tatio
211 2768 274 2793 ncc
298 2758 344 2802 L,
371 2759 632 2794 exhortationes
657 2760 702 2795 N
790 2761 833 2795 19
857 2761 1098 2795 fraternitatis
1124 2761 1170 2795 N
1255 2761 1300 2795 22
1325 2761 1410 2795 initi
1439 2760 1469 2807 Q
1561 2764 1596 2796 et

95 2824 159 2849 om.
186 2815 226 2849 F
328 2816 373 2850 23
398 2816 517 2861 tortis]
543 2817 730 2851 tormentis
758 2818 800 2852 F
901 2818 946 2853 24
970 2817 1218 2853 confortandos
1243 2818 1441 2863 FLNQV,
1468 2819 1594 2854 confir-

95 2871 238 2906 mandos
263 2883 285 2908 v
376 2872 422 2907 25
446 2874 655 2917 comperisse
679 2874 723 2909 N
