1838 3152
200 178 284 220 696
738 173 932 210 Caecilii
958 173 1172 218 Cypriani

198 279 431 322 summatus
454 278 601 319 Daniel
623 278 763 320 extitit
783 278 825 319 in
848 278 933 319 suis
955 278 1162 329 laudibus,
1184 278 1280 331 quia
1303 279 1372 331 qui
1394 278 1579 321 leonibus
1603 279 1707 320 mis-

199 360 267 390 sus
289 347 422 389 fuerat
444 347 496 388 ad
517 347 724 400 praedam,
750 347 959 399 protectus
982 360 1005 388 a
1026 347 1202 388 Domino
1226 347 1332 388 uixit
1361 347 1411 388 ad
1442 348 1631 401 gloriam.
1664 348 1707 389 in

205 415 503 458 confessoribus
526 414 680 456 Christi
715 415 846 457 dilata
879 415 1081 469 martyria
1110 427 1188 456 non
1219 415 1414 456 meritum
1444 415 1708 458 confessionis

202 485 418 535 minuunt,
449 483 520 525 sed
548 484 757 538 magnalia
787 484 950 525 diuinae
988 483 1253 536 protectionis
1285 484 1515 525 ostendunt.
1549 498 1706 538 reprae-

200 555 410 596 sentatum
432 552 622 594 uidemus
646 553 688 594 in
711 552 827 594 uobis
851 553 958 605 quod
979 552 1086 606 apud
1109 564 1247 606 regem
1277 552 1401 594 fortes
1430 553 1559 606 adque
1594 554 1735 595 inlu-5

201 624 305 665 stres
341 622 457 675 pueri
493 621 844 674 pmedicauerunt,
882 621 991 674 ipsos
1029 621 1195 674 quidem
1233 621 1395 675 paratos
1438 634 1524 663 esse
1566 622 1708 664 ardere

199 692 393 742 fiammis,
423 704 472 733 ne
495 691 574 733 diis
603 691 689 732 eius
721 691 922 732 seruirent
952 691 1024 732 aut
1043 690 1270 744 imaginem
1292 703 1415 743 quam
1436 689 1588 732 fecerat
1611 691 1710 732 ado-

202 761 353 811 rarent,
392 761 526 802 Deum
563 760 700 801 tamen
737 772 859 812 quem
896 759 1083 801 colebant
1120 771 1322 812 quemque
1355 760 1395 800 et
1427 772 1498 801 nos
1535 759 1709 800 colimus

200 830 411 885 potentem
435 841 521 870 esse
543 830 590 869 ut
612 839 712 881 quos
734 828 783 869 de
806 828 966 870 camino
988 827 1097 882 ignis
1120 827 1317 869 eximeret
1338 829 1379 869 et
1400 828 1449 869 de
1478 827 1586 882 regis
1619 840 1709 869 ma—

200 899 323 941 nibus
359 911 405 940 ac
442 898 490 939 (16
526 897 665 950 poenis
702 897 988 950 praesentibus
1018 897 1226 938 liberaret.
1259 896 1366 949 quod
1398 896 1632 938 inuenimus
1665 896 1709 939 111
1725 915 1757 940 10

202 967 466 1010 confessionis
496 966 657 1008 uestrae
679 965 757 1006 fide
780 966 820 1007 et
842 966 884 1006 in
905 965 1073 1006 Domini
1095 965 1202 1007 circa
1223 978 1295 1007 uos
1324 965 1575 1018 protectione
1604 978 1711 1007 nunc

201 1037 379 1092 gestum,
402 1037 460 1093 'ut
489 1048 582 1077 cum
613 1047 685 1077 uos
707 1035 841 1088 parati
864 1034 1027 1077 fueritis
1051 1036 1091 1077 et
1112 1035 1293 1089 prompti
1316 1047 1433 1076 omne
1456 1035 1593 1076 subire
1615 1047 1714 1088 sup-

201 1091 398 1160 pheuma,
425 1105 627 1147 Dominus
664 1106 804 1146 tamen
841 1117 913 1146 uos
950 1117 1101 1158 poenae
1139 1104 1398 1146 subtraheret
1435 1104 1475 1144 et
1512 1104 1707 1145 ecclesiae

200 1175 441 1216 reseruaret.
465 1173 794 1228 regredientibus
817 1173 934 1214 uobis
955 1173 1142 1214 breuiata
1163 1186 1243 1215 non
1265 1174 1327 1214 est
1348 1173 1391 1214 111
1413 1173 1599 1226 episcopo
1617 1185 1713 1214 con-

203 1242 393 1284 fessionis
423 1255 518 1284 suae
547 1242 743 1297 dignitaS,
776 1243 846 1283 sed
876 1242 1009 1297 magis
1032 1243 1161 1284 creuit
1183 1241 1448 1284 sacerdotalis
1471 1242 1709 1293 auctoritas,
1727 1258 1758 1282 15

201 1312 248 1354 ut
270 1312 394 1353 altari
416 1311 492 1352 Dei
514 1311 690 1353 adsistat
712 1311 885 1353 antistes
908 1312 977 1364 qui
999 1312 1050 1353 ad
1072 1311 1336 1353 confessionis
1367 1324 1482 1353 arma
1513 1310 1714 1352 sumenda

202 1382 243 1423 et
265 1380 452 1422 facienda
474 1380 675 1434 martyria
696 1392 775 1421 non
798 1380 934 1422 uerbis
963 1380 1126 1434 plebem
1156 1380 1227 1421 sed
1257 1379 1377 1422 factis
1408 1379 1642 1422 cohortetur
1673 1380 1715 1421 et

202 1450 431 1493 inminente
454 1449 698 1491 antichristo
721 1450 836 1502 paret
858 1450 908 1490 ad
929 1449 1131 1502 proelium
1154 1449 1312 1491 milites
1336 1461 1415 1490 non
1438 1449 1522 1491 solo
1555 1461 1711 1490 sermo—

202 1520 266 1561 nis
289 1520 330 1560 et
351 1519 463 1561 uocis
484 1519 749 1560 incitamento
773 1518 842 1560 sed
864 1518 959 1560 fidei
982 1519 1022 1559 et
1044 1518 1217 1560 uirtutis
1240 1518 1436 1571 exemplo,

165 1595 189 1636 3
262 1588 574 1643 Intellegimus,
598 1587 723 1628 frater
745 1587 966 1640 carissime,
999 1588 1040 1629 et
1068 1588 1156 1629 tota
1185 1587 1317 1629 cordis
1349 1586 1480 1628 nostri
1508 1587 1597 1628 luce
1619 1599 1712 1640 per·
1728 1603 1762 1629 20

204 1658 401 1712 spicimus
420 1657 583 1698 diuinae
603 1656 834 1699 maiestatis
853 1656 1051 1698 salutaria
1068 1656 1109 1698 et
1130 1658 1274 1698 sancta
1296 1656 1479 1707 consilia,
1503 1656 1609 1697 unde
1626 1655 1716 1698 illic

204 1726 419 1780 repentina
459 1725 688 1780 persecutio
728 1738 857 1780 nuper
893 1727 1032 1767 exorta
1070 1726 1137 1776 sit,
1175 1725 1282 1767 unde
1320 1726 1461 1767 contra
1498 1725 1713 1767 ecclesiam

205 1795 360 1838 Christi
382 1796 423 1837 et
445 1795 682 1850 episcopum
703 1794 937 1837 Cornelium
966 1795 1135 1836 beatum
1157 1795 1384 1848 martyrem
1406 1806 1558 1847 uosque
1577 1806 1716 1836 omnes

208 1865 429 1908 saecularis
451 1865 632 1918 potestas
655 1864 792 1906 subito
814 1863 1057 1918 proruperit,
1089 1864 1136 1905 ut
1165 1863 1217 1905 ad
1247 1862 1550 1905 confundendos
1573 1863 1716 1905 haere·

209 1934 313 1976 ticos
349 1935 389 1976 et
425 1933 700 1976 retundendos
737 1933 969 1975 ostenderet
1005 1932 1206 1974 Dominus
1245 1945 1347 1986 quae
1385 1933 1492 1974 esset
1528 1932 1711 1983 ecclesia,
1730 1951 1762 1977 25

206 2004 299 2058 quis
328 2003 541 2057 episcopus
573 2003 660 2045 eius
694 2016 798 2045 61163
831 2002 973 2044 diuina
1005 2002 1262 2044 ordinatione
1293 2001 1489 2051 (16160163,
1520 2001 1591 2054 qui
1620 2013 1715 2043 oum

277 2233 300 2267 4
318 2232 390 2277 sed]
410 2234 444 2266 et
462 2232 501 2266 F
653 2230 988 2275 repraesentandum
1006 2231 1045 2265 F
1203 2231 1225 2265 5
1242 2240 1342 2275 reges
1366 2229 1395 2274 Q
1558 2229 1577 2262 7
1596 2239 1719 2273 quam-

209 2300 317 2335 quam
340 2291 384 2323 1¹¹
486 2290 642 2323 fecerant
661 2290 709 2323 L*
726 2288 754 2334 Q
848 2288 869 2322 8
888 2299 990 2332 quem
1008 2289 1129 2321 tamen
1153 2287 1220 2332 ΩΤ
1312 2287 1496 2331 quemque]
1518 2297 1620 2330 quem
1644 2285 1678 2319 V

208 2348 367 2383 colurnus
387 2348 435 2381 L¹
450 2348 493 2382 T¹
664 2347 684 2380 9
704 2357 789 2390 quos
808 2347 852 2386 F,
873 2356 930 2380 eos
949 2344 1112 2390 LPQTv
1269 2344 1449 2388 eximeret]
1469 2343 1600 2379 deinde
1619 2343 1721 2378 deest

210 2409 325 2441 totum
343 2406 471 2448 folium
491 2406 528 2439 in
548 2405 586 2439 F
748 2405 789 2438 ll
807 2405 947 2438 nostrae
970 2403 999 2449 Q
1154 2389 1237 2436 (lffisi
1259 2402 1287 2447 Q
1451 2400 1493 2434 12
1512 2411 1612 2434 omne
1632 2401 1664 2434 T
1678 2410 1721 2434 ne

211 2464 252 2498 in
268 2473 352 2507 ras„
378 2473 515 2497 omnem
538 2462 567 2507 Q
769 2462 982 2506 subplitium
1005 2462 1037 2496 T
1236 2459 1278 2493 14
1296 2458 1414 2493 uosbis
1432 2458 1478 2492 M
1496 2457 1609 2501 (uobis
1630 2457 1673 2502 Q)

213 2520 377 2555 brebiata
400 2520 429 2565 Q
576 2520 617 2554 16
635 2519 742 2554 alteri
763 2519 796 2553 L
935 2518 1008 2563 dei]
1026 2509 1072 2553 (13
1086 2517 1154 2562 LQ
1295 2515 1479 2550 antistites
1501 2515 1539 2560 Q,
1567 2514 1720 2549 antestis

216 2589 260 2614 ex
278 2579 425 2613 attestes
449 2579 481 2613 Τ
640 2578 682 2611 17
701 2578 878 2612 coortetur
895 2577 930 2610 P
1085 2576 1127 2610 18
1146 2575 1218 2609 solo
1237 2573 1426 2614 FLPTV,
1445 2573 1557 2606 solum
1579 2572 1685 2628 ῼυν

212 2636 365 2671 3611110111
384 2635 444 2670 sed
463 2636 496 2670 L
606 2636 648 2669 19
667 2635 739 2680 sed]
759 2634 818 2669 sed
836 2636 871 2668 et
894 2634 927 2669 V
1032 2633 1077 2668 20
1094 2633 1222 2667 frat***
1242 2633 1286 2673 P,
1305 2631 1435 2665 fratres
1459 2631 1491 2664 T
1596 2622 1671 2663 kmi
1693 2629 1727 2663 T

213 2694 227 2728 i
244 2695 286 2728 in
303 2705 375 2728 ‘ra-5.
517 2693 647 2728 nostris
668 2693 698 2738 Q
842 2692 886 2726 22
903 2692 1051 2726 exhorta
1072 2691 1111 2736 Q,
1130 2692 1207 2725 orta
1229 2691 1261 2725 T
1406 2687 1450 2722 23
1468 2688 1503 2721 61
1521 2698 1585 2722 om.
1607 2687 1679 2720 LP

214 2743 396 2796 uosqueL
534 2751 649 2785 omnis
669 2750 805 2795 LQT2,
824 2760 961 2784 omnem
984 2750 1028 2783 Τ1
1175 2748 1220 2783 24
1237 2746 1429 2782 saecularis
1452 2746 1483 2779 T
1498 2745 1527 2779 is
1546 2745 1586 2779 in
1603 2755 1674 2779 rasa

212 2809 403 2853 potestisas
422 2809 471 2843 M
486 2809 661 2853 (potestas
685 2808 727 2852 Q)
866 2806 911 2841 26
931 2806 1088 2841 deiectus
1111 2807 1143 2841 T
1280 2805 1360 2849 quis
1381 2804 1410 2849 Q
