1838 3152
608 256 827 301 Epistula
849 256 1170 292 xxx-xxm,
1551 260 1634 303 557

489 427 980 499 EPIcTVLA
1027 427 1292 500 XXXI.

407 563 647 600 CYPRIANO
674 563 829 598 PAPAE
854 563 1036 598 MOYSES
1062 563 1120 597 ET
1146 563 1366 598 MAXIMVS

131 621 425 658 PRESBYTERI
451 621 509 656 ET
533 620 826 657 NICOSRATVS
852 621 909 656 ΕΤ
927 621 1076 655 RVFIN
1083 621 1136 656 VS
1161 621 1219 655 ET
1237 621 1407 656 CETERI
1433 621 1514 665 QVI
1540 621 1639 657 CVM

645 678 719 713 EIS
746 678 1070 714 CONFESSORES
1095 678 1127 713 S.

104 807 119 832 5
189 794 302 836 Inter
339 792 475 835 uarios
506 793 547 834 et
577 793 846 847 multiplices,
886 792 1026 843 frater,
1066 793 1225 835 dolores
1256 791 1373 834 nobis
1404 792 1678 835 constitutis!

133 863 298 917 propter
336 863 569 915 praesentes
610 862 838 903 multorum
877 874 949 914 per
985 862 1120 903 totum
1159 874 1285 914 paene
1323 860 1463 902 orbem
1501 861 1639 903 ruinas

133 931 209 974 hoc
240 930 504 985 praecipuum
535 929 651 971 nobis
682 930 879 971 solacium
901 930 1138 984 superuenit
1159 930 1266 983 quod
1289 929 1470 984 acceptis
1491 929 1643 971 litteris

133 1000 218 1042 tuis
249 1000 375 1042 erecti
404 1011 546 1041 sumus
575 1000 616 1041 et
645 999 822 1041 dolentis
853 999 981 1040 animi
1011 999 1264 1041 maeroribus
1296 999 1478 1041 fomenta
1508 1010 1645 1040 susce-

133 1069 282 1124 pimus
324 1068 432 1110 unde
470 1067 712 1122 intellegere
750 1068 832 1110 iam
873 1079 1090 1121 possumus
1129 1068 1307 1123 gratiam
1348 1067 1512 1109 diuinae
1549 1079 1647 1122 pro-

89 1153 122 1178 ιο
134 1137 341 1179 uidentiae
380 1137 551 1179 forsitan
588 1148 668 1178 non
699 1136 748 1178 ob
780 1136 905 1178 aliam
944 1148 1110 1179 causam
1150 1148 1221 1178 nos
1260 1137 1348 1178 tam
1381 1136 1452 1178 diu
1484 1136 1643 1178 clausos

136 1206 315 1248 uinculis
355 1206 528 1248 carceris
567 1218 771 1247 reseruare
809 1205 989 1247 uoluisse
1027 1205 1107 1247 nisi
1146 1206 1193 1247 ut
1222 1205 1415 1247 instructi
1451 1206 1491 1247 et
1522 1205 1646 1247 robu-

140 1275 245 1318 stius
277 1275 451 1317 animati
482 1275 635 1317 litteris
666 1275 751 1317 tuis
781 1277 877 1317 uoto
905 1275 1090 1329 proniore
1112 1276 1164 1317 ad
1185 1287 1374 1317 coronam
1396 1274 1647 1316 destinatam

139 1356 352 1399 possemus
387 1344 610 1398 peruenire.
651 1344 888 1386 inluxerunt
919 1343 1030 1386 enim
1059 1344 1176 1386 nobis
1206 1344 1370 1386 litterae
1400 1343 1496 1385 tuae
1526 1343 1574 1384 ut
1603 1342 1647 1384 in

141 1413 386 1467 tempestate
418 1412 596 1467 quadam
627 1413 837 1464 serenitas,
869 1414 917 1454 ut
938 1413 980 1455 in
1002 1413 1167 1455 turbido
1195 1413 1300 1454 mari
1326 1413 1514 1466 exoptata
1534 1412 1649 1453 tran-

96 1498 126 1524 15
143 1481 343 1535 quinitas,
383 1482 431 1523 ut
460 1481 503 1523 in
533 1481 744 1524 laboribus
782 1482 955 1535 requies,
995 1482 1043 1523 ut
1072 1482 1115 1524 in
1144 1481 1339 1536 periculis
1370 1482 1412 1523 et
1441 1480 1650 1523 doloribus

140 1550 308 1602 sanitas,
348 1551 396 1592 ut
433 1551 476 1593 in
515 1550 772 1593 densissimis
810 1551 989 1593 tenebris
1028 1550 1201 1593 candida
1238 1550 1308 1592 lux
1347 1551 1389 1592 et
1426 1549 1647 1604 refulgens.

140 1619 202 1662 ita
240 1619 335 1661 illas
373 1619 509 1661 animo
550 1619 716 1662 sitiente
746 1619 1002 1674 perbibimus
1033 1620 1074 1662 et
1104 1620 1199 1661 uoto
1232 1619 1435 1661 esuriente
1466 1617 1650 1671 suscepi-

140 1701 246 1739 mus,
278 1688 325 1729 ut
353 1688 404 1729 ad
435 1689 642 1730 certamen
672 1688 831 1730 inimici
863 1702 910 1730 ex
940 1689 1026 1731 illis
1057 1700 1129 1730 nos
1156 1689 1260 1738 ,satis
1291 1688 1431 1742 pastos
1464 1688 1505 1729 et
1535 1686 1648 1741 sagi-

140 1759 258 1800 natos
302 1758 566 1813 gaudeamus.
609 1759 752 1800 reddet
789 1758 868 1799 tibi
900 1758 1102 1800 Dominus
1141 1770 1212 1811 pro
1251 1758 1333 1799 ista
1370 1758 1442 1799 tua
1481 1756 1650 1797 caritate

95 1843 128 1868 20
141 1827 371 1869 mercedem
414 1827 455 1867 et
495 1827 617 1869 huius
657 1828 745 1869 tam
787 1827 881 1869 boni
924 1828 1056 1881 operis
1097 1826 1422 1880 repraesentabit
1468 1824 1652 1866 debitam

212 1951 325 1996 Epist.
343 1950 475 1985 XXXI.
496 1971 536 1976 —
555 1951 688 1996 Incipit
713 1951 857 1997 (incipit
885 1962 950 1986 om.
971 1952 1024 1995 H)
1048 1950 1224 1996 Cypriano
1250 1961 1362 1996 papae
1379 1950 1518 1995 Moyses
1547 1950 1584 1982 ct
1601 1948 1653 1992 (et

140 2018 205 2043 om.
229 2009 273 2051 T)
291 2009 467 2043 Maximus
478 1997 578 2054 {befi
592 2008 796 2053 (presbiteri
809 2011 854 2050 II,
873 2011 908 2043 et
925 2009 1033 2043 ceteri
1051 2009 1263 2043 confessores
1276 2010 1316 2054 μ)
1330 2010 1425 2053 ΗΤμ
1444 2009 1463 2052 (
1460 2008 1523 2051 fol.
1539 2007 1652 2050 166⁶),

146 2066 371 2111 Rescriptum
397 2066 514 2111 Moysi
543 2068 579 2100 et
607 2066 757 2101 Maximi
789 2066 989 2112 presbyteri
1020 2068 1215 2101 ceterorum
1237 2078 1271 2112 9,
1305 2066 1489 2110 Rescripta
1520 2066 1655 2101 confes-

141 2133 258 2157 sorum
278 2136 298 2157 v
317 2124 398 2167 (fol.
417 2125 533 2167 190⁶),
558 2124 692 2169 Incipit
708 2124 754 2165 F,
773 2135 838 2158 om.
858 2125 889 2170 β.
910 2145 952 2149 -
971 2124 992 2158 2
1010 2124 1163 2159 Caecilio
1181 2124 1346 2169 cypriano
1364 2124 1525 2169 episcopo
1543 2123 1654 2158 eccle-

141 2179 214 2214 siae
243 2181 570 2225 carthaginensium
586 2182 725 2226 Moyses
750 2181 934 2216 Baluzius
957 2192 1002 2216 ex
1026 2181 1268 2216 uetustissimo
1293 2191 1397 2226 quem
1421 2180 1511 2222 dicit
1534 2180 1657 2216 codice

140 2238 262 2272 sancti
278 2238 435 2284 Remi9ii
451 2239 641 2274 Remensis
759 2239 782 2274 3
799 2239 949 2284 rufinus]
967 2239 1106 2274 diaconi
1123 2238 1209 2273 add.
1233 2240 1313 2283 Τμυ
1429 2238 1490 2283 qui
1508 2249 1587 2272 cum
1605 2238 1657 2273 eis

141 2294 222 2336 FT,
251 2305 329 2329 cum
358 2296 408 2330 eis
433 2309 465 2338 ν,
496 2296 558 2341 qui
587 2307 666 2332 cum
692 2297 743 2331 eis
769 2299 853 2332 sunt
877 2298 997 2342 Η9βμ,
1028 2308 1094 2332 om.
1112 2308 1133 2332 v
1263 2296 1287 2331 4
1310 2295 1537 2340 confessores]
1568 2295 1653 2330 add.

143 2351 324 2387 Bazuzius
349 2363 394 2387 ex
418 2353 537 2388 eodem
562 2354 702 2389 codice.-
729 2354 766 2389 in
784 2354 851 2389 fide
874 2354 1040 2388 ueritatis
1065 2355 1328 2399 perseuerantes
1352 2353 1389 2388 in
1413 2352 1477 2388 deo
1502 2354 1604 2397 patre
1621 2354 1658 2388 et

143 2409 180 2443 in
206 2409 280 2444 filio
305 2409 381 2444 eius
406 2411 482 2445 iesu
508 2411 643 2446 christo
669 2411 809 2446 domino
833 2413 954 2446 nostro
972 2414 1008 2447 et
1024 2412 1060 2446 in
1079 2412 1210 2457 spiritu
1234 2413 1356 2446 saneto
1488 2412 1512 2449 5
1530 2410 1656 2455 frater]

144 2477 248 2511 super
263 2477 286 2512 9
392 2467 430 2502 in
447 2468 549 2502 nobis
567 2469 782 2504 constitutos
801 2483 822 2503 v
940 2470 961 2505 6
979 2470 1172 2504 multorum
1190 2470 1342 2504 fratrum
1359 2481 1380 2505 v
1494 2470 1517 2503 8
1533 2469 1656 2503 dolen-

143 2524 199 2558 tes
218 2525 259 2557 H
362 2525 576 2570 suscipimus
597 2527 631 2562 Τ
734 2528 756 2562 9
774 2527 912 2572 gratiae
929 2526 961 2561 d.
980 2527 1225 2572 prouidentiae
1243 2526 1405 2561 forsitam
1424 2540 1444 2560 v
1539 2526 1583 2560 10
1599 2525 1657 2570 ob]

145 2582 191 2617 ab
213 2583 244 2616 T
349 2584 424 2629 nos]
449 2595 511 2619 nos
530 2595 597 2619 non
614 2585 690 2620 FT
793 2585 882 2631 tam]
900 2586 1042 2620 tantum
1065 2586 1098 2620 T
1203 2584 1334 2619 clausis
1352 2585 1384 2618 T
1487 2584 1529 2618 11
1547 2593 1658 2618 reser-

144 2640 223 2674 uari
238 2651 260 2686 9
374 2640 563 2676 instructis
585 2643 622 2684 T,
641 2642 854 2678 instructius
872 2643 1075 2678 Manutius
1191 2643 1235 2676 13
1252 2652 1352 2686 posse
1371 2642 1412 2674 H
1523 2640 1660 2675 litteris

145 2696 220 2731 tuis
238 2710 260 2731 ν
393 2698 437 2732 14
453 2699 506 2743 ut]
526 2700 562 2733 et
578 2710 599 2734 v
730 2701 896 2745 exoptata
913 2711 978 2735 om.
1003 2700 1038 2735 V
1167 2700 1267 2746 15ut
1284 2699 1320 2734 in
1337 2698 1376 2743 L]
1395 2700 1431 2733 et
1449 2699 1486 2733 in
1503 2698 1528 2732 l.
1546 2709 1567 2733 υ

144 2752 340 2799 doloribus]
358 2754 542 2790 laboribus
560 2769 582 2791 ν
676 2757 720 2791 16
737 2757 879 2802 fulgens
896 2758 979 2803 11913
1073 2757 1115 2791 17
1134 2756 1199 2791 illa
1218 2769 1238 2790 ν
1333 2756 1377 2790 18
1394 2766 1456 2790 nos
1474 2766 1539 2790 om.
1559 2755 1612 2800 Τμ

147 2811 238 2845 satis
255 2822 321 2846 om.
336 2823 359 2858 9
451 2813 547 2857 pasti
564 2827 600 2858 μ,
618 2813 757 2849 cibatos
771 2825 794 2860 9
894 2813 1053 2859 saginati
1071 2827 1095 2858 μ
1204 2814 1249 2850 19
1267 2824 1342 2848 esse
1358 2812 1577 2858 gaudeamus
1592 2822 1614 2857 9

147 2867 195 2903 20
209 2868 325 2913 operis
342 2879 407 2904 om.
426 2880 450 2915 9
543 2871 825 2916 repraesentauit
846 2872 878 2905 T
967 2871 1139 2916 debitam]
1158 2871 1202 2906 ad
1220 2884 1241 2905 ν
