1912 3152
682 229 863 264 Testim.
890 228 912 263 l.
940 228 968 262 Ι.
994 229 1211 273 capitula.
1645 230 1698 272 37

684 436 880 479 LIBER
927 435 1186 478 PRIMVS.

797 561 1091 598 CAPITVLA.

329 655 361 696 I.
385 654 558 697 Iudaeos
579 654 621 696 in
642 654 838 697 offensam
860 655 937 697 Dei
959 655 1144 710 grauiter
1164 654 1398 708 deliquisse,
1425 655 1533 709 quod
1554 655 1699 697 Domi-

384 736 484 765 num
507 723 751 776 reliquerint
773 724 813 765 et
834 723 945 765 idola
967 723 1097 765 secuti
1119 724 1214 765 sint.

154 812 171 834 τ,
302 793 356 833 ΙΙ.
381 791 498 843 Quod
519 792 730 846 prophetis
751 804 831 834 non
852 792 1100 834 crediderint
1121 793 1162 834 et
1183 804 1250 835 eos
1271 792 1564 835 interfecerint.

283 861 360 902 III.
385 860 494 903 Ante
515 861 792 915 praedictum,
817 861 925 915 quod
937 861 1164 903 Dominum
1195 873 1325 914 neque
1346 861 1551 916 cognituri
1571 874 1701 916 neque

384 930 636 972 intellecturi
656 943 785 983 neque
806 931 1011 984 recepturi
1033 931 1179 972 essent.

259 999 359 1040 IIII.
384 998 500 1050 Quod
521 999 745 1052 scripturas
762 999 922 1041 sanctas
941 999 1192 1041 intellecturi
1202 998 1346 1041 Iudaei
1362 1011 1441 1041 non
1457 1001 1614 1051 essent,
1638 1000 1701 1042 in-

383 1068 526 1123 tellegi
548 1069 687 1111 autem
708 1069 904 1111 haberent
924 1069 967 1111 in
987 1069 1224 1111 nouissimis
1246 1069 1515 1124 temporibus,
1539 1071 1701 1124 postea-

137 1155 170 1179 ιο
384 1150 507 1191 quam
529 1136 716 1179 Christus
738 1138 930 1180 uenisset.

312 1207 361 1249 V.
388 1207 503 1249 Nihil
534 1220 650 1262 posse
681 1208 854 1250 Iudaeos
886 1207 1124 1263 intellegere
1145 1208 1195 1250 de
1218 1208 1452 1262 scripturis,
1485 1208 1564 1250 nisi
1586 1208 1700 1262 prius

386 1276 632 1319 crediderint
654 1277 696 1318 in
718 1276 941 1319 Christum.

290 1345 361 1387 VI.
386 1345 504 1398 Quod
526 1345 789 1388 Hierusalem
811 1346 1015 1400 perdituri
1045 1347 1180 1388 essent
1201 1346 1242 1389 et
1262 1347 1413 1388 terram
1440 1359 1564 1400 quam
1587 1358 1700 1389 acce-

385 1416 529 1469 perant
558 1415 755 1457 relicturi.

138 1504 170 1528 1⁵
272 1483 366 1525 VII.
388 1484 496 1525 Item
518 1484 626 1537 quod
647 1485 781 1526 essent
802 1484 995 1526 amissuri
1016 1484 1158 1526 lumen
1179 1484 1359 1526 Domini.

251 1553 369 1594 VIII.
392 1552 509 1604 Quod
531 1553 788 1596 circumcisio
808 1554 943 1607 prima
964 1553 1138 1596 carnalis
1161 1555 1359 1596 euacuata
1381 1554 1436 1596 sit
1465 1554 1505 1595 et
1526 1553 1701 1596 secunda

385 1622 585 1676 spiritalis
607 1623 855 1677 repromissa
876 1623 943 1665 sit.

221 1692 359 1733 VIIII.
385 1690 501 1742 Quod
522 1692 588 1733 lex
608 1692 719 1745 prior
739 1704 842 1745 quae
863 1705 935 1746 per
952 1691 1122 1746 Moysen
1147 1691 1243 1734 data
1266 1692 1329 1734 est
1350 1691 1559 1734 cessatura
1577 1692 1697 1735 esset.

313 1761 363 1802 X.
387 1759 504 1811 Quod
526 1761 590 1802 lex
611 1774 717 1803 noua
738 1761 827 1802 dari
848 1761 1029 1803 haberet.

136 1849 170 1875 20
288 1830 361 1871 XI.
386 1830 503 1881 Quod
525 1830 739 1884 dispositio
762 1830 844 1872 alia
865 1831 906 1872 et
926 1831 1222 1873 testamentum
1238 1842 1392 1872 nouum
1410 1829 1499 1872 dari
1516 1829 1696 1872 haberet.

270 1898 364 1939 XII.
390 1897 507 1949 Quod
527 1899 736 1953 baptisma
757 1900 878 1941 uetus
900 1900 1076 1941 cessaret
1097 1900 1138 1941 et
1160 1911 1314 1941 nouum
1335 1899 1544 1952 inciperet.

249 1967 366 2008 XIII.
391 1965 508 2018 Quod
527 1968 673 2022 iugum
690 1969 810 2010 uetus
831 1970 1098 2010 euacuaretur
1119 1969 1159 2010 et
1180 1968 1326 2023 iugum
1347 1979 1500 2010 nouum
1518 1967 1696 2009 daretur.

228 2037 368 2078 XIIII.
394 2036 510 2088 Quod
526 2038 708 2090 pastores
729 2038 887 2079 ueteres
909 2037 1107 2079 cessaturi
1124 2038 1258 2080 essent
1279 2039 1320 2080 et
1341 2037 1437 2079 noui
1458 2036 1696 2091 inciperent.

271 2107 361 2149 XV.
386 2106 502 2158 Quod
533 2107 678 2149 domus
710 2108 750 2149 et
779 2106 983 2160 templum
1013 2106 1089 2147 Dei
1118 2105 1306 2148 Christus
1336 2105 1500 2148 futurus
1523 2106 1627 2148 esset
1658 2106 1699 2148 et

133 2198 168 2222 25
385 2176 582 2218 cessasset
603 2175 806 2229 templum
828 2176 948 2217 uetus
970 2176 1011 2217 et
1031 2187 1186 2217 nouum
1207 2175 1416 2230 inciperet.

246 2245 358 2286 XVI.
385 2244 501 2296 Quod
518 2244 765 2287 sacrificium
782 2246 901 2287 uetus
919 2245 1184 2286 euacuaretur
1193 2244 1234 2286 et
1242 2257 1396 2286 nouum
1406 2243 1694 2286 celebraretur.

252 2382 275 2418 3
303 2382 435 2416 offensa
451 2382 534 2416 MR
605 2381 666 2416 scd
683 2381 776 2426 quod
789 2382 824 2416 A
895 2382 920 2418 4
946 2381 1155 2426 reliquerint
1166 2381 1255 2422 AB,
1282 2380 1519 2426 relinquerint
1536 2381 1580 2422 L,
1599 2380 1697 2415 dere-

182 2440 389 2484 linquerunt
404 2440 484 2483 (unt
498 2450 542 2473 eoe
555 2439 624 2484 int)
634 2439 682 2473 M
737 2439 872 2473 saecuti
882 2441 916 2473 A
932 2440 1022 2474 tales
1035 2439 1243 2474 litterarum
1257 2450 1275 2473 e
1292 2441 1326 2473 et
1339 2449 1380 2473 ae
1396 2439 1438 2474 in
1447 2437 1603 2472 ALMB
1612 2449 1697 2473 con-

180 2498 345 2540 fusiones
357 2498 510 2541 posthac
528 2508 602 2532 non
620 2507 741 2531 omnes
758 2497 969 2531 notauimus
1031 2498 1114 2531 sunt
1123 2497 1208 2531 AM
1266 2497 1290 2535 5
1308 2496 1395 2531 item
1412 2495 1505 2541 quod
1514 2496 1653 2531 LMBv

181 2554 374 2599 profetisA
388 2555 484 2589 etsie
501 2555 580 2597 fere
595 2565 735 2599 semper
807 2554 1031 2589 crediderunt
1040 2554 1100 2588 M·
1156 2554 1179 2590 6
1197 2554 1283 2589 item
1301 2555 1384 2589 ante
1394 2553 1440 2598 B,
1459 2557 1493 2588 et
1508 2554 1560 2588 sic
1577 2563 1699 2588 omnes

183 2611 354 2656 deinceps
371 2613 472 2646 tituli
487 2613 529 2646 in
547 2613 583 2646 B
598 2613 787 2656 incipiunt
804 2613 869 2646 ab:
887 2612 978 2647 Item
1046 2612 1093 2650 15
1113 2612 1200 2646 item
1215 2612 1327 2647 om.A
1391 2612 1595 2646 ammissuri
1608 2610 1657 2645 M

188 2669 237 2705 18
262 2669 357 2714 prior
371 2680 461 2704 erare.
478 2670 581 2704 inM
647 2680 767 2704 mosen
782 2670 815 2704 L
887 2669 940 2706 20
954 2669 1153 2714 dispositio]
1168 2669 1198 2703 si
1216 2669 1346 2714 positio
1372 2669 1408 2703 Β
1479 2668 1530 2704 24
1555 2667 1698 2702 domum

183 2726 230 2761 M
275 2728 311 2761 et
319 2726 416 2771 (post
429 2729 534 2772 esset)
543 2738 607 2761 om.
620 2727 655 2761 B
717 2727 767 2765 25
782 2729 934 2762 cessaret
944 2728 1000 2762 Bv
1064 2728 1099 2761 et
1107 2737 1253 2761 nouum.
1270 2753 1277 2760 .
1293 2727 1330 2761 .l.
1342 2728 1391 2761 26
1404 2727 1506 2760 uetus
1520 2736 1585 2760 om.
1597 2725 1630 2759 L

183 2785 356 2829 inciperet
373 2786 426 2826 A,
444 2784 617 2829 coepisset
631 2785 684 2825 M,
708 2784 859 2829 cepisset
878 2784 913 2819 B
984 2784 1034 2821 26
1060 2785 1289 2829 euaeuerctur
1306 2784 1351 2824 L,
1369 2785 1582 2818 uacuaretur
1595 2782 1630 2817 A

182 2841 404 2876 caelebretur
427 2842 461 2876 A
