1838 3152
181 223 264 266 812
713 223 911 257 Caecilii
937 223 1149 268 Cypriani

179 325 344 377 copulat
378 338 471 367 suos
501 326 666 368 uinculo
696 326 881 367 unitatis.
913 327 1020 368 unde
1042 327 1083 368 in
1104 326 1340 368 uniuersam
1368 329 1521 369 terram
1552 329 1680 370 exiuit

174 405 296 434 sonus
335 405 473 435 eorum
503 395 573 447 qui
595 407 618 436 a
640 394 813 436 Domino
843 395 961 436 missi
991 396 1087 436 sunt
1117 395 1289 437 unitatis
1311 396 1460 449 spiritu
1482 397 1679 439 uelociter

178 463 408 503 currentes:
448 463 554 504 sicut
587 476 606 504 e
638 463 838 505 contrario
876 463 980 504 nihil
1016 463 1180 516 prodest
1217 464 1374 516 aliquos
1406 466 1609 517 proximos
1642 467 1681 507 et

181 530 340 573 iunctos
363 532 441 573 sibi
460 544 545 573 csse
563 532 810 585 corporibus,
834 532 868 572 si
887 532 1023 573 animo
1041 533 1082 573 et
1098 533 1234 573 mente
1257 532 1494 583 dissideant,
1519 534 1677 586 quando

178 601 350 642 adunari
382 601 542 642 animae
571 600 735 642 omnino
764 613 843 642 non
873 601 1031 653 possint
1053 613 1154 653 quae
1177 613 1218 642 se
1240 614 1263 642 a
1284 601 1360 642 Dei
1384 602 1542 643 unitate
1566 602 1673 643 diui-
1691 617 1703 639 ,π

175 669 314 711 serint.
364 682 477 711 ecce
517 670 669 719 enim,
717 669 865 722 inquit,
912 669 998 722 qui
1037 669 1385 723 longinquant
1423 682 1472 710 se
1512 670 1680 712 abste

175 738 438 790 peribunt.
473 739 544 780 sed
573 739 677 779 tales
706 737 909 779 iudicium
930 737 1100 779 Domini
1121 750 1193 790 pro
1215 738 1362 779 merito
1386 750 1456 778 suo
1479 738 1677 780 subibunt

176 807 407 849 recedentes
430 820 452 848 a
475 807 612 848 uerbis
650 806 736 848 eius
774 806 844 859 qui
880 809 1041 860 patrem
1072 818 1143 859 pro
1175 807 1336 849 unitate
1367 808 1607 860 deprecatur
1642 809 1681 849 et

177 875 299 917 dicit:
340 876 504 928 pater,
546 875 605 916 da
636 876 689 916 ut
721 874 966 928 quomodo
1007 886 1093 929 ego
1126 876 1175 916 et
1205 876 1260 916 tu
1291 889 1445 917 unum
1487 889 1680 926 sumus,

178 945 254 986 sic
285 944 416 986 ethi
447 944 497 985 in
528 944 673 985 nobis
706 944 823 985 sint.
1699 964 1731 987 10

138 1015 163 1054 4
237 1014 321 1054 Nos
353 1025 449 1054 uero
481 1026 527 1054 ea
558 1026 661 1066 quae
690 1026 713 1054 a
735 1013 852 1054 uobis
888 1013 1041 1066 scripta
1073 1014 1168 1054 sunt
1200 1013 1317 1066 quasi
1347 1014 1486 1055 nostra
1518 1014 1682 1067 propria

184 1083 438 1135 suscepimus
451 1094 524 1123 nec
535 1082 577 1123 in
589 1083 824 1123 transcursu
840 1082 1031 1136 legimus,
1051 1082 1120 1123 sed
1138 1094 1257 1135 saepe
1273 1083 1447 1134 repetita
1464 1082 1685 1123 memoriae

183 1150 492 1192 mandauimus:
516 1163 645 1203 neque
667 1151 782 1192 obest
804 1151 982 1192 utilitati
1004 1150 1177 1192 salutari
1194 1152 1266 1192 aut
1284 1151 1423 1192 eadem
1440 1151 1618 1192 retexere
1635 1151 1685 1192 ad

180 1219 499 1261 confirmandam
530 1220 748 1261 ueritatem
775 1222 846 1261 aut
868 1221 908 1261 et
930 1220 1130 1273 quaedam
1153 1219 1299 1261 addere
1321 1219 1372 1261 ad
1394 1220 1683 1261 cumulandam

178 1289 476 1342 probationem.
511 1289 545 1330 si
568 1289 667 1341 quid
699 1290 839 1330 autem
861 1302 883 1330 a
903 1289 1020 1330 nobis
1049 1289 1240 1330 additum
1262 1288 1400 1338 fuerit,
1429 1300 1508 1330 non
1530 1289 1589 1330 sic
1611 1289 1683 1330 ad-
1700 1305 1730 1330 15

180 1358 294 1399 ditur
315 1357 431 1410 quasi
453 1370 476 1398 a
493 1357 610 1398 uobis
633 1357 792 1410 aliquid
814 1358 950 1398 minus
973 1358 1132 1399 dictum
1156 1358 1225 1408 sit,
1248 1358 1318 1399 sed
1340 1357 1533 1410 quoniam
1555 1370 1685 1399 sermo

182 1426 347 1467 diuinus
383 1426 608 1467 humanam
644 1426 835 1468 naturam
867 1426 1177 1481 supergreditur
1206 1439 1278 1468 nec
1311 1427 1446 1479 potest
1477 1427 1612 1467 totum
1646 1428 1685 1468 et

181 1494 411 1549 perfectum
440 1494 578 1536 anima
608 1494 830 1548 concipere,
864 1495 1015 1537 idcirco
1046 1497 1087 1536 et
1108 1496 1249 1536 tantus
1280 1497 1341 1537 est
1370 1508 1564 1536 numerus
1593 1507 1686 1548 pro—

185 1565 404 1617 phetarum
426 1564 473 1604 ut
494 1563 715 1617 multiplex
737 1565 778 1605 et
799 1564 941 1606 diuina
971 1564 1173 1617 sapientia
1194 1577 1264 1617 per
1286 1565 1439 1606 multos
1462 1564 1687 1606 distribua-

183 1633 263 1674 tur.
298 1633 403 1674 unde
427 1634 466 1674 et
487 1634 620 1674 tacere
654 1633 904 1687 praecipitur
936 1634 1068 1687 primo
1097 1634 1140 1674 in
1169 1634 1382 1687 prophetia
1413 1634 1610 1686 loquenti,
1650 1634 1683 1675 si
1702 1650 1733 1675 20

183 1702 360 1744 secundo
391 1702 517 1744 fuerit
549 1703 791 1744 reuelatum.
826 1716 905 1756 qua
929 1716 974 1745 ex
997 1716 1116 1744 causa
1148 1704 1372 1745 necessario
1403 1704 1510 1756 apud
1540 1715 1611 1744 nos
1641 1703 1687 1743 fit

183 1772 230 1812 ut
258 1784 328 1824 per
358 1771 542 1826 singulos
572 1784 696 1813 annos
728 1773 903 1813 seniores
934 1773 973 1813 et
1002 1772 1226 1826 praepositi
1247 1772 1290 1813 in
1311 1785 1439 1813 unum
1472 1772 1688 1814 conuenia-

181 1853 274 1882 mus
304 1841 353 1881 ad
385 1840 635 1893 disponenda
657 1853 702 1881 ea
724 1854 826 1894 quae
856 1853 973 1883 curae
1002 1842 1165 1882 nostrae
1196 1841 1415 1882 commissa
1445 1842 1553 1890 sunt,
1586 1841 1633 1881 ut
1655 1839 1689 1881 si

182 1922 262 1963 qua
294 1910 484 1963 grauiora
516 1910 611 1951 sunt
642 1910 850 1951 communi
883 1909 1052 1951 consilio
1086 1910 1332 1964 dirigantur,
1371 1910 1497 1963 lapsis
1530 1920 1688 1962 quoque

180 1979 379 2020 fratribus
417 1980 458 2020 et
492 1979 584 2032 post
625 1979 836 2020 lauacrum
878 1979 1056 2020 salutare
1089 1992 1112 2020 a
1143 1978 1305 2020 diabolo
1347 1979 1572 2019 uulneratis
1610 1989 1680 2030 per
1694 1991 1725 2015 ‘25

180 2047 480 2101 paenitentiam
510 2047 689 2088 medella
718 2049 950 2101 quaeratur,
981 2060 1060 2089 non
1082 2047 1199 2100 quasi
1222 2060 1245 2088 a
1265 2047 1382 2088 nobis
1404 2046 1687 2088 remissionem

181 2117 443 2170 peccatorum
473 2117 783 2169 consequantur,
816 2117 886 2158 sed
916 2118 963 2158 ut
991 2129 1062 2169 per
1089 2128 1160 2158 nos
1191 2116 1243 2157 ad
1264 2115 1595 2169 intellegentiam
1617 2115 1689 2156 de-

181 2185 376 2226 lictorum
417 2197 584 2227 suorum
623 2187 916 2227 conuertantur
957 2187 996 2227 et
1033 2186 1208 2227 Domino
1250 2185 1410 2238 plenius
1454 2184 1688 2226 satisfacere

181 2255 391 2308 cogantur.
1678 2262 1681 2263 ’

142 2327 164 2366 5
241 2322 441 2373 Quoniam
485 2335 579 2365 uero
621 2323 782 2378 legatus
819 2324 897 2365 iste
935 2337 957 2365 a
993 2323 1110 2365 uobis
1145 2323 1296 2365 missus
1333 2322 1492 2378 regredi
1530 2323 1581 2364 ad
1618 2334 1687 2362 uos
1703 2338 1735 2363 30

182 2391 406 2433 festinabat
428 2392 468 2434 et
489 2391 707 2434 hibernum
736 2393 899 2445 tempus
928 2392 1144 2446 urguebat,
1175 2393 1376 2445 quantum
1405 2391 1615 2445 potuimus
1638 2390 1688 2432 ad

321 2540 342 2573 6
367 2539 427 2573 Ps.
456 2540 510 2581 72,
535 2539 589 2573 27.
686 2541 708 2574 9
733 2541 781 2575 Io.
811 2541 863 2582 17,
891 2541 945 2575 21.

255 2667 271 2699 1
293 2665 478 2710 copulatus
505 2677 566 2701 uos
585 2667 632 2701 M
650 2667 805 2710 (copulat
831 2677 910 2701 suos
931 2667 973 2713 Q)
1183 2667 1205 2701 2
1224 2667 1267 2701 ad
1292 2656 1375 2701 dffifi
1394 2668 1440 2702 M
1457 2666 1492 2711 (a
1510 2654 1587 2700 di&
1601 2664 1643 2709 Q)

182 2725 205 2758 8
223 2724 397 2758 unitatem
421 2725 450 2770 Q
597 2725 618 2758 9
635 2726 676 2758 tu
694 2725 770 2759 Es.
790 2725 810 2759 l.
963 2725 1006 2758 10
1024 2724 1107 2769 sint]
1127 2735 1236 2758 unum
1255 2724 1328 2758 sint
1346 2724 1392 2759 Ιυ
1533 2723 1576 2757 13
1593 2732 1691 2755 man-

183 2783 309 2817 damus
329 2784 394 2817 EI
524 2784 567 2816 18
585 2783 702 2816 animo
721 2783 769 2816 M
785 2782 917 2824 (anima
938 2781 980 2826 Q)
1108 2782 1150 2815 19
1169 2783 1204 2815 et
1222 2792 1287 2815 om.
1306 2793 1326 2815 v
1451 2781 1496 2814 20
1512 2779 1691 2824 loquenti*

184 2842 216 2875 si
234 2842 279 2882 E,
297 2841 476 2885 loquentis
499 2840 527 2885 Q
667 2840 710 2874 26
732 2840 867 2874 medela
886 2840 969 2874 EIv
1109 2839 1151 2873 27
1172 2839 1215 2873 ad
1234 2839 1273 2872 E
1286 2850 1312 2873 s.
1332 2839 1355 2873 l.
1373 2850 1416 2873 m.
1436 2840 1461 2872 2
