1912 3152
281 192 363 233 308
765 189 956 225 Caecilii
983 190 1195 234 Cypriani

278 294 519 348 prouidente
550 294 763 348 prospecta
801 295 882 344 est,
915 294 976 336 ita
1012 294 1053 335 et
1089 294 1132 335 111
1153 294 1229 335 Dei
1266 293 1417 344 seruis,
1448 296 1548 347 aput
1569 306 1668 347 quos
1691 306 1786 336 con-

278 363 399 404 fessio
421 364 626 418 cogitatur
644 364 684 405 et
701 363 948 417 martyrium
964 365 1102 405 mente
1121 362 1362 416 concipitur,
1386 363 1546 404 animus
1566 364 1616 405 ad
1631 364 1784 405 bonum

277 432 440 474 deditus
462 433 545 474 Deo
568 431 703 474 iudice
724 432 951 474 coronatur.
984 432 1098 473 aliud
1119 432 1183 473 est
1204 431 1402 486 martyrio
1424 432 1606 473 animum
1631 432 1782 482 deesse,

276 500 389 541 aliud
411 501 546 542 animo
564 500 741 542 defuisse
758 501 1020 554 martyrium.
1046 500 1211 553 qualem
1232 501 1271 541 te
1296 500 1453 542 inuenit
1470 500 1671 542 Dominus
1690 513 1783 542 cum

275 569 394 610 uocat
425 569 553 611 talem
584 569 739 622 pariter
770 570 811 610 et
842 569 1021 619 iudicat,
1055 569 1216 622 quando
1248 569 1334 623 ipse
1366 570 1543 611 testetur
1580 570 1620 611 et
1652 569 1781 611 dicat:
1813 579 1827 603 5

274 638 322 679 et
368 637 537 679 scient
583 651 751 680 omnes
800 638 1059 679 ecclesiae
1091 638 1212 691 quia
1258 650 1346 693 ego
1379 651 1483 679 sum
1516 639 1782 680 scrutator

272 720 319 748 re
333 707 382 748 ni
396 720 413 748 s
446 708 497 749 et
528 707 715 749 cordis.
749 719 821 748 nec
843 707 953 748 enim
969 707 1212 762 sanguinem
1229 708 1340 749 Deus
1361 708 1547 749 nostrum
1569 707 1639 748 sed
1659 707 1781 748 fidem

271 776 440 829 quaerit.
476 789 571 818 nam
602 788 674 817 nec
695 776 907 817 Abraham
938 788 1011 817 nec
1044 777 1163 818 Isaac
1193 788 1265 817 nec
1295 775 1415 817 Iacob
1439 776 1559 817 occisi
1581 777 1689 826 sunt,
1712 777 1780 817 sed

270 845 409 886 tamen
430 845 524 886 fidei
546 857 591 886 ac
612 844 797 885 iustitiae
827 844 987 885 meritis
1018 844 1205 886 honorati
1237 844 1341 886 inter
1371 845 1624 898 patriarchas
1655 845 1779 899 primi

268 925 352 954 6556
370 914 628 955 meruerunt:
652 912 702 954 ad
718 924 891 966 quorum
910 913 1150 955 conuiuium
1168 914 1629 974 cong1·egatur„quisque
1645 913 1777 955 fidelis
1792 928 1822 953 10

267 984 307 1023 et
330 983 464 1024 iustus
488 984 528 1023 et
552 982 774 1024 laudabilis
796 982 1019 1024 inuenitur.

202 1076 250 1114 13
323 1052 561 1094 Meminisse
583 1052 779 1094 debemus
803 1052 1061 1094 uoluntatem
1077 1064 1148 1094 nos
1165 1066 1245 1095 non
1262 1053 1444 1094 nostram
1464 1053 1533 1093 sed
1551 1052 1628 1094 Dei
1646 1052 1776 1094 facere

264 1121 408 1162 debere
440 1121 665 1163 secundum
687 1122 795 1174 quod
825 1134 898 1163 nos
930 1121 1132 1163 Dominus
1156 1121 1326 1163 cottidie
1348 1121 1470 1162 iussit
1493 1133 1619 1162 orare.
1653 1133 1775 1174 quam

262 1191 565 1243 praeposterum
588 1190 651 1231 est
682 1202 885 1243 quamque
916 1202 1176 1243 peruersum,
1209 1190 1256 1231 ut
1287 1202 1380 1231 cum
1412 1190 1488 1231 Dei
1520 1189 1774 1231 uoluntatem

264 1259 347 1299 fieri
370 1258 646 1312 postulemuS‚
680 1259 839 1312 quando
873 1260 1014 1300 euocat
1050 1271 1121 1301 nos
1161 1259 1201 1300 et
1238 1259 1406 1300 arcessit
1438 1258 1485 1299 de
1517 1258 1591 1300 hoc
1622 1258 1818 1299 munden

262 1329 391 1373 Deus,
424 1339 502 1368 11011
525 1327 669 1368 statim
693 1327 919 1368 uoluntatis
952 1328 1039 1369 eius
1073 1328 1245 1380 imperio
1277 1330 1513 1380 pareamus!
1547 1327 1774 1368 obnitimur

262 1398 301 1438 et
322 1398 574 1439 reluctamur
595 1397 635 1437 et
658 1397 936 1449 peruicacium
959 1411 1071 1439 more
1095 1410 1306 1439 seruorum
1329 1398 1380 1439 ad
1403 1398 1664 1450 conspectum
1685 1397 1770 1438 Do-

258 1465 361 1506 mini
383 1477 477 1505 cum
501 1465 674 1506 tristitia
697 1466 737 1506 et
758 1477 938 1507 maerore
958 1466 1220 1518 perducimur
1242 1467 1431 1507 exeuntes
1454 1466 1575 1507 istinc
1593 1465 1768 1506 necessi-

260 1533 359 1575 tatis
382 1534 565 1583 uinculo,
597 1546 676 1575 non
698 1534 889 1587 obsequio
912 1534 1162 1576 uoluntatis:
1196 1536 1235 1576 et
1266 1535 1458 1576 uolumus
1493 1535 1542 1576 ab
1577 1547 1621 1576 eo
1652 1546 1769 1587 prae-

264 1603 359 1643 miis
396 1603 641 1644 caelestibus
671 1603 858 1644 honorari
889 1603 939 1644 ad
976 1617 1098 1657 quein
1134 1605 1323 1645 uenimus
1359 1604 1495 1645 inuiti.
1537 1604 1635 1656 quid
1673 1614 1767 1657 crgo
1783 1614 1815 1638 ‘20

265 1684 426 1713 oramus
458 1673 497 1713 et
528 1672 709 1725 petimus
741 1673 787 1713 ut
818 1672 1010 1713 adueniat
1042 1684 1213 1726 regnum
1236 1673 1458 1719 caelorum,
1491 1672 1526 1712 si
1549 1671 1769 1724 captiuitas

264 1741 422 1782 terrena
454 1740 657 1782 delectat?
700 1741 797 1793 quid
828 1741 1016 1794 precibus
1048 1740 1282 1794 frequenter
1312 1741 1473 1783 iteratis
1506 1753 1698 1795 rogamus
1730 1741 1769 1781 et

262 1810 468 1861 poscimus
490 1811 536 1850 ut
559 1809 762 1851 adceleret
784 1810 869 1851 dies
892 1810 1028 1865 regni,
1061 1810 1096 1851 si
1118 1810 1272 1852 maiora
1296 1810 1493 1851 desideria
1515 1811 1555 1851 et
1578 1811 1673 1851 uota
1696 1821 1767 1862 po-

262 1878 365 1919 tiora
389 1880 483 1920 sunt
506 1879 657 1919 seruire
680 1878 774 1920 istic
797 1878 959 1920 diabolo
982 1891 1105 1932 quam
1128 1892 1297 1934 regnare
1321 1892 1414 1921 cum
1436 1878 1629 1921 Christo?

316 1947 499 2000 Denique
528 1948 574 1988 ut
604 1947 863 1988 manifestius
895 1947 1059 1988 diuinae
1093 1948 1374 2000 prouidentiae
1400 1948 1552 1989 indicia
1568 1947 1765 1989 claresce-
1779 1959 1809 1983 ‘2⁵

258 2016 346 2056 rent
369 2016 476 2068 quod
498 2016 700 2058 Dominus
722 2016 929 2069 praescius
961 2015 1194 2058 futurorum
1225 2018 1310 2059 suis
1342 2017 1526 2059 consulat
1551 2017 1601 2057 ad
1625 2029 1766 2057 ueram

258 2084 450 2134 salutem,
476 2097 568 2125 cum
591 2085 759 2137 quidam
782 2085 831 2126 de
854 2085 1022 2139 collegis
1044 2087 1085 2127 et
1107 2086 1461 2128 consacerdotibus
1482 2086 1630 2127 nostris
1649 2085 1763 2126 infir-

196 1982 244 2020 la

391 2222 411 2254 45
437 2221 542 2265 Apoe.
563 2221 593 2260 2,
615 2221 668 2254 23.

322 2336 339 2368 1
359 2335 665 2379 praeuidenteOG
728 2338 913 2380 prospecta
923 2336 1297 2382 OW'GffiuSsyllaba
1310 2348 1371 2382 pro
1386 2339 1567 2383 euanuit),
1578 2339 1760 2382 perspecta

256 2392 446 2426 Golclhorn
516 2393 537 2426 2
563 2394 678 2426 incute
695 2392 782 2427 benc
807 2394 840 2428 G
911 2394 931 2427 3
957 2395 1011 2428 est
1027 2394 1121 2428 enim
1145 2407 1160 2429 v
1230 2397 1427 2440 martyrum
1452 2396 1481 2430 ζ)
1551 2395 1683 2440 deesse]
1703 2394 1759 2429 de-

249 2449 359 2483 fuisse
378 2449 411 2482 V
476 2450 497 2483 4
523 2450 702 2483 inuenerit
725 2450 758 2484 V
825 2450 910 2484 deus
933 2452 983 2486 W
1061 2452 1082 2486 5
1108 2452 1219 2486 talem
1233 2454 1313 2488 WS.
1329 2453 1350 2486 l.
1365 2455 1445 2487 m?
1515 2452 1643 2487 iudicit
1663 2453 1692 2488 Ο

249 2506 402 2550 quando.
419 2533 425 2540 .
443 2507 556 2540 ¹dieat
573 2518 638 2541 om.
661 2506 689 2541 O
759 2509 914 2541 testatur
928 2509 1012 2543 WG
1083 2508 1171 2543 dicit
1193 2511 1222 2543 G
1295 2510 1314 2543 7
1339 2510 1422 2544 deus
1442 2510 1650 2554 sanguinein
1672 2522 1689 2543 u

249 2564 266 2596 7
293 2564 433 2607 quaerit
461 2564 521 2598 sed
550 2564 652 2598 fidem
671 2576 701 2605 v,
729 2564 906 2599 desiderat
924 2566 984 2600 sed
1002 2566 1105 2600 fidem
1123 2567 1263 2610 quaerit
1282 2568 1463 2602 Halmius
1557 2568 1579 2601 8
1604 2567 1663 2601 sed
1682 2566 1753 2605 So,

247 2623 282 2654 et
307 2621 407 2656 WGv
502 2622 545 2656 10
574 2622 688 2666 quisq.
709 2622 807 2663 OW,
828 2623 989 2666 quisquis
1014 2623 1085 2664 Gv,
1119 2624 1298 2668 quisqmis
1314 2625 1344 2659 S
1436 2626 1478 2660 12
1503 2625 1559 2659 dei
1576 2635 1640 2659 om.
1662 2624 1691 2659 S

247 2678 289 2712 13
315 2678 473 2723 cottidie]
492 2679 670 2723 quottidie
687 2679 802 2713 facere
819 2680 944 2714 debere
964 2680 993 2714 S
1084 2681 1128 2715 14
1152 2692 1230 2716 cum
1249 2683 1300 2717 W
1309 2693 1335 2717 s.
1355 2683 1375 2717 l.
1395 2694 1437 2717 m.
1454 2685 1479 2716 2
1575 2683 1617 2715 15
1635 2683 1753 2726 postu-

245 2735 360 2769 lamus
386 2737 415 2770 G
533 2737 681 2771 accersit
703 2737 790 2773 WG
907 2738 949 2771 16
975 2738 1056 2782 non]
1083 2749 1146 2772 nos
1165 2738 1193 2773 S
1309 2740 1488 2774 uoluntati
1506 2740 1581 2774 eius
1600 2742 1634 2773 et
1658 2739 1687 2774 O

246 2791 441 2827 obnitimus
464 2793 494 2828 Ο
572 2794 614 2827 17
641 2793 698 2828 dei
722 2794 753 2829 G
840 2795 883 2829 18
908 2805 1039 2829 merore
1059 2795 1180 2831 SWG
1266 2799 1388 2831 euntes
1413 2797 1444 2832 G
1531 2798 1573 2831 19
1599 2797 1750 2831 nolimus

250 2851 293 2881 W
352 2851 396 2884 22
413 2852 448 2884 et
465 2851 642 2895 poscimus
661 2862 725 2886 om.
743 2851 774 2886 G
837 2851 882 2886 23
900 2852 1030 2886 celerat
1045 2853 1096 2888 W
1156 2852 1427 2889 (1651(16111111181
1490 2854 1534 2889 26
1552 2854 1708 2888 consolat
1722 2852 1749 2887 O
