1838 3152
142 205 226 247 492
673 202 867 237 Caecilii
901 203 1114 247 Cypriani

140 308 241 348 riter
272 307 312 347 et
342 306 550 347 monente:
588 305 821 358 pretiosa
861 307 939 347 est
980 307 1028 346 111
1067 310 1346 360 conspectu
1381 310 1476 351 Dei
1516 321 1645 350 mors

141 376 396 416 iustorum
428 374 551 415 eius.
596 374 773 426 pretiosa
794 386 902 415 mors
924 375 1021 415 haec
1053 376 1115 416 est
1147 389 1249 428 quae
1281 378 1382 418 emit
1413 378 1647 418 inmortali—

139 445 270 485 tatem
301 443 430 496 pretio
463 443 525 483 sui
558 443 781 498 sanguiniS,
815 456 915 495 quae
947 444 1103 497 accepit
1136 457 1322 486 coronam
1353 446 1428 486 Dei
1461 458 1647 487 consum-

142 512 322 553 matione
343 512 524 552 uirtutis.

100 585 123 624 3
197 579 329 631 Quam
351 581 483 621 laetus
505 581 593 621 11110
615 580 802 621 Christus
825 581 917 631 fuit,
951 593 1071 633 quam
1104 581 1234 622 libens
1264 582 1306 623 in
1328 582 1482 624 talibus
1515 582 1643 623 seruis
1661 585 1674 609 5

141 650 225 691 suis
249 651 288 691 et
309 649 511 702 pugnauit
533 650 573 690 et
594 649 696 690 uicit
718 650 921 701 protector
952 649 1045 690 fidei
1079 650 1119 690 et
1143 650 1240 691 dans
1278 651 1533 692 credentibus
1555 652 1648 691 tan-

140 720 231 760 tum
253 719 453 771 quantum
485 731 525 759 se
558 717 687 758 credit
719 731 859 769 capere
882 718 950 770 qui
982 718 1121 759 sumit.
1165 719 1378 760 certamini
1408 732 1479 760 suo
1502 718 1648 769 adfuit,

141 787 402 840 proeliatores
452 786 581 838 adque
623 786 846 827 adsertores
888 786 951 827 sui
992 786 1168 828 nominis
1210 787 1336 828 erexit
1377 787 1653 830 corroborauit

143 854 354 895 animauit.
398 856 438 894 et
462 855 530 906 qui
552 866 623 907 pro
646 854 761 894 nobis
795 856 970 895 mortem
992 854 1117 896 semel
1147 855 1248 896 uicit
1271 868 1428 909 semper
1449 856 1579 897 uincit
1610 856 1651 896 in

141 923 270 964 nobis.
324 935 431 963 cum
470 935 575 972 uos⁷
622 923 778 975 inquit,
819 923 1165 977 tradiderint,
1205 924 1372 966 nolite
1419 924 1650 978 cogitare
1667 929 1697 953 10

143 992 263 1045 quid
308 991 602 1044 loquamini.
671 991 881 1032 dabitur
927 992 1057 1032 enim
1102 992 1248 1034 uobis
1293 993 1343 1034 in
1389 993 1486 1034 illa
1531 993 1655 1034 hora

144 1061 263 1113 quid
294 1060 600 1113 loquamini.
652 1073 751 1101 non
783 1061 913 1102 enim
955 1073 1042 1101 uos
1075 1061 1202 1102 estis
1243 1062 1327 1114 qui
1358 1061 1654 1114 loquimini,

145 1131 231 1172 sed
264 1130 493 1184 spiritus
524 1129 697 1182 patris
729 1130 896 1171 uestri
936 1129 1024 1182 qui
1057 1130 1296 1182 loquitur
1327 1130 1380 1171 in
1412 1129 1568 1170 uobis.

107 1213 129 1252 4
203 1200 505 1240 Documentum
529 1199 586 1240 rei
617 1211 806 1251 praesens
836 1198 1037 1251 proelium
1059 1198 1259 1252 praebuit.
1313 1210 1390 1239 uox
1421 1199 1540 1251 plena
1572 1199 1656 1251 spi-

147 1269 232 1311 ritu
263 1269 401 1310 sancto
433 1269 482 1309 de
513 1268 709 1321 martyris
740 1279 807 1308 ore
838 1267 1038 1320 prorupit,
1072 1281 1164 1309 eum
1187 1267 1440 1320 Mappalicus
1466 1268 1703 1309 beatissi-15

147 1351 239 1380 mus
280 1339 387 1379 inter
427 1337 631 1379 cruciatus
668 1349 760 1378 suos
800 1337 1031 1391 proconsuli
1073 1337 1245 1378 diceret:
1294 1336 1501 1378 uidebis
1548 1350 1659 1378 cras

150 1419 374 1462 agonem.
418 1408 457 1448 et
480 1407 586 1459 quod
607 1406 678 1447 1110
701 1419 794 1448 cum
816 1406 985 1447 uirtutis
1008 1419 1053 1447 ac
1078 1405 1172 1447 fidei
1194 1405 1427 1446 testimonio
1451 1406 1554 1446 dixit
1576 1406 1659 1447 Do-

153 1477 290 1518 minus
312 1476 498 1529 inpleuit.
551 1487 655 1530 agon
677 1475 864 1517 caelestis
895 1474 1100 1516 exhibitus
1122 1475 1162 1515 et
1183 1474 1259 1515 Dei
1281 1486 1421 1515 seruus
1443 1474 1485 1515 in
1516 1473 1659 1527 agonis

155 1546 348 1599 promissi
381 1546 603 1586 certamine
635 1545 847 1586 coronatus
880 1544 952 1585 est.
994 1543 1061 1584 1110
1092 1545 1153 1584 est
1185 1556 1290 1597 agon
1321 1556 1442 1596 quem
1464 1543 1659 1595 propheta

153 1616 295 1657 Esaias
332 1615 426 1656 ante
457 1613 659 1667 praedixit
695 1614 852 1655 dicens:
892 1624 990 1654 non
1027 1612 1278 1665 pusillum
1318 1611 1468 1652 uobis
1500 1611 1658 1652 certa·
1673 1615 1706 1641 20

152 1697 263 1727 men
303 1697 413 1726 cum
452 1682 777 1735 hominibus,
818 1682 1055 1734 quoniam
1094 1682 1229 1723 Deus
1275 1682 1511 1734 praestat
1550 1691 1662 1733 ago-

153 1766 274 1795 nem.
328 1753 368 1793 et
389 1753 436 1793 ut
458 1752 687 1794 ostenderet
708 1751 799 1803 quis
830 1750 895 1791 hic
926 1762 1029 1805 agon
1059 1749 1222 1790 futurus
1255 1751 1374 1800 esset,
1407 1747 1568 1790 addidit
1599 1748 1662 1789 di-

293 1891 313 1924 1
340 1890 396 1923 Ps.
427 1889 502 1930 115,
543 1889 596 1922 15.
662 1887 705 1921 10
730 1888 860 1921 Matth.
889 1888 943 1929 10,
971 1888 1023 1921 19.
1051 1887 1103 1921 20.
1169 1887 1214 1921 20
1238 1887 1295 1921 Es.
1321 1887 1351 1928 7,
1379 1886 1431 1920 13.
1459 1885 1513 1920 14.

227 2006 244 2039 1
272 2007 321 2049 et]
347 2015 386 2038 ac
419 2004 447 2038 C
540 2003 719 2046 monente]
747 2001 949 2035 meminisse
976 2002 1011 2036 P
1104 2003 1160 2035 est
1186 2011 1250 2035 om.
1271 2001 1306 2034 P
1398 2000 1454 2034 dei
1487 2000 1612 2043 CHVQ

156 2063 179 2099 2
206 2062 393 2106 iustorum]
423 2062 624 2094 sanctorum
655 2059 705 2104 ρ,-
732 2060 778 2102 cf.
793 2071 830 2103 p.
852 2061 935 2101 344,
955 2062 1020 2102 16‚·
1048 2061 1129 2100 129,
1150 2061 1172 2093 6
1244 2059 1345 2102 quae]
1372 2058 1434 2102 qui
1459 2058 1494 2093 R
1565 2057 1663 2101 emit]

156 2120 280 2154 eximit
313 2119 341 2154 O
431 2119 452 2152 3
478 2118 654 2161 praetiosa
689 2118 743 2151 uis
777 2117 923 2161 sanguis
957 2117 985 2151 C
1077 2117 1177 2161 quae]
1217 2116 1279 2160 qui
1304 2116 1338 2150 P
1432 2116 1561 2160 accipit
1586 2114 1671 2149 LM

163 2177 313 2221 (accepit
337 2176 379 2221 Q)
451 2176 521 2220 dei]
549 2175 590 2209 de
622 2175 754 2216 CPRv,
781 2174 862 2208 fidei
887 2175 929 2209 N
995 2174 1018 2208 4
1042 2174 1204 2219 uirtutis]
1231 2174 1399 2208 ueritatis
1432 2173 1461 2208 Ο
1527 2173 1548 2207 5
1573 2171 1662 2216 illic]

158 2235 196 2268 in
221 2234 297 2268 illis
323 2235 359 2268 P
451 2235 471 2268 6
497 2235 657 2277 protecta
689 2232 717 2267 C
809 2233 845 2266 ct
870 2243 935 2266 om.
970 2232 1034 2266 CR
1128 2232 1149 2267 7
1177 2232 1310 2276 capere]
1339 2231 1494 2275 accipere
1520 2229 1599 2264 NV

159 2291 232 2335 qui]
260 2302 326 2335 quo
358 2291 386 2326 C
455 2290 576 2334 sumit]
605 2300 724 2323 sumac
742 2289 783 2323 N
851 2288 1058 2322 certaminis
1085 2289 1140 2322 sui
1165 2289 1194 2324 C
1261 2288 1355 2322 afuit
1371 2288 1415 2322 N
1503 2287 1524 2320 8
1550 2286 1663 2330 adque

159 2348 356 2382 adsertores
383 2359 448 2381 om.
477 2348 511 2383 R
604 2348 625 2381 9
652 2347 761 2380 semel
787 2346 876 2380 uicit
902 2357 966 2381 om.
994 2347 1041 2387 N,
1068 2347 1176 2380 semel
1201 2345 1292 2379 mihi
1318 2345 1351 2380 R
1445 2344 1533 2379 uicit
1559 2345 1594 2379 R

160 2407 205 2440 10
236 2406 413 2440 trader-int
438 2406 482 2440 N
573 2405 616 2440 11
651 2404 795 2438 dabitur
898 2404 1095 2448 loquamini
1120 2415 1185 2438 om.
1205 2404 1240 2437 P
1334 2403 1377 2436 12
1409 2400 1606 2445 loquamini
1631 2400 1665 2435 L

159 2464 222 2498 sed
247 2475 267 2497 a
292 2465 333 2498 in
358 2464 370 2497 i
396 2474 487 2498 corr.
507 2473 550 2496 m.
571 2463 606 2503 2,
634 2461 822 2505 loquimini
841 2462 884 2496 N
973 2462 1015 2496 14
1040 2462 1249 2496 documenta
1280 2461 1308 2495 G
1401 2449 1473 2505 sp}
1493 2448 1563 2495 sewi
1575 2459 1618 2493 N

162 2521 206 2555 15
231 2520 429 2565 prorumpit
461 2520 521 2562 0¹,
562 2519 746 2564 praerupit
772 2520 808 2555 R
902 2520 944 2553 16
971 2519 1076 2563 inter]
1110 2519 1147 2553 in
1173 2520 1217 2554 N
1305 2518 1480 2553 cruciatos
1512 2518 1550 2562 Q,
1589 2527 1665 2550 cru-

161 2579 258 2613 ciatu
283 2579 326 2614 Cl
403 2589 464 2612 suo
495 2578 523 2613 C
532 2578 590 2612 'N
655 2577 744 2620 cras]
770 2578 870 2610 trans
895 2577 937 2611 N
1027 2576 1071 2612 17
1098 2576 1272 2621 dominus]
1301 2576 1361 2610 deo
1385 2576 1428 2610 N
1519 2575 1560 2609 18
1586 2585 1664 2608 con-

161 2636 277 2680 pleuit
306 2636 335 2671 C
427 2646 512 2670 acon
544 2635 580 2677 C,
607 2645 756 2679 agonem
782 2634 821 2668 N
913 2634 961 2678 et]
989 2636 1042 2668 cst
1068 2635 1103 2668 P
1197 2635 1239 2668 19
1264 2632 1448 2678 praemissi
1465 2633 1502 2667 P
1595 2642 1667 2665 cer-

161 2692 281 2724 tamen
306 2691 334 2726 C
403 2692 588 2725 coronatur
616 2691 684 2734 (est
710 2690 791 2734 om.)
809 2690 844 2723 P
935 2689 980 2722 20
1004 2690 1113 2723 eseias
1139 2691 1221 2723 ante
1240 2689 1321 2733 ΡΩ,
1349 2700 1384 2723 30
1409 2691 1565 2724 testante
1586 2689 1628 2723 N

160 2748 348 2793 praedixit]
376 2748 540 2793 promisit
567 2748 602 2782 P
696 2747 739 2781 22
765 2747 823 2781 1110
848 2756 912 2780 om.
942 2747 976 2780 P
1067 2749 1159 2781 esset
1186 2747 1327 2780 futurus
1356 2747 1388 2781 P
