1838 3152
631 233 867 277 Epistulae
892 232 997 268 LXI.
1023 244 1052 268 c.
1076 234 1178 269 2—4.
1569 238 1653 280 697

147 338 337 390 episcopo
358 336 588 390 presbyteri
622 335 865 378 sacerdotali
894 337 1045 379 honore
1074 338 1297 389 coniuncti,
1328 338 1419 392 quis
1448 339 1654 382 adunatus

148 407 193 448 et
223 418 344 448 uerus
377 404 530 447 Christi
561 405 736 458 populus
767 405 962 447 dominici
993 406 1132 460 gregis
1162 407 1333 449 caritate
1363 419 1549 458 conexus,
1584 409 1654 461 qui

143 474 285 516 essent
318 485 418 527 quos
448 473 641 516 inimicus
672 474 903 525 lacesseret,
941 474 1011 527 qui
1050 476 1190 516 contra
1219 475 1366 528 quibus
1396 476 1584 518 diabolus
1608 479 1655 518 ut

151 542 236 584 suis
257 543 450 595 parceret.
481 555 610 595 neque
635 543 745 584 euim
766 543 1024 596 persequitur
1046 543 1086 583 et
1107 543 1309 597 inpugnat
1330 543 1484 586 Christi
1505 545 1653 587 aduer-

125 611 281 652 ⁵sarius
302 610 381 652 nisi
404 612 538 653 castra
558 612 599 652 et
630 611 786 653 milites
820 610 985 653 Christi.
1016 611 1242 653 haereticos
1270 615 1494 664 prostratos
1527 613 1655 656 semel

152 680 193 721 et
228 691 321 721 suos
351 679 479 721 factos
511 681 738 722 contemnit
767 681 808 722 et
836 680 1046 734 praeterit.
1076 692 1142 721 eos
1173 681 1332 733 quaerit
1365 681 1522 724 deicere
1554 694 1654 736 quos

152 748 267 790 uidet
288 749 408 790 stare.

208 817 355 870 Adque
381 817 544 859 utinam
565 830 673 859 nunc
694 817 871 859 facultas
893 818 1072 868 daretur,
1109 817 1237 860 frater
1266 818 1491 869 carissime,
1523 820 1569 860 ut
1590 820 1654 861 in·
1671 818 1695 857 4

151 886 302 927 teresse
324 886 412 927 illic
434 886 550 928 uobis
571 886 898 940 regredientibus
916 898 1127 939 possemus
1144 887 1214 940 qui
1232 899 1304 929 uos
1322 888 1467 929 mutua
1484 888 1655 929 caritate

102 975 136 999 ιο
150 954 379 1008 diligimus,
417 956 464 996 ut
499 955 701 996 aduentus
737 955 866 1008 uestri
895 956 1173 998 laetissimum
1203 955 1385 998 fructum
1421 958 1655 1009 praesentes

150 1036 243 1064 cum
271 1023 416 1065 ceteris
437 1023 516 1076 ipsi
545 1035 703 1077 quoque
733 1036 980 1077 caperemus.
1016 1037 1118 1077 quae
1139 1024 1227 1066 illic
1249 1024 1448 1066 exultatio
1469 1024 1654 1065 omnium

149 1091 336 1142 fratrum,
360 1093 430 1145 qui
444 1104 661 1135 concursus
674 1092 806 1146 adque
819 1093 1037 1145 conplexus
1051 1094 1353 1135 occurrentium
1366 1092 1624 1148 singulorum
1635 1095 1655 1134 P

151 1162 219 1203 uix
241 1162 392 1204 osculis
413 1162 726 1204 adhaerentium
748 1163 884 1216 potest
906 1161 1111 1213 satisfieri,
1143 1163 1210 1203 uix
1240 1163 1382 1204 uultus
1411 1162 1490 1215 ipsi
1523 1161 1656 1215 adque

150 1229 257 1271 oculi
278 1230 411 1284 plebis
433 1232 603 1284 possunt
633 1231 810 1273 uidendo
840 1230 984 1272 satiari
1019 1231 1068 1272 de
1099 1231 1300 1273 aduentus
1333 1231 1461 1273 uestri
1489 1231 1653 1285 gaudio.

104 1317 136 1341 ιι,
151 1311 390 1354 cognoscere
419 1300 508 1342 illic
537 1300 777 1342 fraternitas
808 1300 942 1353 coepit
974 1299 1106 1352 qualis
1137 1301 1178 1341 et
1206 1301 1358 1353 quanta
1388 1300 1444 1341 sit
1466 1301 1658 1341 secutura

150 1366 312 1409 Christo
329 1368 519 1410 ueniente
535 1368 716 1410 laetitia:
735 1368 850 1410 cuius
867 1369 964 1422 quia
980 1368 1060 1410 cito
1077 1368 1424 1422 adpropinquauit
1440 1367 1655 1420 aduentus,

148 1437 285 1492 imago
314 1437 397 1478 iam
426 1437 626 1490 quaedam
657 1438 881 1491 praecessit
911 1438 954 1479 in
988 1437 1118 1486 uobis,
1150 1439 1196 1479 ut
1225 1437 1426 1490 quomodo
1455 1437 1656 1479 lohannes

149 1518 385 1559 praecursor
406 1507 493 1548 eius
515 1508 556 1548 et
577 1506 767 1560 praeuius
790 1507 956 1548 ueniens
979 1506 1234 1560 praedicauit
1251 1505 1460 1547 Christum
1483 1506 1655 1556 uenisse,

153 1575 212 1616 sic
231 1587 338 1617 nunc
359 1575 545 1628 episcopo
567 1575 793 1617 confessore
815 1575 985 1617 Domini
1007 1576 1048 1617 et
1070 1575 1276 1617 sacerdote
1307 1574 1503 1616 redeunte
1532 1587 1657 1628 appa·

104 1658 140 1684 20
152 1645 241 1686 reat
261 1645 302 1686 et
324 1644 546 1686 Dominum
568 1644 652 1686 iam
672 1644 816 1686 redire.
848 1643 1025 1686 uicarias
1047 1656 1142 1685 uero
1165 1655 1237 1697 pro
1258 1643 1376 1685 nobis
1398 1656 1473 1698 ego
1504 1644 1544 1684 et
1573 1643 1658 1685 col—

150 1713 265 1767 legae
287 1714 328 1754 et
349 1712 584 1755 fraternitas
613 1713 746 1755 omnis
775 1713 848 1755 has
878 1713 929 1755 ad
966 1725 1038 1754 uos
1076 1712 1239 1754 litteras
1271 1712 1494 1763 mittimus,
1530 1712 1661 1754 frater

152 1782 373 1832 carissime,
404 1783 446 1824 et
476 1783 827 1835 repraesentantes
857 1781 974 1823 uobis
1003 1794 1075 1835 per
1107 1781 1328 1834 epistulam
1356 1781 1557 1835 gaudium
1585 1793 1659 1822 no-

156 1852 291 1893 strum
312 1851 394 1893 fida
413 1850 609 1904 obsequia
639 1850 828 1893 caritatis
859 1850 1149 1903 expromimus,
1179 1849 1246 1892 hic
1275 1861 1434 1903 quoque
1461 1851 1503 1891 in
1532 1849 1658 1892 sacri-

155 1920 260 1962 ficiis
292 1920 424 1973 adque
454 1920 496 1961 in
527 1919 782 1962 orationibus
812 1919 965 1962 nostris
995 1931 1076 1961 non
1107 1920 1310 1961 cessantes
1340 1918 1425 1960 Deo
1465 1919 1573 1972 patri
1616 1920 1657 1961 et

105 1990 318 2032 25Ch1·iStO
350 1989 435 2031 filio
465 1989 552 2031 eius
583 1989 760 2031 Domino
791 1992 929 2030 nostro
960 1988 1117 2043 gratias
1147 2000 1267 2042 agere
1299 1989 1340 2029 et
1370 1999 1484 2029 orare
1504 1988 1660 2040 pariter

155 2071 202 2102 ac
239 2060 376 2113 petere
418 2060 465 2100 ut
506 2058 577 2112 qui
616 2058 822 2112 perfectus
863 2059 926 2100 est
964 2057 1096 2111 adque
1136 2056 1350 2110 perficiens
1381 2055 1588 2098 custodiat
1619 2060 1659 2099 et

222 2219 239 2251 1
259 2218 431 2262 episcopis
450 2218 530 2256 PT,
555 2205 680 2261 QGJM
697 2205 837 2261 (epUQ)
1046 2218 1082 2250 et
1102 2216 1299 2260 presbyteri
1317 2216 1399 2250 MT
1414 2217 1465 2259 (et
1481 2226 1547 2249 om.
1571 2214 1613 2260 Q)

151 2274 213 2318 qui
232 2274 267 2308 L
444 2274 466 2308 3
484 2274 648 2308 inimicos
666 2273 701 2308 L
871 2273 1053 2307 lacesserit
1075 2273 1113 2317 Q,
1133 2273 1322 2307 lacesseret
1338 2274 1375 2306 et
1402 2271 1433 2307 V
1599 2271 1660 2316 qui

150 2343 219 2367 om.
243 2331 311 2376 ΩΤ
401 2343 418 2365 c
436 2335 561 2365 contra
579 2332 615 2366 P
708 2330 919 2374 quibusdam
942 2332 975 2366 T
1073 2331 1095 2365 4
1112 2331 1286 2365 christum
1311 2329 1341 2374 Q
1434 2328 1659 2364 aduersarius

152 2399 185 2422 n.
206 2399 231 2422 c.
252 2399 281 2422 c.
302 2400 343 2422 111.
364 2388 490 2422 christi
507 2388 592 2423 add.
614 2389 648 2423 L
665 2400 708 2423 m.
726 2391 749 2423 2
766 2389 808 2423 in
823 2400 938 2433 marg).
1068 2387 1290 2422 aduersarios
1308 2389 1344 2423 P
1473 2388 1494 2422 6
1512 2390 1548 2422 et
1565 2387 1659 2432 suos]

155 2448 192 2480 et
209 2446 303 2490 ipsos
321 2448 357 2480 et
373 2457 454 2481 suos
472 2446 660 2491 Riyaltt'us
845 2447 867 2481 8
885 2447 993 2480 frater
1016 2458 1083 2480 om.
1102 2446 1148 2480 M
1163 2447 1256 2490 (erla.
1279 2446 1324 2491 Q)
1513 2447 1661 2480 interes—

153 2515 226 2538 sem
245 2503 279 2538 L
393 2504 414 2538 9
431 2515 570 2548 possem
587 2504 631 2545 P,
651 2504 734 2538 huic
751 2514 888 2548 possem
907 2504 941 2538 L
1052 2504 1094 2538 13
1111 2503 1240 2537 osculis
1259 2503 1339 2545 LP,
1357 2503 1469 2538 oculis
1487 2504 1615 2549 FQTv

152 2560 443 2595 adhaeriuntium
461 2561 501 2595 F
623 2563 741 2605 potest
758 2561 861 2606 satis]
882 2562 1071 2605 potestatis
1092 2562 1126 2595 P
1250 2561 1325 2605 ipsc
1343 2562 1379 2596 P
1507 2561 1550 2595 14
1568 2560 1660 2595 oculi

153 2621 260 2662 atque
280 2618 313 2652 L
470 2619 580 2653 uestri
597 2630 662 2653 om.
687 2620 732 2654 Τι
904 2619 946 2653 15
963 2618 1143 2662 secutura]
1163 2629 1284 2652 secura
1302 2618 1341 2652 F
1539 2618 1581 2652 16
1599 2616 1660 2651 ad·

155 2675 409 2720 propinquabit
429 2677 484 2711 Po
630 2676 674 2710 18
692 2675 835 2711 brcbius
853 2675 898 2717 F,
918 2675 1062 2710 breuius
1082 2676 1186 2716 I'L1,
1205 2675 1371 2709 braeuius
1393 2675 1422 2720 Q
1561 2675 1606 2709 20
1622 2677 1661 2709 et

154 2744 220 2768 (mv.
243 2733 276 2768 Τ
414 2733 566 2767 uicarios
582 2733 617 2768 P
756 2733 831 2778 pro]
851 2744 954 2777 porro
972 2733 1005 2767 L
1152 2733 1196 2767 22
1214 2735 1250 2766 et
1268 2744 1332 2767 om.
1353 2732 1434 2767 MT
1447 2732 1542 2776 (exli.
1567 2731 1613 2776 Q)

154 2792 398 2835 presentantes
417 2790 461 2824 M
477 2786 642 2835 (repracs.
664 2790 708 2836 Q)
859 2791 903 2825 23
920 2790 1100 2825 claritatis
1118 2789 1157 2824 F
1293 2790 1337 2824 25
1355 2793 1475 2824 nostro
1492 2800 1557 2824 om.
1579 2789 1614 2824 L

152 2849 199 2884 26
215 2849 266 2894 et]
284 2851 392 2894 atque
412 2850 446 2885 L
