1838 3152
554 243 793 289 Epistulae
818 244 1011 279 LVIIII.
1037 255 1064 279 c.
1091 245 1190 280 2-3.
1545 247 1632 290 669

119 349 294 390 tumax
316 353 403 398 est,
426 347 506 389 uir
526 348 605 390 sui
626 348 846 399 iactans,
866 347 1008 390 nihil
1029 348 1232 391 omnino
1253 348 1518 401 proficiet,
1540 349 1627 402 qui

120 416 378 459 dilatauit
417 418 675 470 tamquam
716 416 871 458 inferi
912 416 1136 458 animam
1177 428 1331 458 suam.
1373 418 1415 459 et
1449 419 1627 459 iterum:

120 486 169 526 et
199 485 357 526 uerba
386 484 488 526 uiri
519 485 817 538 peccatoris
846 497 905 526 ne
935 484 1250 535 timueritis,
1293 485 1414 538 quia
1450 485 1627 540 gloria

119 554 230 596 eius
261 555 310 595 in
341 554 575 596 stercora
604 554 707 596 erit
736 554 786 595 et
815 553 867 595 in
899 564 1111 595 uermes.
1145 552 1297 594 hodie
1334 553 1629 596 extolletur

91 624 172 665 set
209 634 328 664 cras
367 634 460 664 non
497 622 821 664 inuenietur:
862 621 1105 675 quoniam
1150 633 1436 664 conuersus
1466 624 1545 664 est
1577 622 1627 663 in

117 693 306 734 terram
327 703 484 745 suam,
516 692 565 733 et
586 690 846 746 cogitatio
867 690 979 732 eius
1001 690 1214 744 peribit.
1245 692 1287 732 et
1309 690 1483 732 iterum:
1506 690 1624 732 uidi

117 760 333 813 impium
374 759 669 802 exaltatum
709 760 759 802 et
790 758 981 801 extolli
1012 770 1164 812 super
1194 758 1375 800 cedros
1413 758 1627 801 Libani:

118 830 166 870 et
207 829 458 883 transiui‚
497 830 547 870 et
587 840 698 871 ecce
736 840 830 870 non
869 828 988 870 fuit.
1033 829 1085 870 et
1123 827 1367 881 quaesiui
1405 840 1540 878 eum,
1573 828 1623 869 et

117 910 211 940 non
249 899 328 939 est
365 897 612 939 inuentus
642 896 787 938 locus
818 896 941 938 eius.
985 896 1180 938 exaltatio
1212 898 1255 938 et
1285 895 1446 938 inflatio
1476 897 1519 938 et
1550 896 1626 938 ad·

69 979 103 1005 10
116 978 264 1020 rogans
295 979 342 1008 ac
372 965 546 1020 superba
576 964 744 1007 iactatio
775 979 854 1008 non
885 966 934 1007 de
966 965 1119 1007 Christi
1151 965 1409 1020 magisteriO,
1442 965 1512 1018 qui
1544 964 1624 1006 hu-

115 1035 339 1077 militatem
370 1035 500 1085 docet,
533 1034 602 1076 sed
625 1033 675 1076 de
696 1034 931 1076 antichristi
964 1035 1113 1088 spiritu
1145 1035 1351 1088 nascitur,
1383 1034 1450 1076 cui
1480 1045 1625 1087 expro-

116 1103 209 1146 brat
249 1116 319 1157 per
358 1103 597 1158 prophetam
635 1102 838 1145 Dominus
877 1104 919 1145 et
957 1103 1081 1145 dicit:
1122 1104 1177 1144 tu
1217 1104 1391 1145 autem
1429 1101 1623 1144 dixisti

115 1172 165 1214 in
203 1172 368 1215 animo
412 1175 519 1215 tuo:
564 1173 614 1214 in
660 1171 856 1214 caelum
897 1172 1194 1222 ascendam,
1237 1184 1389 1225 super
1429 1170 1627 1213 stellas

115 1241 205 1282 Dei
236 1252 416 1294 ponam
447 1241 621 1283 sedem
651 1254 833 1292 meam,
868 1240 1055 1283 sedebo
1077 1241 1126 1282 in
1148 1242 1321 1283 monte
1339 1240 1448 1282 alto
1469 1251 1626 1293 super

69 1311 318 1352 1⁵m0ntes
350 1310 488 1352 altos
519 1310 570 1352 in
601 1310 922 1363 aquilonem,
954 1310 1234 1351 ascendam
1266 1322 1420 1363 super
1447 1308 1626 1363 nubes,

116 1390 200 1421 ero
246 1379 445 1421 similis
489 1379 772 1421 altissimo.
820 1379 861 1420 et
898 1378 1060 1420 addidit
1105 1377 1264 1420 dicens:
1306 1380 1362 1420 tu
1402 1389 1524 1420 uero
1566 1376 1627 1418 ad

115 1447 321 1490 inferos
376 1448 656 1490 descendes
708 1448 758 1489 in
804 1447 1144 1489 fundamenta
1197 1449 1388 1489 terrae:
1445 1447 1494 1488 et
1536 1445 1624 1499 qui

118 1516 377 1558 uidebunt
423 1518 492 1567 te,
539 1516 872 1558 mirabuntur
917 1528 1070 1569 super
1117 1517 1177 1557 te.
1234 1515 1341 1557 unde
1391 1516 1433 1557 et
1482 1527 1625 1568 parem

115 1584 269 1626 talibus
300 1597 472 1638 poenam
504 1586 707 1639 scriptura
738 1584 879 1626 diuina
908 1585 996 1626 loco
1027 1585 1108 1626 alio
1138 1585 1413 1627 comminatur
1434 1585 1476 1626 et
1497 1583 1619 1625 dicit:

70 1654 228 1697 20dies
259 1655 393 1696 enim
414 1655 620 1697 Domini
651 1654 879 1697 Sabaoth
910 1667 1060 1708 super
1091 1667 1284 1697 omnem
1306 1654 1624 1696 iniuriosum

116 1724 167 1766 et
205 1724 488 1777 superbum
531 1725 580 1766 et
618 1737 771 1778 super
810 1737 1002 1766 omnem
1042 1724 1233 1766 elatum
1265 1724 1314 1765 et
1345 1723 1626 1766 excelsum.

118 1792 166 1833 de
206 1804 273 1834 ore
311 1793 449 1846 itaque
480 1806 527 1834 ac
558 1793 606 1834 de
638 1792 775 1834 uerbis
813 1793 899 1834 suis
931 1792 1214 1845 unusquisque
1245 1792 1390 1834 statim
1421 1791 1624 1845 proditur,

116 1862 157 1902 et
187 1862 328 1903 utrum
358 1860 569 1903 Christum
602 1862 644 1903 in
675 1861 794 1903 corde
826 1875 898 1904 suo
930 1874 981 1903 an
1012 1873 1107 1902 uero
1138 1861 1431 1902 antichristum
1463 1860 1624 1911 habeat,

115 1930 315 1983 loquendo
348 1931 570 1985 detegitur,
602 1931 825 1973 secundum
857 1932 966 1984 quod
998 1931 1201 1973 Dominus
1232 1931 1274 1972 in
1307 1931 1522 1986 euangelio
1554 1941 1627 1972 suo

249 2067 270 2100 3
296 2066 312 2100 Ι
338 2066 446 2101 Mace.
472 2068 505 2107 2,
530 2067 584 2101 62.
611 2067 665 2102 63.
778 2069 799 2100 6
826 2067 881 2101 Ps.
908 2067 964 2107 36,
993 2067 1047 2101 35.
1073 2068 1128 2101 363.
1242 2068 1284 2101 12
1310 2067 1365 2101 Es.
1395 2067 1447 2107 14,
1475 2067 1621 2101 13-16.

114 2124 160 2158 20
190 2124 246 2158 Es.
272 2124 305 2164 2,
333 2124 386 2158 12.

187 2238 203 2271 1
223 2238 382 2282 perficiet
401 2239 507 2284 LPQ
658 2239 679 2273 2
697 2238 869 2273 dilatabit
889 2239 919 2284 Q
1070 2239 1174 2273 inferi
1198 2239 1406 2284 C¹LQRV‚
1426 2238 1562 2273 inferus
1580 2239 1625 2281 P,

115 2295 289 2330 infernum
309 2297 369 2337 (1²,
387 2296 546 2330 infernus
565 2307 585 2331 v
677 2296 699 2330 3
717 2307 737 2330 a
754 2296 872 2330 uerbis
892 2296 965 2338 CR,
984 2306 1005 2330 a
1019 2296 1128 2331 uerba
1142 2296 1197 2337 M,
1215 2314 1230 2332 *
1248 2297 1355 2331 uerba
1371 2296 1401 2342 Q
1494 2296 1625 2330 timue-

114 2352 164 2386 ris
186 2353 216 2388 G
343 2355 365 2387 4
383 2353 420 2387 in
437 2364 530 2388 corr.
548 2354 589 2388 in
608 2356 648 2388 ut
671 2354 700 2388 G
827 2355 978 2388 stercore
996 2353 1077 2399 PQ,
1095 2355 1233 2388 statera
1252 2354 1286 2388 L
1415 2353 1450 2387 in
1470 2365 1563 2389 corr.
1582 2354 1624 2388 in

114 2412 155 2444 ut
177 2408 207 2445 Ο
312 2411 441 2444 uermis
464 2411 494 2445 C
600 2411 785 2446 extollitur
808 2410 920 2447 0²Rv
1027 2412 1049 2445 8
1066 2411 1220 2445 transibi
1240 2411 1311 2456 LQ
1421 2412 1464 2445 10
1480 2411 1624 2456 superbi

113 2467 262 2501 iactatio
286 2467 315 2501 C
322 2470 346 2508 ¹,
366 2468 616 2511 superiactatio
637 2468 667 2513 Q
799 2469 841 2502 11
860 2468 901 2503 de
919 2469 954 2504 R
970 2479 996 2503 s.
1016 2469 1037 2502 I.
1168 2468 1298 2513 spiritu
1316 2479 1380 2504 om.
1402 2469 1437 2504 R
1454 2470 1494 2503 in
1511 2479 1582 2503 ras.
1601 2471 1625 2503 2

113 2525 182 2559 litt.
277 2525 338 2568 qui
356 2524 400 2569 Q·
426 2525 497 2568 (cui
515 2525 561 2559 M
565 2525 633 2570 Q2)
741 2525 912 2570 exprobat
929 2527 970 2571 Q,
987 2526 1199 2571 exprobrant
1218 2527 1263 2561 C·
1363 2526 1406 2560 12
1422 2526 1506 2560 deus
1523 2528 1559 2561 ct
1577 2526 1623 2567 R,

114 2570 188 2615 dffs‘
200 2581 229 2627 Q
368 2582 486 2617 dicens
504 2583 550 2617 M
555 2584 568 2603 ²
590 2583 693 2627 (dicit
711 2584 758 2618 Μ
762 2587 768 2605 ¹
784 2584 826 2628 Q)
968 2584 1010 2618 13
1027 2584 1063 2618 in
1082 2583 1200 2617 animo
1221 2585 1282 2617 tuo
1300 2583 1389 2617 dicis
1414 2584 1443 2618 C
1455 2583 1518 2618 secl
1535 2583 1625 2617 dicis

113 2649 140 2673 ε.
160 2640 181 2673 l.
277 2640 319 2674 14
337 2641 452 2685 super]
471 2641 506 2675 in
527 2640 557 2686 Q
659 2642 702 2675 15
720 2641 931 2686 aquilonem]
951 2642 1140 2685 aquineam
1159 2641 1193 2675 R
1288 2641 1329 2674 17
1349 2639 1560 2674 descendens
1579 2641 1623 2681 P,

113 2696 291 2731 discendis
315 2698 345 2732 (J
474 2698 517 2732 18
533 2700 569 2732 te
587 2698 761 2733 uidebunt
783 2699 859 2740 CR,
885 2698 1051 2733 uiderunt
1069 2700 1104 2732 tc
1128 2698 1160 2732 V
1290 2708 1409 2742 parem
1428 2697 1563 2732 talibus
1586 2698 1625 2739 C,

113 2754 359 2798 parentalibus
379 2755 414 2789 P
553 2755 595 2790 19
619 2757 655 2790 et
679 2756 856 2800 scriptura.
879 2756 909 2791 C
1046 2755 1120 2789 loco
1145 2755 1216 2788 alio
1240 2756 1269 2790 C
1366 2746 1371 2751 ’
1387 2745 1451 2788 '20
1477 2754 1625 2788 iniurio-

114 2822 190 2845 sum
284 2822 422 2846 omnem
448 2822 513 2846 om.
536 2812 566 2847 C
679 2813 723 2849 21
750 2823 850 2847 omne
870 2812 905 2847 R
1021 2813 1066 2846 ⁴23
1083 2813 1215 2856 utrum]
1237 2813 1300 2846 aut
1324 2811 1354 2856 Q
1470 2812 1514 2846 24
1533 2811 1624 2855 quod

114 2879 179 2902 om.
205 2869 234 2904 C
326 2870 550 2913 euangelium
573 2870 602 2905 C
693 2881 794 2904 suum
819 2881 911 2905 corr.
930 2871 969 2904 in
988 2870 1047 2904 ubi
1071 2871 1100 2904 G
