1838 3152
165 220 249 261 512
697 219 886 255 Caecilii
916 220 1128 265 Cypriani

127 324 150 364 3
223 322 336 363 Haec
357 322 536 377 singula,
560 335 628 365 010
650 335 736 374 uos,
757 324 963 365 insinuate
985 324 1182 365 fratribus
1203 324 1366 365 nostris.
1391 326 1431 365 et
1447 324 1544 376 quia
1561 325 1673 366 exal-

165 390 326 431 tabitur
362 391 431 443 qui
453 403 494 432 se
515 391 813 445 humiliauerit,
851 405 960 433 nunc
988 394 1050 433 est
1071 394 1118 433 ut
1138 392 1272 446 magis
1301 392 1570 434 insidiantem
1599 393 1672 433 ad-

165 459 396 500 uersarium
434 461 635 510 metuant,
679 461 748 513 qui
787 460 999 502 fortiorem
1035 473 1237 513 quemque
1268 461 1401 514 magis
1432 461 1673 515 aggreditur

165 529 205 569 et
236 528 366 569 acrior
403 527 536 570 factus
574 529 649 570 hoc
687 529 775 581 ipso
815 541 893 581 quo
926 529 1061 570 uictus
1094 531 1156 570 est
1188 531 1447 582 superantem
1482 542 1670 582 superare

165 597 345 638 conatur.
379 597 568 638 dominus
607 597 733 638 faciet
764 597 810 638 ut
840 597 881 638 et
912 609 984 651 ego
1021 597 1115 638 illos
1155 597 1294 638 uidere
1326 599 1366 639 et
1398 598 1570 639 salutari
1602 611 1698 640 eir-5

162 665 394 707 hortatione
425 678 646 719 conponere
669 667 826 707 mentes
849 677 988 707 eorum
1010 666 1061 707 ad
1083 666 1326 707 seruandam
1357 666 1532 720 gloriam
1554 679 1670 708 suam

161 735 328 788 possim.
362 735 476 776 doleo
509 735 618 776 enim
650 735 809 787 quando
841 735 961 776 audio
993 735 1192 787 quosdam
1223 735 1407 787 improbe
1430 736 1470 776 et
1491 736 1670 777 insolen-

162 805 225 845 ter
255 804 493 854 discurrere,
541 804 593 844 ad
631 804 806 856 ineptias
853 804 920 845 uel
961 804 1011 844 ad
1050 804 1272 845 discordias
1315 816 1469 854 uacare,
1517 803 1670 845 Christi

161 873 347 915 membra
378 874 418 914 et
449 873 533 914 iam
563 872 773 914 Christum
804 873 986 914 confessa
1017 886 1088 926 per
1120 873 1360 914 concubitus
1391 873 1572 914 inlicitos
1604 874 1668 914 in-

162 942 341 995 quinare,
373 954 445 983 nec
466 955 489 983 a
511 941 691 983 diaconis
723 943 794 983 aut
824 942 1073 995 presbyteris
1104 942 1191 996 regi
1222 954 1352 994 posse,
1386 942 1455 983 sed
1482 942 1524 983 id
1547 954 1712 996 agerem

162 1011 209 1052 ut
234 1024 306 1064 per
335 1022 557 1063 paucorum
590 1023 739 1063 prauos
772 1012 812 1053 et
834 1011 964 1052 malos
995 1023 1127 1053 mores
1159 1012 1385 1052 multorum
1410 1011 1450 1052 et
1471 1011 1669 1052 bonerum

162 1079 440 1121 confessorum
471 1080 604 1133 gloria
635 1080 805 1122 honesta
836 1079 1085 1121 maculetur:
1126 1091 1224 1132 quos
1255 1079 1387 1120 uereri
1419 1079 1578 1129 debent,
1619 1092 1669 1121 ne

159 1149 342 1202 ipsorum
380 1149 617 1190 testimonio
649 1149 689 1190 et
720 1148 871 1190 iudicio
911 1149 1168 1190 condemnati
1207 1148 1256 1189 ab
1298 1160 1437 1189 eorum
1476 1148 1668 1189 societate

159 1217 387 1270 priuentur.
429 1219 463 1259 is
496 1218 606 1260 enim
646 1219 812 1259 demum
851 1218 1053 1260 confessor
1084 1217 1271 1259 inlustris
1303 1218 1343 1258 et
1373 1229 1495 1258 uerus
1526 1217 1588 1258 est
1618 1217 1667 1258 de

161 1298 239 1339 quo
270 1287 536 1339 postmodum
567 1299 646 1328 non
678 1286 881 1328 erubescit
913 1287 1083 1328 ecclesia
1113 1287 1183 1327 sed
1214 1286 1428 1340 gloriatur.
1681 1300 1711 1323 15

121 1354 144 1393 4
216 1355 283 1397 Ad
304 1355 348 1396 id
370 1367 464 1397 uero
492 1356 601 1408 quod
631 1356 881 1408 scripserunt
912 1355 1015 1396 mihi
1047 1355 1349 1409 conpresbyteri
1379 1355 1508 1396 nostri
1530 1355 1666 1396 Dona-

159 1424 227 1465 tus
258 1425 299 1465 et
329 1424 581 1466 Fortunatus
613 1425 654 1466 et
675 1424 862 1466 Nouatus
884 1425 924 1465 et
947 1423 1136 1474 Gordius,
1170 1425 1280 1466 301113
1311 1424 1532 1466 rescribere
1563 1423 1667 1464 nihil

158 1493 287 1546 potui,
322 1494 482 1546 quando
505 1507 528 1535 a
549 1494 774 1546 primordio
808 1494 1064 1546 episcopatus
1095 1493 1177 1535 mei
1208 1494 1422 1535 statuerim
1452 1493 1558 1534 nihil
1579 1492 1665 1532 sine

159 1562 327 1603 consilio
366 1562 502 1603 uestro
534 1563 574 1603 et
605 1562 691 1603 sine
723 1574 918 1604 consensu
950 1562 1081 1616 plebis
1112 1575 1204 1604 mea
1233 1562 1432 1615 priuatim
1463 1561 1664 1603 sententia

158 1643 310 1685 gerere.
352 1631 421 1672 sed
461 1643 554 1671 cum
591 1632 642 1672 ad
673 1643 745 1672 uos
776 1644 847 1684 per
878 1632 955 1672 Dei
984 1631 1163 1685 gratiam
1193 1643 1353 1680 uenere,
1392 1632 1490 1672 tunc
1521 1631 1569 1671 de
1599 1629 1664 1670 his
1678 1640 1711 1665 20

158 1712 260 1752 quae
299 1700 366 1740 1101
406 1700 521 1753 gesta
559 1700 654 1740 sunt
684 1700 751 1741 uel
790 1701 978 1754 gerenda,
1019 1700 1125 1741 sicut
1162 1701 1288 1741 honor
1317 1700 1486 1741 mutuus
1517 1698 1662 1751 poscit,

156 1768 200 1809 in
232 1780 448 1810 commune
485 1768 772 1810 tractabimus,
812 1770 906 1822 opto
938 1780 1022 1819 uos,
1063 1769 1207 1810 fratres
1246 1769 1448 1810 carissimi
1480 1781 1525 1810 ac
1557 1768 1664 1809 desi-

225 1928 244 1961 1
263 1928 393 1962 uestris
418 1929 447 1963 0
551 1928 646 1972 quia]
667 1928 728 1972 qui
751 1929 780 1963 0
794 1928 857 1963 sed
874 1929 910 1962 ui
926 1929 966 1963 111
983 1939 1068 1970 ras„
1087 1929 1170 1973 quia
1188 1928 1244 1962 his
1261 1929 1347 1970 NR,
1373 1928 1457 1972 quia
1474 1929 1503 1962 is
1521 1929 1574 1963 io²

154 1985 331 2020 exaltabit
354 1986 390 2025 0,
418 1985 659 2019 exaltantibus
680 1987 715 2021 R
793 1986 814 2020 2
837 1986 899 2029 qui
917 1997 981 2020 om.
1005 1987 1034 2021 0
1102 1986 1375 2020 humiliauerint
1396 1987 1428 2020 T
1505 1987 1525 2020 3
1544 1996 1664 2030 quem-

154 2043 234 2087 que]
254 2054 355 2087 quem
380 2044 412 2077 T
523 2043 546 2077 4
563 2054 630 2087 (1110
654 2043 813 2078 C²NRT
817 2043 856 2084 V,
884 2043 945 2086 qui
968 2044 1010 2078 0ι
1022 2070 1029 2084 ,
1055 2043 1137 2086 quia
1155 2045 1189 2077 10
1298 2043 1319 2077 5
1336 2043 1517 2077 dominum
1534 2043 1610 2078 ΝΤ

154 2101 263 2134 faciat
288 2102 346 2135 101]
455 2102 490 2134 01
515 2111 579 2135 om.
600 2101 643 2134 N
732 2100 828 2145 illos]
854 2101 937 2134 illos
962 2103 1135 2145 martyres
1153 2102 1203 2144 N,
1230 2101 1311 2134 illos
1337 2103 1491 2135 matures
1514 2102 1553 2143 T,
1581 2101 1663 2135 illos

153 2158 329 2192 maturius
359 2158 400 2200 V,
428 2160 602 2202 martyres
633 2158 714 2192 illos
733 2159 777 2199 R,
804 2159 992 2192 martirum
1020 2159 1101 2192 illos
1125 2159 1160 2199 0,
1190 2159 1318 2192 11011111]
1348 2158 1429 2193 11103
1459 2159 1505 2199 10,
1532 2159 1661 2192 iterum

152 2215 234 2250 illos
263 2217 402 2250 mature
421 2227 440 2250 v
535 2216 691 2250 salutare
716 2216 746 2251 0
837 2216 1052 2250 exortatione
1070 2227 1099 2257 0,
1132 2216 1375 2250 exhortatione
1404 2227 1467 2250 nec
1485 2217 1532 2256 N,
1559 2217 1593 2250 et
1612 2217 1662 2259 (et

152 2283 219 2308 om.
243 2273 284 2316 C')
311 2273 563 2308 exercitatione
586 2274 650 2308 CR
766 2274 787 2307 8
815 2273 1009 2307 discurrere
1035 2275 1071 2307 et
1090 2285 1108 2308 v
1225 2274 1246 2307 9
1271 2273 1416 2307 menbra
1441 2274 1476 2308 10
1585 2283 1663 2307 con—

152 2330 289 2365 cubitos
314 2330 343 2365 0
349 2334 357 2351 ¹
458 2330 641 2374 inquinari
658 2331 715 2365 1ου
815 2332 859 2364 10
876 2331 907 2375 a]
927 2331 971 2365 ad
994 2332 1024 2364 T
1113 2331 1323 2375 presbiteris
1342 2332 1405 2365 aut
1423 2331 1579 2365 diaconis
1597 2342 1616 2365 o

151 2389 228 2432 regi
246 2398 310 2422 om.
330 2388 378 2429 N,
403 2388 501 2432 regio
524 2389 556 2422 T
664 2388 738 2433 sed]
758 2399 794 2423 se
813 2389 857 2423 N
956 2388 993 2422 id
1011 2399 1075 2423 om.
1095 2389 1142 2430 N,
1170 2389 1200 2422 it
1222 2390 1255 2423 T
1360 2389 1401 2422 11
1419 2389 1560 2433 prauos]
1580 2399 1661 2432 par-

150 2455 214 2479 uos
227 2445 269 2479 N
329 2445 537 2489 multorum]
556 2446 774 2479 mortuorum
792 2446 828 2480 R
845 2446 906 2480 sed
923 2457 946 2479 u
962 2457 989 2480 s.
1009 2446 1032 2481 ῖ.
1105 2446 1147 2480 12
1165 2446 1317 2480 debeant
1336 2446 1401 2481 CR
1472 2446 1514 2480 13
1531 2446 1661 2480 iudicio

151 2503 187 2536 et
203 2502 409 2536 testimonio
427 2513 446 2536 0
542 2503 586 2536 14
602 2504 753 2547 puentur
777 2503 903 2538 O¹RT
992 2503 1036 2548 is]
1056 2503 1112 2536 his
1137 2503 1202 2538 CR
1295 2504 1338 2538 16
1357 2504 1564 2548 scripserint
1587 2504 1619 2537 T

150 2559 193 2593 17
212 2560 259 2603 et]
287 2563 304 2593 e
322 2559 367 2594 N
468 2561 504 2593 et
521 2560 725 2594 fortunatus
743 2570 808 2594 orm.
835 2560 936 2595 CRz'o
1042 2562 1077 2594 et
1094 2562 1259 2606 nouatus]
1287 2562 1322 2594 et
1339 2562 1443 2595 notus
1462 2572 1490 2603 ο,
1519 2564 1535 2594 e
1553 2571 1660 2594 noua-

148 2618 207 2651 tus
225 2617 273 2659 N,
300 2618 452 2651 nouatus
469 2629 490 2652 v
591 2618 638 2662 01]
659 2621 675 2651 e
694 2619 729 2651 et
747 2619 787 2651 N
875 2617 1023 2661 gurdius
1048 2618 1111 2652 010
1203 2617 1437 2652 rescriberent
1455 2619 1509 2652 N1
1608 2618 1660 2651 nil

154 2675 228 2716 010,
255 2674 368 2709 nichil
384 2675 428 2709 N
529 2675 572 2710 18
589 2675 622 2719 a]
642 2675 686 2709 ad
703 2675 740 2710 R,
844 2675 928 2720 11101]
949 2686 1003 2709 1110
1025 2676 1060 2711 R
1164 2676 1276 2710 nichil
1293 2676 1347 2710 Nz'
1451 2675 1496 2709 20
1512 2675 1572 2709 sed
1590 2686 1658 2709 orm.

149 2731 226 2766 NT
294 2732 339 2765 iis
356 2742 377 2766 υ
446 2732 490 2766 21
505 2733 613 2776 prius
638 2733 695 2766 uel
712 2733 736 2766 1.
753 2743 780 2766 s.
799 2733 820 2766 l.
839 2743 882 2766 m.
901 2735 924 2767 2
995 2732 1159 2777 gerenda]
1185 2733 1386 2777 generanda
1409 2734 1440 2767 T
1507 2732 1550 2766 22
1567 2733 1659 2766 trac-

149 2789 309 2823 tauimus
332 2789 365 2823 T
454 2790 537 2833 opto
559 2817 565 2823 .
583 2817 587 2823 .
605 2815 610 2821 .
632 2789 751 2824 ualetc
769 2800 834 2824 om.
859 2790 922 2825 010
1017 2790 1068 2835 ac]
1088 2792 1123 2824 et
1140 2791 1184 2825 N
