1912 3152
608 257 621 268 x
671 230 730 264 De
756 229 902 274 lapsis
928 239 954 263 c.
982 229 1083 263 4-7.
1539 230 1618 271 241

117 336 275 379 uincias
315 335 550 376 oberrantes
585 332 877 388 negotiationis
914 334 1157 385 quaetuosae
1186 331 1387 373 nundinas
1414 333 1622 385 aucupari.

118 403 392 447 esurientibus
414 403 456 444 in
478 402 646 444 ecclesia
677 401 874 443 fratribus
895 401 1043 443 habere
1064 401 1280 455 argentum
1308 399 1480 454 largiter
1500 400 1621 445 uelle.

120 472 266 515 fundos
288 471 494 513 insidiosis
516 470 729 513 fraudibus
749 481 903 522 rapere,
926 469 1061 510 usuris
1082 468 1461 521 multiplicantibus
1482 469 1622 510 faenus

117 553 279 595 augere.
324 539 423 593 quid
463 551 541 581 non
582 539 737 592 perpeti
777 537 881 579 tales
922 549 993 590 pro
1034 536 1210 591 peccatis
1251 536 1450 578 eiusmodi
1492 549 1624 578 mere-

14 613 16 618 ’
70 638 86 662 ⁵
117 621 274 659 remur,
307 621 400 650 cum
432 608 516 649 iam
537 607 697 661 pridem
717 605 1019 660 praemonuerit
1040 618 1086 647 ac
1107 604 1256 647 dixerit
1278 617 1444 646 censura
1465 605 1624 647 diuina:

118 679 159 720 si
192 676 573 730 dereliquerint
603 675 767 729 legem
796 686 954 716 meam
985 674 1111 715 etin
1142 673 1361 714 iudiciis
1389 674 1512 715 meis
1533 687 1625 716 non

118 745 533 794 ambulauerint‚
588 744 633 785 si
679 743 1098 784 iustificationes
1145 755 1278 784 meas
1324 742 1627 796 profanaue-

119 816 225 857 rint
279 815 327 855 et
378 814 653 867 praecepta
713 824 818 854 mea
870 823 965 853 non
1019 811 1417 853 obseruauerint
1435 845 1444 862 ‚
1503 812 1626 853 uisi-

119 885 235 926 tabo
275 884 325 925 in
356 883 505 937 uirga
536 881 767 924 facinora
799 893 969 922 eorum
1002 881 1130 922 etin
1162 880 1401 935 flagellis
1433 880 1623 923 delicta

16 972 19 983 ¹
73 978 106 1003 10
120 966 301 996 eorum.

17 1020 19 1028 ’
176 1021 471 1063 Praenuntiata
503 1022 601 1062 sunt
631 1020 711 1061 ista
740 1019 857 1062 nobis
889 1021 930 1061 et
951 1020 1045 1061 ante
1066 1019 1288 1073 praedicta.
1323 1019 1392 1061 sed
1413 1031 1484 1060 nos
1505 1019 1626 1061 datae
1643 1026 1665 1066 7

118 1091 224 1146 legis
254 1091 295 1131 et
326 1089 622 1131 obseruationis
653 1089 898 1130 inmemores
929 1088 971 1129 id
1002 1088 1163 1142 egimus
1194 1101 1267 1142 per
1287 1089 1427 1130 nostra
1446 1088 1625 1141 peccata,

119 1161 167 1202 ut
188 1159 287 1200 dum
317 1158 485 1200 Domini
513 1158 708 1199 mandata
737 1157 1038 1199 contemnimus
1070 1157 1121 1198 ad
1152 1157 1447 1210 correptionem
1484 1156 1625 1198 delicti

119 1230 162 1270 et
183 1228 464 1281 probationem
486 1227 580 1269 fidei
603 1226 799 1269 remediis
820 1225 1091 1267 seuerioribus
1114 1226 1366 1275 ueniremus‚
1389 1238 1461 1267 nec
1483 1225 1625 1267 saltim

20 1315 21 1319 ¹
72 1314 104 1340 15
119 1297 186 1339 uel
204 1308 289 1338 sero
310 1296 493 1338 conuersi
510 1296 561 1338 ad
574 1295 742 1337 Domini
759 1295 952 1336 timorem
970 1307 1126 1343 sumus,
1149 1295 1196 1335 ut
1212 1293 1314 1336 hanc
1330 1293 1625 1347 correptionem

119 1367 303 1408 nostram
324 1365 687 1418 probationemque
709 1364 894 1405 diuinam
916 1363 1120 1416 patienter
1141 1364 1182 1404 et
1203 1362 1366 1404 fortiter
1381 1363 1624 1404 subiremus.

120 1434 171 1476 ad
202 1434 336 1487 prima
367 1433 509 1475 statim
543 1432 668 1475 uerba
698 1432 896 1475 minantis
927 1431 1085 1473 inimici
1118 1431 1323 1473 maximus
1354 1431 1529 1473 fratrum
1549 1445 1626 1473 nu-

120 1516 257 1545 merus
279 1502 402 1544 fidem
424 1514 542 1543 suam
572 1501 754 1555 prodidit
783 1513 856 1543 nec
886 1501 1116 1554 prostratus
1147 1501 1209 1542 est
1239 1500 1532 1553 persecutionis
1563 1500 1627 1541 in-

22 1627 23 1630 *
119 1573 232 1627 petu‚
254 1571 323 1612 sed
346 1570 577 1612 uoluntario
599 1570 717 1624 lapsu
740 1582 782 1611 se
803 1570 890 1623 ipse
907 1569 1145 1622 prostrauit.
1168 1569 1266 1622 quid
1288 1581 1355 1610 oro
1377 1569 1625 1613 inauditum.

21 1634 24 1669 i
75 1641 221 1695 20quid
251 1652 404 1693 nouum
435 1640 624 1689 uenerat,
657 1641 704 1680 ut
734 1639 850 1681 uelut
871 1638 1090 1692 incognitis
1112 1639 1243 1691 adque
1264 1638 1485 1691 inopinatis
1506 1638 1627 1680 rebus

22 1707 25 1718 “
121 1710 271 1752 exortis
311 1708 465 1751 Christi
503 1709 805 1750 sacramentum
841 1707 1074 1749 temeritate
1118 1707 1334 1760 praecipiti
1371 1707 1627 1749 solueretur?

121 1791 250 1821 nonne
285 1778 384 1820 haec
418 1778 459 1819 et
493 1777 715 1830 prophetae
752 1778 845 1818 ante
866 1777 907 1818 et
928 1776 1101 1829 apostoli
1123 1777 1386 1830 postmodum
1407 1775 1627 1818 nuntiaue-

122 1849 246 1890 runt?
277 1859 407 1888 nonne
443 1847 647 1888 iustorum
682 1858 891 1899 pressuras
928 1846 969 1887 et
1004 1846 1226 1899 gentilium
1260 1858 1420 1899 semper
1455 1845 1628 1887 iniurias

122 1916 232 1970 pleni
254 1916 393 1957 sancto
415 1914 573 1968 Spiritu
595 1915 966 1968 praedicauerunt?
996 1927 1126 1956 nonne
1154 1914 1277 1956 fidem
1308 1916 1490 1956 nostram
1520 1926 1628 1956 sem-

76 2004 108 2030 25
123 1998 194 2039 per
214 1997 376 2026 armans
398 1985 438 2025 et
459 1984 534 2025 Dei
555 1995 694 2025 seruos
715 1983 883 2025 caelesti
905 1995 1002 2024 uoce
1024 1983 1285 2025 corroborans
1307 1984 1410 2025 dicit
1425 1984 1626 2036 scriptura

123 2054 284 2095 diuina:
332 2052 606 2095 Dominum
638 2052 793 2094 Deum
839 2052 981 2093 tuum
1013 2052 1261 2094 adorabis
1305 2053 1352 2094 et
1397 2052 1482 2093 illi
1529 2052 1628 2093 soli

124 2123 351 2164 seruies?
381 2134 511 2164 nonne
532 2121 636 2162 iram
666 2120 832 2163 diuinae
863 2121 1159 2175 indignationis
1181 2122 1396 2164 ostendens
1419 2123 1459 2164 et
1481 2134 1630 2174 poenae

259 2248 279 2279 ⁴5
305 2247 360 2281 Ps.
382 2247 442 2289 88,
460 2247 500 2281 31
522 2258 572 2291 sq.
645 2247 689 2280 *245
714 2246 819 2280 Deut.
838 2247 870 2283 6,
889 2246 941 2279 13.

192 2362 209 2394 1
236 2361 494 2405 negotiationes
513 2360 555 2394 S¹
665 2363 874 2405 quaestuose
890 2360 931 2394 S·
949 2387 956 2401 ,
983 2361 1252 2404 quaestudiosos
1270 2361 1306 2396 R
1410 2361 1432 2395 2
1457 2360 1628 2395 fratribus

123 2427 191 2450 non
209 2417 395 2451 subuenire
413 2428 458 2452 esc
476 2421 504 2452 1.
524 2417 599 2452 eorl.
618 2419 755 2461 recepit
772 2418 962 2452 Pamezms
1077 2419 1099 2452 3
1125 2418 1312 2452 inuidiosis
1332 2419 1362 2452 S
1475 2419 1497 2452 4
1523 2418 1627 2452 huius

123 2473 214 2508 modi
234 2474 269 2509 R
339 2485 531 2508 merremur
552 2475 615 2510 W·
694 2476 715 2507 6
740 2474 1023 2519 derelinquerint
1045 2475 1130 2511 WR
1202 2476 1222 2509 7
1247 2475 1514 2510 iustificationis
1533 2475 1564 2509 S

122 2531 143 2565 8
161 2542 236 2565 mea
254 2533 371 2566 om.W
444 2532 712 2566 obseruauerint
727 2532 845 2567 SWR
853 2532 891 2573 V,
912 2533 1135 2567 seruauerint
1151 2544 1173 2568 υ
1244 2534 1285 2567 11
1304 2533 1389 2567 data
1406 2533 1511 2577 eligis
1526 2533 1562 2567 R

123 2588 166 2622 13
183 2589 437 2633 correptionem
449 2588 523 2629 SR,
533 2589 780 2623 correctionem
791 2590 854 2624 Wv
915 2590 956 2624 14
970 2591 1522 2635 probationem]prouocationem
1534 2592 1563 2622 S

126 2645 251 2679 saltem
272 2646 320 2679 Su
391 2646 434 2679 15
459 2646 515 2680 uel
534 2657 598 2680 om.
621 2647 740 2689 WR0,·
768 2647 816 2688 cf.
836 2647 879 2680 de
897 2647 990 2682 bono
1002 2651 1083 2691 pat.
1101 2659 1130 2682 c.
1146 2651 1168 2682 4
1238 2648 1491 2682 correctionem
1514 2648 1563 2681 W

125 2702 166 2735 17
185 2702 317 2746 primas
330 2703 371 2736 S·
443 2703 487 2736 18
503 2714 565 2737 nec
583 2703 911 2748 persequutionisR
982 2705 1024 2738 19
1044 2716 1079 2738 se
1093 2706 1180 2740 Ws.
1195 2705 1216 2739 l.
1232 2716 1276 2739 m.
1291 2708 1314 2739 2
1383 2706 1428 2739 ‘20
1445 2704 1627 2739 uelutiW*

126 2759 224 2793 uelut
238 2770 281 2793 ear
297 2759 352 2793 uel
368 2760 397 2793 S
410 2762 485 2794 mut?
555 2761 596 2797 ‘21
616 2761 766 2795 extortis
778 2761 812 2796 R
877 2761 1106 2806 praecipitem
1120 2762 1160 2796 S·
1239 2762 1284 2797 24
1303 2763 1428 2806 nonne}
1444 2774 1509 2796 non
1522 2762 1557 2796 R

124 2815 168 2848 25
193 2815 262 2860 dei}
281 2816 324 2850 ad
343 2816 397 2850 dei
417 2817 452 2851 R
523 2819 566 2851 2⁴5
592 2818 661 2861 illi]
681 2818 750 2861 ipsi
774 2819 804 2852 V
875 2819 919 2852 ‘27
946 2829 1074 2862 poenae
1093 2822 1188 2853 ructu
1209 2820 1251 2853 S·
1268 2847 1275 2857 ,
1302 2831 1411 2864 paene
1429 2822 1503 2853 turn
1525 2820 1559 2854 R

261 2887 326 2916 ιιι.
1303 2879 1354 2918 16
