1838 3152
175 219 258 259 502
710 215 901 250 Caecilii
928 214 1142 259 Cypriani

174 319 525 373 perseuerantium
566 318 714 360 fiducia
754 319 962 373 glorietur.
1008 320 1102 372 opto
1143 330 1227 370 uos,
1271 319 1417 361 fratres
1459 320 1676 371 carissimi,

175 401 334 442 semper
377 388 475 429 bene
516 387 652 429 ualere
693 389 733 428 et
773 387 900 428 nostri
943 387 1190 429 meminisse.
1239 387 1544 430 fraternitatem
1586 401 1676 430 meo

174 459 335 500 nomine
358 457 535 499 salutate
557 458 598 498 et
618 458 665 497 ut
688 456 816 498 nostri
838 456 1101 497 meminerint
1123 457 1348 498 admonete.
1376 457 1524 498 ualete.

577 685 1065 758 EPISTVLA
1113 685 1276 758 XII.

248 835 512 871 CYPRIANVs
539 833 856 868 PREsBYTERIs
883 834 939 868 ET
967 834 1257 870 DrACONIBVs
1283 834 1548 869 FRATRIBVS
1574 836 1606 869 S.

137 983 153 1022 1
231 975 491 1028 Quamquam
514 975 641 1016 sciam
664 986 747 1025 uos,
781 974 929 1016 fratres
952 974 1166 1025 carissimi,
1189 974 1344 1016 litteris
1366 975 1468 1016 meis
1489 975 1678 1028 frequen-

172 1046 235 1086 ter
272 1044 501 1085 admonitos
539 1056 623 1084 esse
659 1044 706 1084 ut
742 1042 918 1097 gloriosa
953 1055 1050 1084 uoce
1081 1042 1305 1084 Dominum
1343 1043 1535 1085 confessis
1565 1045 1605 1085 et
1636 1045 1678 1085 in

172 1125 329 1154 carcere
352 1112 588 1154 constitutis
610 1112 742 1153 omnis
764 1111 986 1165 diligentia
1007 1111 1265 1164 praebeatur,
1292 1112 1430 1152 tamen
1451 1111 1677 1153 identidem

172 1182 287 1223 uobis
324 1181 527 1230 incumbo,
564 1194 614 1222 ne
648 1181 747 1233 quid
775 1180 826 1221 ad
855 1193 994 1222 curam
1027 1180 1133 1221 desit
1162 1180 1228 1222 his
1261 1181 1409 1233 quibus
1430 1181 1480 1222 ad
1503 1181 1677 1235 gloriam

170 1250 276 1292 nihil
293 1251 418 1292 deest.
443 1250 573 1302 adque
595 1249 756 1290 utinam
778 1249 856 1290 loci
879 1250 919 1290 et
939 1249 1089 1303 gradus
1110 1250 1192 1291 mei
1214 1250 1394 1291 condicio
1416 1249 1724 1303 permitterem

170 1322 217 1362 ut
245 1321 332 1374 ipse
360 1332 466 1361 nunc
496 1331 683 1373 praesens
713 1331 798 1360 esse
827 1330 1007 1372 possem:
1040 1319 1252 1371 promptus
1274 1319 1314 1359 et
1335 1319 1466 1360 libens
1489 1318 1676 1360 sollemni

171 1389 399 1430 ministerio
428 1389 574 1429 cuncta
605 1387 710 1429 circa
731 1387 976 1429 fortissimos
999 1387 1145 1429 fratres
1167 1388 1325 1428 nostros
1348 1387 1580 1429 dilectionis
1603 1388 1676 1429 ob-

170 1457 311 1511 sequia
339 1458 597 1510 complerem.
633 1456 701 1497 sed
731 1455 912 1497 officium
941 1469 1081 1497 meum
1110 1457 1248 1498 uestra
1279 1456 1498 1511 diligentia
1520 1469 1676 1509 reprae-

172 1527 306 1568 sentet
328 1527 369 1567 et
390 1525 518 1567 faciat
547 1525 682 1566 omnia
704 1538 806 1577 quae
827 1524 914 1566 fieri
936 1525 1095 1577 oportet
1119 1524 1224 1566 circa
1247 1537 1312 1566 eos
1335 1537 1433 1578 quos
1455 1525 1497 1566 in
1519 1525 1675 1566 talibus

169 1595 329 1636 meritis
361 1594 454 1635 fidei
477 1606 522 1635 ac
543 1594 712 1635 uirtutis
743 1607 839 1635 suae
870 1594 1112 1635 inlustrauit
1135 1594 1276 1636 diuina
1298 1594 1494 1649 dignatio,
1534 1606 1674 1646 corpo-
1691 1604 1722 1628 15

169 1664 283 1705 ribus
321 1664 449 1705 etiam
485 1663 683 1713 omnium,
718 1663 787 1716 qui
811 1663 888 1705 etsi
910 1663 1009 1704 torti
1037 1675 1116 1705 non
1137 1665 1246 1714 sunt⁷
1283 1663 1507 1704 incarcere
1537 1664 1677 1705 tamen

168 1733 345 1788 glorioso
376 1732 487 1774 exitu
519 1732 665 1774 mortis
697 1732 907 1783 excedunt,
939 1732 1185 1784 inpertiatur
1207 1734 1247 1774 et
1269 1732 1492 1787 uigilantia
1515 1733 1555 1774 et
1577 1745 1674 1774 cura

168 1801 417 1855 propensior.
456 1814 585 1855 neque
621 1802 730 1842 enim
766 1801 900 1842 uirtus
933 1813 1072 1842 eorum
1104 1802 1174 1843 aut
1203 1801 1330 1843 honor
1359 1802 1492 1843 minor
1513 1802 1575 1843 est
1596 1814 1674 1855 quo

167 1872 304 1912 minus
343 1871 422 1924 ipsi
455 1883 611 1924 quoque
641 1870 748 1912 inter
778 1870 917 1912 beatos
947 1871 1150 1924 martyras
1180 1871 1466 1925 adgregentur.
1503 1872 1609 1924 quod
1632 1871 1674 1912 in

236 2032 253 2063 1
273 2031 355 2074 opto
374 2051 416 2054 —
435 2031 456 2065 l.
476 2033 498 2064 3
516 2030 632 2065 ualete
651 2041 713 2065 om.
741 2030 840 2076 0ch
932 2031 953 2064 2
971 2031 1007 2064 ct
1024 2031 1137 2065 nostri
1158 2057 1165 2064 .
1181 2057 1187 2064 .
1205 2059 1210 2064 .
1232 2031 1348 2065 ualete
1367 2041 1431 2066 om.
1453 2031 1536 2066 LN.
1557 2051 1598 2056 -
1617 2032 1674 2065 Ad

166 2088 299 2121 clerum
326 2088 366 2122 de
391 2087 605 2132 deprecando
641 2088 704 2122 deo
741 2088 814 2132 (pro
843 2088 1005 2137 peccatis
1042 2088 1174 2122 nostris
1208 2088 1292 2122 aad.
1330 2088 1491 2133 LNPQ)
1529 2088 1675 2132 explicit

174 2145 393 2189 GLNPQR,
425 2146 496 2180 nisi
520 2146 615 2190 quod
641 2146 785 2190 explicit
811 2149 897 2180 (ente
923 2145 966 2179 ad
992 2145 1121 2180 clerum
1144 2146 1251 2190 ponit
1274 2146 1347 2181 GP.
1375 2166 1417 2170 —

234 2202 347 2246 Epist.
377 2203 461 2238 XII.
488 2224 530 2227 —
556 2203 689 2247 Incipit
727 2203 886 2237 eiusdem
926 2203 1074 2247 (Incipit
1111 2202 1154 2237 ad
1188 2203 1410 2248 presbyteros
1444 2204 1479 2236 et
1510 2202 1673 2237 diaconos

167 2259 386 2303 [diaconibus
409 2260 440 2294 T
443 2261 453 2304 j
481 2260 597 2301 LNT,
624 2260 756 2305 Incipit
774 2261 927 2295 eiusdem
945 2260 1054 2294 tertia
1070 2261 1121 2304 E)
1148 2262 1188 2295 ut
1204 2260 1261 2294 his
1279 2260 1539 2294 confessoribus
1558 2261 1617 2305 qui
1637 2262 1673 2294 in

165 2327 302 2351 carcere
317 2319 400 2351 sunt
413 2318 600 2352 constituti
615 2318 820 2352 humanitas
834 2320 947 2352 omnis
963 2318 1134 2363 (omnium
1151 2319 1195 2363 T)
1208 2318 1422 2363 praebeatur
1434 2317 1672 2363 ELMNQT,

164 2373 299 2419 Incipit
324 2375 368 2409 ad
394 2375 526 2409 clerum
552 2387 589 2409 eo
616 2376 707 2420 quod
740 2387 809 2410 non
842 2377 961 2420 posset
994 2377 1124 2410 temere
1158 2376 1368 2420 carthagine
1400 2367 1600 2420 (cartagine
1626 2376 1671 2415 εἳ,

165 2424 354 2477 carthagin
379 2434 427 2478 m)
452 2433 573 2467 uenire
598 2434 743 2477 propter
767 2433 1004 2467 confessorum
1030 2443 1174 2477 corpora
1199 2433 1260 2477 qui
1286 2433 1322 2466 in
1349 2444 1484 2467 carcere
1510 2432 1669 2467 reddide-

163 2491 248 2523 runt
274 2501 358 2534 emq.
379 2511 421 2515 -—
441 2491 461 2524 6
488 2491 596 2525 sciam
614 2491 687 2535 uos]
715 2490 867 2524 sciamus
890 2492 924 2525 T
983 2491 1001 2524 7
1028 2490 1226 2525 admonitos
1251 2501 1313 2524 uos
1336 2491 1369 2525 T
1389 2491 1451 2525 secl
1478 2501 1539 2524 uos
1556 2501 1582 2524 s.
1603 2491 1625 2524 l.

164 2537 358 2593 (hffiJETQ
451 2548 475 2584 8
502 2559 675 2583 carcerem
693 2547 859 2593 E¹LQT
948 2549 968 2582 9
994 2559 1036 2582 nc
1062 2549 1122 2593 qui
1140 2549 1189 2582 M
1209 2549 1266 2593 (ne
1293 2548 1379 2592 quid
1402 2549 1444 2594 Q)
1534 2548 1579 2582 iis
1604 2559 1625 2582 v

165 2608 209 2642 10
228 2611 312 2651 post
337 2607 406 2640 mci
434 2617 504 2641 νας.
530 2609 552 2642 6
577 2607 647 2641 litt.
674 2607 715 2641 in
737 2607 770 2640 T
881 2607 923 2640 11
949 2606 1081 2650 possim
1107 2618 1127 2651 q
1227 2607 1424 2651 promptus]
1455 2605 1569 2640 fateor
1593 2616 1619 2639 s.
1647 2605 1668 2639 l.

163 2665 248 2700 add.
273 2666 305 2698 T
395 2665 437 2699 12
463 2665 570 2698 cunta
588 2665 631 2699 N
719 2664 762 2698 13
789 2664 922 2708 uestra]
950 2674 1078 2708 quaeso
1105 2664 1190 2699 add.
1217 2676 1238 2699 υ
1263 2668 1293 2698 et
1318 2675 1344 2697 x.
1366 2664 1386 2698 l.
1411 2664 1444 2698 Τ
1533 2673 1671 2707 reprae-

162 2724 305 2756 sentent
323 2723 358 2756 L
467 2722 510 2756 14
536 2723 571 2755 et
596 2732 662 2756 om.
682 2722 777 2766 NTc]
885 2721 992 2755 faciet
1011 2722 1094 2763 E'e,
1119 2721 1296 2766 faciatque
1320 2722 1352 2756 T
1372 2720 1435 2755 secl
1461 2731 1527 2764 quc
1551 2731 1577 2755 3.
1598 2721 1622 2756 Ζ.

162 2780 199 2814 in
226 2791 317 2814 eras.
348 2780 387 2815 in
409 2779 442 2814 T
540 2780 583 2814 15
609 2779 771 2823 uirtutis]
799 2779 964 2813 ueritatis
987 2780 1020 2813 T
1110 2779 1152 2812 16
1178 2789 1247 2812 non
1273 2789 1338 2813 om.
1366 2789 1405 2822 eq
1500 2788 1669 2812 carcerem

162 2838 272 2882 LQT
340 2838 383 2870 18
408 2847 520 2881 neque
541 2864 546 2870 .
564 2864 592 2871 ..
615 2836 856 2881 adgregentur
874 2847 938 2871 om.
959 2846 998 2881 eq
1071 2837 1113 2870 19
1130 2836 1254 2871 beatas
1274 2836 1308 2870 L
1379 2836 1552 2880 martyres
1570 2845 1632 2879 equ·
