1838 3152
600 243 810 290 Epistula
842 242 1153 278 XIII—XIIII.
1540 245 1625 286 509

122 353 316 396 admirati
355 351 516 394 fuerant
553 350 666 404 prius
696 350 739 391 in
770 348 997 390 uirtutibus
1028 347 1204 402 gloriam
1234 360 1340 390 nunc
1371 348 1627 391 admirentur

122 422 164 464 in
184 421 368 463 moribus
397 419 672 473 disciplinam.
702 419 797 471 opto
827 419 885 468 te,
923 416 1050 458 frater
1079 416 1302 467 carissime,
1334 429 1493 471 semper
1524 416 1625 458 bene

122 489 272 533 ualere.

454 691 973 765 EPISTVLA
1020 690 1284 764 XIIII.

91 845 106 870 5
223 830 493 867 CYPRIANVS
518 829 838 864 PRESBYTERIS
861 829 920 863 ET
945 828 1170 865 DlACONIS
1196 828 1465 863 FRATRIBVS
1491 828 1524 863 S.

175 958 424 1012 Optaueram
460 958 638 1012 quidem,
676 957 823 1000 fratres
859 957 1075 1008 carissimi,
1112 958 1158 999 ut
1190 956 1431 999 uniuersum
1466 957 1622 999 clerum
1641 957 1657 997 l

117 1028 302 1070 nostrum
337 1027 549 1082 integrum
582 1028 622 1068 et
656 1027 906 1068 incolumem
941 1026 1044 1068 meis
1080 1025 1234 1068 litteris
1270 1026 1508 1067 salutarem.
1552 1024 1624 1067 sed

115 1097 308 1150 quoniam
329 1095 480 1138 infesta
500 1096 723 1149 tempestas
744 1108 847 1149 quae
866 1095 1030 1149 plebem
1046 1096 1229 1137 nostram
1246 1108 1293 1137 ex
1309 1096 1491 1137 maxima
1506 1095 1622 1148 parte

114 1165 339 1220 prostrauit
373 1164 467 1206 hinc
503 1176 660 1218 quoque
700 1164 861 1206 addidit
899 1164 1050 1206 nostris
1083 1163 1291 1205 doloribus
1327 1163 1542 1205 cumulum
1575 1163 1623 1205 ut

70 1251 102 1276 ιο
116 1233 242 1275 etiam
264 1234 360 1275 cleri
381 1234 611 1288 portionem
633 1246 706 1275 sua
727 1234 865 1288 strage
884 1233 1192 1287 perstringeret,
1215 1245 1378 1275 oramus
1397 1233 1622 1275 Dominum

115 1303 163 1344 ut
190 1314 263 1344 uos
284 1314 384 1356 quos
406 1302 447 1343 et
467 1302 511 1343 in
530 1302 610 1344 fide
632 1303 673 1344 et
694 1302 737 1344 in
758 1302 915 1344 uirtute
944 1302 1054 1343 stare
1082 1302 1348 1356 cognouimus
1377 1302 1490 1343 tutos
1519 1312 1621 1355 quo-

118 1384 195 1424 que
216 1371 259 1412 in
279 1372 490 1424 posterum
510 1384 582 1426 per
603 1371 788 1413 diuinam
809 1371 1134 1413 misericordiam
1154 1371 1393 1413 salutemus.
1418 1371 1459 1412 et
1475 1383 1621 1424 quam-

115 1453 238 1494 quam
275 1453 398 1483 causa
434 1440 679 1494 conpelleret
706 1442 754 1483 ut
781 1441 868 1494 ipse
900 1441 952 1483 ad
980 1453 1054 1483 uos
1090 1451 1304 1494 properare
1326 1440 1367 1481 et
1387 1439 1528 1482 uenire
1550 1439 1622 1482 de-

182 1599 201 1633 1
221 1600 383 1634 atmirati
403 1600 433 1635 S
506 1600 528 1634 2
545 1601 652 1635 moris
670 1600 700 1635 S
776 1600 1015 1646 disciplinam]
1033 1600 1146 1636 codex
1163 1601 1354 1636 Remensis
1371 1611 1391 1634 r
1406 1600 1494 1643 haec
1517 1600 1624 1636 addit

112 1668 205 1702 quae
231 1658 273 1692 in
298 1662 435 1693 textum
451 1669 475 1692 a
492 1658 651 1693 Baluzio
677 1662 766 1694 sunt
794 1663 958 1703 recepta:
992 1659 1040 1693 Et
1070 1669 1285 1703 quamquam
1315 1658 1407 1693 clero
1434 1660 1556 1693 nostro
1586 1660 1623 1693 et

113 1725 223 1758 nuper
240 1725 318 1749 cum
343 1714 458 1750 adhuc
484 1716 610 1750 essetis
627 1717 663 1750 in
682 1727 815 1750 carcere
840 1716 1039 1757 constituti,
1070 1716 1130 1751 sed
1154 1727 1246 1751 nunc
1263 1727 1399 1761 quoquc
1416 1716 1529 1751 denuo
1546 1716 1622 1761 ple-

113 1772 259 1806 nissime
276 1772 487 1817 scripserim,
506 1775 547 1807 ut
564 1773 594 1807 si
612 1773 698 1818 quid
715 1773 772 1807 uel
789 1773 834 1808 ad
851 1775 1022 1808 uestitum
1040 1776 1199 1809 uestrum
1217 1775 1273 1809 uel
1291 1775 1335 1809 ad
1352 1775 1488 1809 uictum
1504 1785 1622 1808 neces-

113 1829 244 1864 sarium
273 1830 392 1871 fuerit,
424 1833 653 1875 suggeratur:
684 1832 802 1865 tamen
827 1832 934 1866 etiam
960 1832 1035 1876 ipse
1052 1831 1094 1866 de
1112 1832 1338 1877 sumpticulis
1363 1831 1516 1876 propriis
1534 1842 1620 1875 quos

112 1898 247 1922 mecum
277 1887 432 1922 ferebam
449 1888 533 1922 misi
554 1890 654 1923 uobis
672 1888 767 1923 CCL.
786 1888 845 1923 sed
862 1891 898 1923 et
915 1889 989 1923 alia
1007 1889 1101 1925 CCL.
1121 1890 1276 1933 proxime
1294 1890 1469 1924 miseram.
1497 1888 1622 1923 Victor

113 1945 248 1990 quoque
262 1957 301 1980 ex
314 1946 444 1980 lectore
461 1956 609 1980 zaconus
626 1947 687 1991 qui
700 1957 837 1981 mecum
855 1949 909 1982 est
922 1947 1025 1981 misit
1042 1947 1143 1982 uobis
1159 1947 1324 1983 CLXXV.
1344 1947 1480 1992 gaudeo
1497 1948 1620 1981 autem

112 2003 250 2047 quando
279 2014 448 2047 cognosco
478 2003 647 2047 plurimos
676 2004 805 2039 fratres
834 2006 972 2039 nostros
990 2016 1050 2049 pro
1068 2016 1130 2039 sua
1147 2004 1336 2039 dilectione
1353 2004 1519 2039 certatim
1536 2014 1620 2038 con-

111 2070 249 2094 currere
273 2061 309 2094 et
333 2060 561 2095 necessitates
587 2063 725 2096 uestras
750 2062 825 2096 suis
849 2062 1110 2096 conlationibus
1136 2062 1315 2096 adiuuare.
1425 2062 1448 2096 2
1463 2063 1563 2106 opto.
1579 2089 1609 2095 ..

111 2117 313 2151 meminisse
329 2127 395 2151 om.
414 2117 450 2153 R
555 2121 718 2163 optamus
736 2130 799 2153 uos
816 2119 944 2154 fratres
974 2119 1152 2154 carissimi
1170 2120 1282 2154 LNP
1374 2130 1511 2164 semper
1528 2119 1617 2153 bene

111 2175 231 2209 ualere
260 2175 406 2219 explicit
432 2176 518 2211 add.
536 2187 580 2211 m.
599 2187 668 2212 rec.
690 2176 720 2211 S
810 2177 832 2211 3
851 2177 980 2222 ualere]
1000 2179 1036 2211 et
1052 2177 1166 2212 nostri
1194 2177 1397 2212 meminisse
1420 2176 1505 2211 add.
1525 2188 1556 2212 v.
1575 2196 1618 2202 —

112 2232 168 2266 Ad
196 2232 435 2277 Rogatianum
452 2236 489 2268 et
506 2235 637 2268 ceteros
665 2234 895 2278 (confessores
925 2234 1010 2269 add.
1030 2235 1078 2276 R,
1108 2234 1151 2269 de
1174 2234 1397 2269 obseruanda
1425 2233 1620 2278 disciplina

111 2289 194 2324 add.
214 2290 338 2333 NLP)
356 2291 503 2335 explicit
520 2291 703 2337 LNPQR
720 2293 794 2327 nisi
810 2292 907 2337 quod
926 2293 979 2327 P:
999 2292 1154 2337 Explicit
1172 2292 1216 2327 ad
1233 2292 1474 2337 Rogatianum
1492 2295 1555 2327 etc.
1574 2311 1618 2317 —

179 2347 295 2392 Epist.
312 2348 436 2383 XIIII.
457 2368 501 2373 —
516 2349 651 2394 Incipit
680 2349 725 2384 ad
747 2350 968 2394 presbyteros
986 2352 1023 2384 et
1039 2350 1202 2385 diacones
1232 2350 1412 2394 (diaconos
1429 2349 1478 2393 R)
1503 2349 1616 2390 CRio,

110 2403 242 2462 Incipit
273 2405 317 2439 ad
349 2405 589 2450 Rogatianum
621 2408 658 2441 et
689 2408 821 2441 ceteros
854 2407 1070 2464 confessores
1104 2407 1144 2449 T,
1179 2407 1313 2452 Incipit
1342 2406 1386 2441 ad
1418 2406 1481 2451 ΙΙΗξίξΙ
1511 2408 1548 2441 et
1580 2397 1618 2441 cc

109 2473 171 2498 con
190 2464 238 2498 N.
264 2484 307 2488 —
332 2464 355 2498 5
378 2463 592 2508 presbiteros
623 2464 653 2500 C
662 2465 680 2505 ¹,
703 2464 921 2509 presbyteris
946 2458 997 2499 'bb
1022 2466 1063 2499 N
1150 2464 1356 2499 diaconibus
1387 2464 1515 2505 0²Ti0,
1541 2463 1618 2498 dia-

110 2531 210 2555 cones
232 2521 277 2556 0¹
393 2522 414 2555 6
439 2521 492 2566 ut]
519 2522 555 2555 et
577 2522 610 2556 T
723 2522 742 2556 7
767 2522 965 2557 incolumen
987 2523 1021 2557 T
1134 2523 1294 2557 salutare
1311 2522 1401 2557 RT²
1516 2523 1538 2556 8
1563 2521 1617 2555 in-

109 2578 219 2612 festat
242 2579 319 2614 NT
422 2580 600 2623 tempesta.
616 2579 653 2614 R
760 2580 812 2624 ex]
839 2581 875 2614 ct
898 2580 979 2615 C'T
1082 2580 1273 2615 maximam
1297 2581 1435 2624 partem
1454 2579 1529 2613 NT

108 2636 130 2670 9
146 2636 242 2680 hinc]
262 2636 353 2671 hunc
372 2637 429 2671 No
445 2636 508 2671 sed
523 2637 564 2671 in
581 2647 600 2671 ο
618 2647 639 2671 u
657 2647 749 2672 corr.
822 2637 866 2672 10
881 2638 1123 2682 perstringere
1140 2655 1157 2670 as
1180 2639 1211 2672 T
1223 2639 1240 2671 t
1258 2648 1348 2672 eras.
1414 2637 1516 2671 deum
1535 2635 1571 2671 R

111 2693 151 2727 11
170 2694 244 2737 uos]
262 2704 323 2728 uos
341 2693 468 2728 saltem
488 2693 533 2734 R,
559 2704 622 2728 uos
640 2694 794 2729 salutem
811 2696 853 2729 N
933 2696 1032 2740 quos]
1052 2706 1208 2740 quosque
1225 2694 1269 2728 N
1357 2695 1394 2728 et
1411 2694 1461 2738 in]
1481 2693 1518 2727 in
1535 2703 1616 2727 con·

110 2751 246 2785 stantia
263 2751 329 2785 eti
420 2750 488 2785 fide
506 2751 554 2796 et]
585 2750 667 2786 fidei
690 2752 754 2787 Cio
847 2752 885 2787 in
901 2752 1051 2797 uirtute]
1081 2753 1216 2786 uirtute
1241 2751 1343 2786 CRio
1437 2750 1549 2794 tutos]
1575 2750 1618 2784 ut

109 2806 173 2842 hos
190 2808 273 2848 NT,
299 2809 419 2842 tantos
444 2808 491 2852 C;
515 2809 601 2851 fort.
619 2810 757 2843 tutatos
830 2810 873 2844 12
889 2809 1013 2844 diuina
1030 2808 1271 2844 misericordia
1293 2808 1338 2843 T²
1409 2808 1457 2852 et]
1478 2809 1519 2841 ut
1535 2807 1571 2842 R

110 2864 153 2898 13
168 2865 389 2910 compellerit
405 2868 452 2906 0¹,
480 2866 654 2910 conpelltt
676 2867 708 2901 T
721 2877 739 2900 e
758 2877 849 2902 eras.
923 2878 1127 2911 prosperare
1150 2868 1181 2901 T
