1838 3152
10 1878 17 1936 1

0 2007 1 2061 l

10 2721 14 2852 ἓ

530 274 534 277 ,
577 233 790 279 Epistula
821 232 1166 268 XVII.-XVIII.
1535 236 1621 278 523

120 339 251 394 perito
292 337 447 380 sartam
486 336 640 379 uiderit
671 338 711 379 et
741 349 765 378 a
795 336 948 378 fullone
980 337 1166 378 curatam
1196 337 1405 390 receperit.
1450 337 1623 380 audiant

120 418 267 461 quaeso
314 405 518 459 patienter
564 405 782 447 consilium
821 406 1022 456 nostrum,
1073 406 1284 458 expectent
1324 405 1620 460 regressionem

118 476 316 524 nostram,
350 475 398 515 ut
419 486 513 515 cum
535 474 587 515 ad
608 485 680 515 uos
702 486 774 527 per
793 472 871 515 Dei
893 472 1219 515 misericordiam
1248 473 1495 524 uenerimus,
1527 486 1621 516 con-

118 543 276 585 uocatis
307 542 554 596 coepiscopis
584 541 722 595 plures
750 542 970 583 secundum
995 540 1162 582 Domini
1185 540 1443 595 disciplinam
1466 543 1508 584 et
1528 554 1623 585 con-

90 610 319 653 sfessorum
350 610 623 664 praesentiam
653 611 694 651 et
724 611 906 652 uestram
937 621 1096 663 quoque
1128 609 1376 651 sententiam
1407 611 1621 652 beatorum

119 682 351 734 martyrum
380 680 544 722 litteras
574 681 616 721 et
646 679 849 721 desideria
879 679 1113 721 examinare
1144 679 1361 733 possimus.
1396 679 1444 721 de
1475 680 1549 722 hoc
1580 681 1622 721 et

118 747 170 790 ad
191 748 347 790 clerum
368 749 409 790 et
429 747 480 789 ad
510 748 714 802 martyras
736 748 777 789 et
797 747 1044 790 confessores
1074 747 1238 789 litteras
1267 746 1344 789 feci
1366 760 1467 800 quas
1488 749 1621 790 utras-

118 828 195 870 que
232 816 315 872 legi
354 816 472 858 uobis
510 816 714 858 mandaui.
760 817 855 869 opto
896 828 981 867 uos,
1024 815 1170 858 fratres
1202 815 1405 857 carissimi
1436 828 1483 858 ac
1513 815 1622 857 desi-

121 885 415 936 derantissimi,
454 885 496 927 111
527 884 704 926 Domino
742 896 901 938 semper
935 884 1038 927 bene
1069 884 1209 927 ualere
1241 885 1282 926 et
1310 884 1442 927 nostri
1473 884 1623 926 memi-

72 971 106 997 10
124 953 245 996 nisse.
280 954 426 996 ualete.

455 1146 940 1220 EPISTVLA
1004 1145 1295 1219 XVIII.

173 1283 442 1320 CYPRIANVS
478 1284 798 1319 PRESBYTERIS
834 1284 893 1319 ET
925 1283 1212 1321 DIACONIBVS
1247 1283 1509 1319 FRATRIBVS
1545 1285 1579 1319 S.

176 1411 305 1453 Miror
335 1423 419 1462 uOS,
451 1410 597 1453 fratres
628 1411 844 1463 carissimi,
883 1412 934 1453 ad
965 1411 1120 1453 multas
1152 1410 1351 1464 epistulas
1381 1423 1493 1453 meas
1524 1415 1660 1464 quasi

120 1480 171 1522 ad
187 1491 259 1521 uos
277 1480 510 1533 frequenter
526 1479 622 1522 misi
638 1479 744 1521 nihil
761 1479 1029 1533 rescripsisse,
1052 1492 1146 1521 cum
1166 1479 1441 1522 fraternitatis
1462 1480 1623 1521 nostrae

73 1548 186 1592 151161
218 1548 379 1590 utilitas
410 1548 478 1590 uel
507 1548 728 1590 necessitas
760 1548 819 1590 sic
850 1549 992 1602 utique
1023 1548 1284 1603 gubernetur,
1318 1548 1353 1589 si
1374 1560 1398 1589 a
1418 1547 1535 1589 uobis
1556 1547 1626 1589 in-

116 1617 266 1659 structi
287 1629 425 1659 rerum
452 1617 723 1671 gerendarum
755 1616 974 1659 consilium
1003 1617 1150 1659 limare
1181 1616 1398 1670 possimus.
1432 1616 1627 1669 quoniam

115 1686 253 1727 tamen
292 1685 411 1727 uideo
450 1684 695 1727 facultatem
728 1685 920 1727 ueniendi
951 1686 1003 1727 ad
1034 1697 1106 1727 uos
1135 1685 1316 1727 nondum
1348 1697 1434 1727 esse
1465 1685 1506 1726 et
1535 1685 1622 1726 iam

114 1754 312 1796 aestatem
340 1753 531 1807 coepisse,
562 1753 671 1807 quod
691 1754 856 1807 tempus
876 1753 1190 1795 infirmitatibus
1212 1753 1397 1795 adsiduis
1419 1753 1460 1795 et
1480 1752 1621 1808 graui-

117 1821 193 1863 bus
214 1821 398 1873 infestat,
429 1822 723 1865 occurrendum
752 1823 850 1876 puto
882 1821 1080 1865 fratribus
1102 1822 1265 1873 nostris,
1298 1822 1345 1863 ut
1366 1821 1437 1875 qui
1458 1821 1625 1864 libellos

186 1980 205 2013 1
225 1979 373 2024 petitori
395 1980 435 2021 T,
454 1990 519 2015 om.
535 1994 564 2026 μ
637 1982 833 2025 persartam
850 1994 879 2026 μ
951 1991 971 2015 a
988 1991 1053 2015 om.
1075 1982 1108 2016 T
1177 1981 1199 2015 2
1216 1980 1388 2024 nostrum]
1409 1991 1523 2016 meum
1541 1995 1569 2016 ω

114 2035 136 2070 3
153 2046 357 2071 ucneremus
379 2036 452 2082 TQ,
470 2037 669 2071 ueniremus
687 2037 736 2072 M
840 2038 1023 2072 conuocati
1041 2038 1150 2073 Eowv
1256 2038 1279 2072 4
1296 2027 1618 2085 coeffEMQ’owv

117 2082 252 2137 (00οΡῨέ
265 2093 344 2139 ρ’),
373 2085 448 2138 epis
471 2108 501 2140 μ
618 2095 781 2140 pluribus
797 2109 826 2141 μ
945 2096 967 2130 5
995 2097 1032 2130 et
1060 2097 1218 2130 uestram
1248 2107 1280 2141 q.
1314 2097 1527 2131 sententiam
1559 2106 1620 2131 om

114 2150 234 2196 EQow
365 2152 386 2186 6
403 2153 440 2186 et
455 2151 628 2186 desideria
647 2179 653 2185 .
671 2180 677 2186 .
694 2179 700 2186 .
720 2152 862 2187 litteras
878 2163 947 2189 om.
965 2166 1013 2197 ω,·
1043 2152 1260 2188 desidoraria
1280 2155 1313 2189 Τ
1432 2164 1618 2199 possumus

114 2207 166 2241 Ει
180 2208 243 2253 TQ
328 2208 393 2243 hoc
410 2209 458 2254 et]
477 2209 542 2244 hoc
560 2210 704 2255 EQowv
797 2211 815 2245 7
834 2212 1007 2255 martyres
1024 2211 1133 2246 Εοωυ
1219 2212 1241 2246 8
1258 2222 1320 2246 uos
1334 2211 1382 2246 M
1398 2211 1513 2255 (uobis
1531 2211 1574 2256 Q)

115 2274 154 2299 ac
171 2264 202 2299 d.
222 2265 244 2299 i.
264 2264 404 2300 domino
422 2277 487 2301 om.
505 2281 534 2312 μ
645 2267 666 2302 9
684 2269 720 2302 et
736 2278 769 2302 n.
788 2278 834 2302 m.
852 2267 970 2303 ualete
987 2278 1051 2303 om.
1072 2283 1101 2314 μ
1211 2268 1429 2314 meminisse]
1449 2279 1624 2303 memores

115 2332 189 2356 esse
212 2322 247 2357 V
359 2323 403 2357 10
430 2324 547 2358 ualete
575 2335 639 2359 om.
668 2338 705 2359 ω.
725 2345 768 2349 -
785 2325 950 2369 Epistula
980 2325 1152 2370 (Explicit
1181 2325 1334 2371 epistola
1363 2336 1394 2369 o,
1427 2336 1491 2360 om.
1519 2325 1571 2360 E·
1584 2326 1623 2371 Q,

116 2379 272 2423 epistula
295 2379 338 2414 ad
355 2379 494 2425 plebem
512 2381 606 2415 facta
627 2382 676 2425 Τ)
695 2381 899 2427 significans
917 2382 1003 2427 quid
1020 2382 1065 2417 ad
1082 2394 1161 2418 eum
1180 2385 1350 2427 martyres
1369 2384 1559 2427 (martyras
1580 2383 1624 2428 Q)

117 2436 160 2472 de
183 2437 295 2481 lapsis
312 2438 492 2482 petierunt
509 2439 653 2483 explicit
672 2441 755 2483 (om.
774 2441 811 2484 o)
829 2440 965 2485 ETQO,
985 2451 1049 2475 om.
1067 2454 1138 2486 μω.
1161 2461 1198 2465 -

185 2494 298 2539 Epist.
318 2494 451 2530 XVIII.
471 2515 512 2521 —
531 2495 666 2541 Incipit
682 2496 727 2531 ad
744 2496 874 2531 clerum
892 2495 1037 2542 (aephae
1055 2497 1140 2532 add,
1162 2498 1208 2542 T)
1231 2498 1375 2542 propter
1398 2497 1516 2541 lapsos
1534 2496 1623 2541 (lap-

118 2551 167 2585 sis
187 2550 267 2596 QT)
285 2553 322 2586 et
339 2551 602 2587 cathecuminos
627 2553 867 2597 (caticuminis
889 2555 928 2596 T,
960 2554 1218 2590 cathecuminis
1239 2554 1282 2599 Q)
1307 2565 1350 2589 no
1369 2553 1470 2588 uacui
1488 2553 1625 2587 exirent

118 2607 255 2653 EQTo,
280 2608 335 2643 Ad
353 2608 491 2653 plebem
509 2609 604 2645 facta
621 2610 828 2655 significans
844 2625 887 2656 μ,
913 2622 979 2646 om.
998 2625 1035 2646 ω.
1054 2632 1098 2637 -
1116 2612 1159 2646 14
1176 2611 1220 2646 ad
1237 2611 1311 2656 uos]
1338 2610 1440 2645 uobis
1458 2609 1579 2655 EQow

119 2664 232 2700 nichil
251 2665 347 2707 Εοω,
366 2666 461 2701 nihil
477 2666 568 2701 mihi
584 2679 617 2709 v,
634 2678 828 2712 numquam
846 2668 936 2703 mihi
960 2669 994 2703 V
1105 2671 1227 2703 nostra
1247 2682 1274 2702 ω
1404 2668 1447 2702 15
1463 2666 1513 2701 sic
1532 2666 1622 2711 utiq.

123 2732 211 2766 quae
231 2723 261 2768 Q
276 2722 340 2758 secl
358 2733 447 2768 quae
465 2734 556 2768 exp„
575 2724 759 2769 sicutquae
776 2725 826 2760 M
928 2726 971 2760 16
989 2736 1102 2760 ,erum
1124 2726 1156 2760 T
1255 2724 1393 2769 limare]
1411 2724 1532 2757 iuuare
1551 2736 1578 2756 ω

120 2779 162 2813 17
189 2779 298 2814 etiam
325 2790 369 2815 ex
393 2780 447 2814 ita
463 2794 490 2826 μ
511 2791 553 2815 m.
571 2783 595 2816 2
712 2782 755 2816 18
784 2782 821 2816 in
846 2782 1120 2817 infirmitatibus
1138 2783 1177 2817 E
1183 2787 1226 2816 'w
1343 2781 1490 2826 grauius
1512 2781 1544 2815 T

118 2835 162 2870 19
179 2835 372 2871 infestatur
396 2837 457 2879 Vv,
477 2837 769 2873 infestationibus
785 2843 832 2884 μ·
