<?xml version="1.0" encoding="UTF-8"?>
<!DOCTYPE html PUBLIC "-//W3C//DTD XHTML 1.0 Transitional//EN"
    "http://www.w3.org/TR/xhtml1/DTD/xhtml1-transitional.dtd">
<html xmlns="http://www.w3.org/1999/xhtml" xml:lang="en" lang="en">
 <head>
  <title>
</title>
<meta http-equiv="Content-Type" content="text/html;charset=utf-8" />
  <meta name='ocr-system' content='tesseract 3.04.00' />
  <meta name='ocr-capabilities' content='ocr_page ocr_carea ocr_par ocr_line ocrx_word'/>
</head>
<body>
  <div class='ocr_page' id='page_1' title='image "./corpusscriptor203cypruoft/corpusscriptor203cypruoft_0211.png"; bbox 0 0 1912 3152; ppageno 0'>
   <div class='ocr_carea' id='block_1_1' title="bbox 506 224 1625 270">
    <p class='ocr_par' dir='ltr' id='par_1_1' title="bbox 506 224 1625 270">
     <span class='ocr_line' id='line_1_1' title="bbox 506 224 1625 270; baseline 0.004 -9"><span class='ocrx_word' id='word_1_1' title='bbox 506 226 563 261; x_wconf 88' lang='lat' dir='ltr'>Dc</span> <span class='ocrx_word' id='word_1_2' title='bbox 588 225 749 260; x_wconf 86' lang='lat' dir='ltr'>habitu</span> <span class='ocrx_word' id='word_1_3' title='bbox 774 225 1003 270; x_wconf 87' lang='lat' dir='ltr'>uirginum</span> <span class='ocrx_word' id='word_1_4' title='bbox 1027 234 1054 259; x_wconf 90' lang='lat' dir='ltr'>c.</span> <span class='ocrx_word' id='word_1_5' title='bbox 1085 224 1243 261; x_wconf 82' lang='lat'>17—21.</span> <span class='ocrx_word' id='word_1_6' title='bbox 1544 225 1625 266; x_wconf 78' lang='grc'>201</span> 
     </span>
    </p>
   </div>
   <div class='ocr_carea' id='block_1_2' title="bbox 9 327 1629 1525">
    <p class='ocr_par' dir='ltr' id='par_1_2' title="bbox 8 327 1629 1525">
     <span class='ocr_line' id='line_1_2' title="bbox 129 327 1626 383; baseline -0.005 -7"><span class='ocrx_word' id='word_1_7' title='bbox 129 334 295 382; x_wconf 92' lang='lat' dir='ltr'>dentur,</span> <span class='ocrx_word' id='word_1_8' title='bbox 327 343 457 373; x_wconf 92' lang='grc'>11011110</span> <span class='ocrx_word' id='word_1_9' title='bbox 478 330 589 383; x_wconf 81' lang='lat' dir='ltr'>ipsae</span> <span class='ocrx_word' id='word_1_10' title='bbox 610 329 857 372; x_wconf 81' lang='lat' dir='ltr'>inlecebram</span> <span class='ocrx_word' id='word_1_11' title='bbox 879 328 995 370; x_wconf 91' lang='lat' dir='ltr'>uitiis</span> <span class='ocrx_word' id='word_1_12' title='bbox 1017 328 1254 381; x_wconf 78' lang='lat' dir='ltr'>praestant?</span> <span class='ocrx_word' id='word_1_13' title='bbox 1284 339 1364 370; x_wconf 92' lang='lat' dir='ltr'>non</span> <span class='ocrx_word' id='word_1_14' title='bbox 1384 327 1435 369; x_wconf 89' lang='lat' dir='ltr'>ad</span> <span class='ocrx_word' id='word_1_15' title='bbox 1457 338 1626 381; x_wconf 88' lang='lat' dir='ltr'>corrup-</span> 
     </span>
     <span class='ocr_line' id='line_1_3' title="bbox 126 397 1626 451; baseline -0.003 -7"><span class='ocrx_word' id='word_1_16' title='bbox 126 403 254 445; x_wconf 81' lang='lat' dir='ltr'>telam</span> <span class='ocrx_word' id='word_1_17' title='bbox 275 401 316 443; x_wconf 91' lang='lat' dir='ltr'>et</span> <span class='ocrx_word' id='word_1_18' title='bbox 336 399 530 442; x_wconf 88' lang='lat' dir='ltr'>iniuriam</span> <span class='ocrx_word' id='word_1_19' title='bbox 550 411 668 440; x_wconf 91' lang='lat' dir='ltr'>suam</span> <span class='ocrx_word' id='word_1_20' title='bbox 689 398 890 441; x_wconf 88' lang='lat' dir='ltr'>desideria</span> <span class='ocrx_word' id='word_1_21' title='bbox 912 398 1191 451; x_wconf 87' lang='lat' dir='ltr'>praesentium</span> <span class='ocrx_word' id='word_1_22' title='bbox 1213 397 1439 440; x_wconf 83' lang='lat' dir='ltr'>sollicitant</span> <span class='ocrx_word' id='word_1_23' title='bbox 1459 399 1501 440; x_wconf 90' lang='lat' dir='ltr'>et</span> <span class='ocrx_word' id='word_1_24' title='bbox 1521 397 1626 440; x_wconf 90' lang='lat' dir='ltr'>inui-</span> 
     </span>
     <span class='ocr_line' id='line_1_4' title="bbox 129 466 1627 521; baseline -0.005 -7"><span class='ocrx_word' id='word_1_25' title='bbox 129 470 249 514; x_wconf 83' lang='lat' dir='ltr'>tant?</span> <span class='ocrx_word' id='word_1_26' title='bbox 281 469 452 518; x_wconf 87' lang='lat' dir='ltr'>uiderit,</span> <span class='ocrx_word' id='word_1_27' title='bbox 474 467 631 521; x_wconf 83' lang='lat' dir='ltr'>inquis,</span> <span class='ocrx_word' id='word_1_28' title='bbox 664 480 743 521; x_wconf 90' lang='lat' dir='ltr'>qua</span> <span class='ocrx_word' id='word_1_29' title='bbox 764 467 864 509; x_wconf 90' lang='lat' dir='ltr'>illuc</span> <span class='ocrx_word' id='word_1_30' title='bbox 884 467 1021 509; x_wconf 89' lang='lat' dir='ltr'>mente</span> <span class='ocrx_word' id='word_1_31' title='bbox 1042 466 1134 520; x_wconf 89' lang='lat' dir='ltr'>quis</span> <span class='ocrx_word' id='word_1_32' title='bbox 1155 467 1315 518; x_wconf 87' lang='lat' dir='ltr'>ueniat,</span> <span class='ocrx_word' id='word_1_33' title='bbox 1337 466 1441 508; x_wconf 90' lang='lat' dir='ltr'>mihi</span> <span class='ocrx_word' id='word_1_34' title='bbox 1462 467 1627 508; x_wconf 89' lang='lat' dir='ltr'>tantum</span> 
     </span>
     <span class='ocr_line' id='line_1_5' title="bbox 130 535 1627 590; baseline -0.003 -9"><span class='ocrx_word' id='word_1_35' title='bbox 130 538 337 582; x_wconf 90' lang='lat' dir='ltr'>reficiendi</span> <span class='ocrx_word' id='word_1_36' title='bbox 359 536 588 590; x_wconf 82' lang='lat' dir='ltr'>corpusculi</span> <span class='ocrx_word' id='word_1_37' title='bbox 609 548 705 577; x_wconf 90' lang='lat' dir='ltr'>cura</span> <span class='ocrx_word' id='word_1_38' title='bbox 725 537 788 578; x_wconf 90' lang='lat' dir='ltr'>est</span> <span class='ocrx_word' id='word_1_39' title='bbox 808 537 850 577; x_wconf 91' lang='lat' dir='ltr'>et</span> <span class='ocrx_word' id='word_1_40' title='bbox 870 535 1048 577; x_wconf 91' lang='lat' dir='ltr'>lauandi.</span> <span class='ocrx_word' id='word_1_41' title='bbox 1082 547 1161 576; x_wconf 89' lang='lat' dir='ltr'>non</span> <span class='ocrx_word' id='word_1_42' title='bbox 1193 537 1234 576; x_wconf 89' lang='lat' dir='ltr'>te</span> <span class='ocrx_word' id='word_1_43' title='bbox 1264 536 1415 590; x_wconf 90' lang='lat' dir='ltr'>purgat</span> <span class='ocrx_word' id='word_1_44' title='bbox 1446 535 1526 577; x_wconf 92' lang='lat' dir='ltr'>ista</span> <span class='ocrx_word' id='word_1_45' title='bbox 1556 535 1627 577; x_wconf 89' lang='lat' dir='ltr'>de·</span> 
     </span>
     <span class='ocr_line' id='line_1_6' title="bbox 75 604 1628 659; baseline -0.004 -8.223"><span class='ocrx_word' id='word_1_46' title='bbox 75 619 91 644; x_wconf 75' lang='lat'>⁵</span> <span class='ocrx_word' id='word_1_47' title='bbox 126 608 252 650; x_wconf 87' lang='lat' dir='ltr'>fensio</span> <span class='ocrx_word' id='word_1_48' title='bbox 287 618 360 649; x_wconf 91' lang='lat' dir='ltr'>nec</span> <span class='ocrx_word' id='word_1_49' title='bbox 394 605 587 648; x_wconf 88' lang='lat' dir='ltr'>lasciuiae</span> <span class='ocrx_word' id='word_1_50' title='bbox 616 606 656 647; x_wconf 89' lang='lat' dir='ltr'>et</span> <span class='ocrx_word' id='word_1_51' title='bbox 684 604 939 659; x_wconf 86' lang='lat' dir='ltr'>petulantiae</span> <span class='ocrx_word' id='word_1_52' title='bbox 967 604 1122 646; x_wconf 84' lang='lat' dir='ltr'>crimen</span> <span class='ocrx_word' id='word_1_53' title='bbox 1151 604 1328 645; x_wconf 83' lang='lat' dir='ltr'>excusat.</span> <span class='ocrx_word' id='word_1_54' title='bbox 1361 604 1544 646; x_wconf 89' lang='lat' dir='ltr'>sordidat</span> <span class='ocrx_word' id='word_1_55' title='bbox 1565 604 1628 645; x_wconf 90' lang='lat' dir='ltr'>la-</span> 
     </span>
     <span class='ocr_line' id='line_1_7' title="bbox 123 672 1628 726; baseline -0.003 -8"><span class='ocrx_word' id='word_1_56' title='bbox 123 677 234 719; x_wconf 84' lang='lat' dir='ltr'>uatio</span> <span class='ocrx_word' id='word_1_57' title='bbox 261 676 361 726; x_wconf 89' lang='lat' dir='ltr'>ista,</span> <span class='ocrx_word' id='word_1_58' title='bbox 393 687 471 717; x_wconf 91' lang='grc'>11011</span> <span class='ocrx_word' id='word_1_59' title='bbox 493 673 647 724; x_wconf 86' lang='lat' dir='ltr'>abluit,</span> <span class='ocrx_word' id='word_1_60' title='bbox 669 686 742 716; x_wconf 92' lang='lat' dir='ltr'>nec</span> <span class='ocrx_word' id='word_1_61' title='bbox 763 672 959 715; x_wconf 88' lang='lat' dir='ltr'>emundat</span> <span class='ocrx_word' id='word_1_62' title='bbox 979 672 1166 714; x_wconf 89' lang='lat' dir='ltr'>membra</span> <span class='ocrx_word' id='word_1_63' title='bbox 1186 673 1257 714; x_wconf 92' lang='lat' dir='ltr'>sed</span> <span class='ocrx_word' id='word_1_64' title='bbox 1279 672 1474 715; x_wconf 89' lang='lat' dir='ltr'>maculat.</span> <span class='ocrx_word' id='word_1_65' title='bbox 1506 673 1628 726; x_wconf 89' lang='lat' dir='ltr'>inpu-</span> 
     </span>
     <span class='ocr_line' id='line_1_8' title="bbox 130 742 1628 797; baseline -0.003 -10"><span class='ocrx_word' id='word_1_66' title='bbox 130 745 219 787; x_wconf 88' lang='lat' dir='ltr'>dice</span> <span class='ocrx_word' id='word_1_67' title='bbox 249 746 296 786; x_wconf 90' lang='lat' dir='ltr'>tu</span> <span class='ocrx_word' id='word_1_68' title='bbox 316 744 521 786; x_wconf 88' lang='lat' dir='ltr'>neminem</span> <span class='ocrx_word' id='word_1_69' title='bbox 543 742 754 797; x_wconf 83' lang='lat' dir='ltr'>conspiciS,</span> <span class='ocrx_word' id='word_1_70' title='bbox 784 742 853 783; x_wconf 85' lang='lat' dir='ltr'>sed</span> <span class='ocrx_word' id='word_1_71' title='bbox 874 742 963 795; x_wconf 90' lang='lat' dir='ltr'>ipsa</span> <span class='ocrx_word' id='word_1_72' title='bbox 984 742 1228 795; x_wconf 89' lang='lat' dir='ltr'>conspiceris</span> <span class='ocrx_word' id='word_1_73' title='bbox 1249 742 1459 795; x_wconf 91' lang='lat' dir='ltr'>inpudice:</span> <span class='ocrx_word' id='word_1_74' title='bbox 1491 742 1628 783; x_wconf 90' lang='lat' dir='ltr'>oculos</span> 
     </span>
     <span class='ocr_line' id='line_1_9' title="bbox 128 810 1629 866; baseline -0.002 -11"><span class='ocrx_word' id='word_1_75' title='bbox 128 814 220 856; x_wconf 88' lang='lat' dir='ltr'>tuos</span> <span class='ocrx_word' id='word_1_76' title='bbox 241 813 353 866; x_wconf 90' lang='lat' dir='ltr'>turpi</span> <span class='ocrx_word' id='word_1_77' title='bbox 374 812 647 854; x_wconf 89' lang='lat' dir='ltr'>oblectatione</span> <span class='ocrx_word' id='word_1_78' title='bbox 668 824 747 853; x_wconf 90' lang='lat' dir='ltr'>non</span> <span class='ocrx_word' id='word_1_79' title='bbox 766 811 937 866; x_wconf 85' lang='lat' dir='ltr'>polluis,</span> <span class='ocrx_word' id='word_1_80' title='bbox 969 811 1039 853; x_wconf 88' lang='lat' dir='ltr'>sed</span> <span class='ocrx_word' id='word_1_81' title='bbox 1060 811 1160 852; x_wconf 89' lang='lat' dir='ltr'>dum</span> <span class='ocrx_word' id='word_1_82' title='bbox 1182 811 1364 853; x_wconf 91' lang='lat' dir='ltr'>oblectas</span> <span class='ocrx_word' id='word_1_83' title='bbox 1385 810 1507 861; x_wconf 89' lang='lat' dir='ltr'>alios,</span> <span class='ocrx_word' id='word_1_84' title='bbox 1541 811 1629 864; x_wconf 86' lang='lat' dir='ltr'>ipsa</span> 
     </span>
     <span class='ocr_line' id='line_1_10' title="bbox 124 879 1628 936; baseline -0.002 -11.286"><span class='ocrx_word' id='word_1_85' title='bbox 124 882 331 936; x_wconf 83' lang='lat' dir='ltr'>pollueris.</span> <span class='ocrx_word' id='word_1_86' title='bbox 365 881 645 935; x_wconf 86' lang='lat' dir='ltr'>spectaculum</span> <span class='ocrx_word' id='word_1_87' title='bbox 682 880 731 923; x_wconf 89' lang='lat' dir='ltr'>de</span> <span class='ocrx_word' id='word_1_88' title='bbox 767 881 931 922; x_wconf 89' lang='lat' dir='ltr'>lauacro</span> <span class='ocrx_word' id='word_1_89' title='bbox 967 880 1089 931; x_wconf 90' lang='lat' dir='ltr'>facis,</span> <span class='ocrx_word' id='word_1_90' title='bbox 1122 880 1283 922; x_wconf 90' lang='lat' dir='ltr'>theatro</span> <span class='ocrx_word' id='word_1_91' title='bbox 1318 881 1415 921; x_wconf 89' lang='lat' dir='ltr'>sunt</span> <span class='ocrx_word' id='word_1_92' title='bbox 1450 879 1628 922; x_wconf 88' lang='lat' dir='ltr'>foediora</span> 
     </span>
     <span class='ocr_line' id='line_1_11' title="bbox 9 1345 12 1370; baseline 0 0"><span class='ocrx_word' id='word_1_93' title='bbox 9 1345 12 1370; x_wconf 83' lang='grc' dir='ltr'>Ι</span> 
     </span>
     <span class='ocr_line' id='line_1_12' title="bbox 9 1378 12 1419; baseline 0 0"><span class='ocrx_word' id='word_1_94' title='bbox 9 1378 12 1419; x_wconf 92' lang='grc' dir='ltr'>Ι</span> 
     </span>
     <span class='ocr_line' id='line_1_13' title="bbox 9 1427 13 1506; baseline 0 0"><span class='ocrx_word' id='word_1_95' title='bbox 9 1427 13 1506; x_wconf 83' lang='lat' dir='ltr'>i</span> 
     </span>
     <span class='ocr_line' id='line_1_14' title="bbox 10 1508 13 1525; baseline 0 0"><span class='ocrx_word' id='word_1_96' title='bbox 10 1508 13 1525; x_wconf 84' lang='lat'>1</span> 
     </span>
    </p>
   </div>
   <div class='ocr_carea' id='block_1_3' title="bbox 2 0 28 878">
    <p class='ocr_par' dir='ltr' id='par_1_3' title="bbox 2 0 28 878">
     <span class='ocr_line' id='line_1_15' title="bbox 2 0 28 878; baseline 0 0"><span class='ocrx_word' id='word_1_97' title='bbox 2 0 28 878; x_wconf 95' lang='lat' dir='ltr'> </span> 
     </span>
    </p>
   </div>
   <div class='ocr_carea' id='block_1_4' title="bbox 9 948 1696 2247">
    <p class='ocr_par' dir='ltr' id='par_1_4' title="bbox 75 948 1630 1210">
     <span class='ocr_line' id='line_1_16' title="bbox 75 948 1627 1006; baseline -0.003 -12"><span class='ocrx_word' id='word_1_98' title='bbox 75 970 108 994; x_wconf 88' lang='lat'>10</span> <span class='ocrx_word' id='word_1_99' title='bbox 129 964 208 1006; x_wconf 91' lang='lat' dir='ltr'>quo</span> <span class='ocrx_word' id='word_1_100' title='bbox 230 951 431 994; x_wconf 87' lang='lat' dir='ltr'>conuenis.</span> <span class='ocrx_word' id='word_1_101' title='bbox 465 949 710 992; x_wconf 89' lang='lat' dir='ltr'>uerecundia</span> <span class='ocrx_word' id='word_1_102' title='bbox 731 949 819 991; x_wconf 91' lang='lat' dir='ltr'>illic</span> <span class='ocrx_word' id='word_1_103' title='bbox 840 949 972 991; x_wconf 90' lang='lat' dir='ltr'>omnis</span> <span class='ocrx_word' id='word_1_104' title='bbox 994 949 1176 1000; x_wconf 80' lang='lat' dir='ltr'>exuitur,</span> <span class='ocrx_word' id='word_1_105' title='bbox 1208 948 1334 991; x_wconf 88' lang='lat' dir='ltr'>simul</span> <span class='ocrx_word' id='word_1_106' title='bbox 1356 961 1449 990; x_wconf 90' lang='lat' dir='ltr'>cum</span> <span class='ocrx_word' id='word_1_107' title='bbox 1471 949 1627 990; x_wconf 90' lang='lat' dir='ltr'>amictu</span> 
     </span>
     <span class='ocr_line' id='line_1_17' title="bbox 129 1018 1630 1073; baseline -0.002 -10"><span class='ocrx_word' id='word_1_108' title='bbox 129 1021 258 1063; x_wconf 86' lang='lat' dir='ltr'>uestis</span> <span class='ocrx_word' id='word_1_109' title='bbox 292 1021 419 1062; x_wconf 91' lang='lat' dir='ltr'>honor</span> <span class='ocrx_word' id='word_1_110' title='bbox 454 1019 632 1072; x_wconf 88' lang='lat' dir='ltr'>corporis</span> <span class='ocrx_word' id='word_1_111' title='bbox 667 1031 713 1060; x_wconf 91' lang='lat' dir='ltr'>ac</span> <span class='ocrx_word' id='word_1_112' title='bbox 747 1018 879 1073; x_wconf 90' lang='lat' dir='ltr'>pudor</span> <span class='ocrx_word' id='word_1_113' title='bbox 913 1018 1099 1072; x_wconf 90' lang='lat' dir='ltr'>ponitur,</span> <span class='ocrx_word' id='word_1_114' title='bbox 1133 1018 1362 1060; x_wconf 89' lang='lat' dir='ltr'>denotanda</span> <span class='ocrx_word' id='word_1_115' title='bbox 1385 1020 1426 1060; x_wconf 90' lang='lat' dir='ltr'>et</span> <span class='ocrx_word' id='word_1_116' title='bbox 1447 1019 1630 1060; x_wconf 89' lang='lat' dir='ltr'>contrec-</span> 
     </span>
     <span class='ocr_line' id='line_1_18' title="bbox 125 1087 1628 1143; baseline -0.001 -11"><span class='ocrx_word' id='word_1_117' title='bbox 125 1090 252 1132; x_wconf 89' lang='lat' dir='ltr'>tanda</span> <span class='ocrx_word' id='word_1_118' title='bbox 273 1088 491 1143; x_wconf 88' lang='lat' dir='ltr'>uirginitas</span> <span class='ocrx_word' id='word_1_119' title='bbox 512 1087 732 1130; x_wconf 87' lang='lat' dir='ltr'>reuelatur.</span> <span class='ocrx_word' id='word_1_120' title='bbox 764 1087 848 1128; x_wconf 90' lang='lat' dir='ltr'>iam</span> <span class='ocrx_word' id='word_1_121' title='bbox 878 1099 985 1129; x_wconf 91' lang='lat' dir='ltr'>nunc</span> <span class='ocrx_word' id='word_1_122' title='bbox 1021 1087 1228 1130; x_wconf 90' lang='lat' dir='ltr'>considera</span> <span class='ocrx_word' id='word_1_123' title='bbox 1259 1100 1310 1130; x_wconf 91' lang='lat' dir='ltr'>an</span> <span class='ocrx_word' id='word_1_124' title='bbox 1346 1100 1440 1129; x_wconf 92' lang='lat' dir='ltr'>cum</span> <span class='ocrx_word' id='word_1_125' title='bbox 1476 1087 1628 1130; x_wconf 86' lang='lat' dir='ltr'>uestita</span> 
     </span>
     <span class='ocr_line' id='line_1_19' title="bbox 128 1156 1629 1210; baseline -0.002 -9"><span class='ocrx_word' id='word_1_126' title='bbox 128 1159 190 1201; x_wconf 88' lang='lat' dir='ltr'>est</span> <span class='ocrx_word' id='word_1_127' title='bbox 220 1156 447 1200; x_wconf 84' lang='lat' dir='ltr'>uerecunda</span> <span class='ocrx_word' id='word_1_128' title='bbox 479 1157 533 1198; x_wconf 91' lang='lat' dir='ltr'>sit</span> <span class='ocrx_word' id='word_1_129' title='bbox 563 1156 669 1199; x_wconf 88' lang='lat' dir='ltr'>inter</span> <span class='ocrx_word' id='word_1_130' title='bbox 689 1157 799 1199; x_wconf 88' lang='lat' dir='ltr'>uiros</span> <span class='ocrx_word' id='word_1_131' title='bbox 828 1156 925 1198; x_wconf 88' lang='lat' dir='ltr'>talis</span> <span class='ocrx_word' id='word_1_132' title='bbox 957 1170 1060 1210; x_wconf 89' lang='lat' dir='ltr'>quae</span> <span class='ocrx_word' id='word_1_133' title='bbox 1090 1157 1142 1198; x_wconf 91' lang='lat' dir='ltr'>ad</span> <span class='ocrx_word' id='word_1_134' title='bbox 1173 1157 1505 1199; x_wconf 89' lang='lat' dir='ltr'>inuerecundiam</span> <span class='ocrx_word' id='word_1_135' title='bbox 1534 1169 1629 1210; x_wconf 91' lang='lat' dir='ltr'>pro-</span> 
     </span>
    </p>

    <p class='ocr_par' dir='ltr' id='par_1_5' title="bbox 16 1225 649 1283">
     <span class='ocr_line' id='line_1_20' title="bbox 16 1225 649 1283; baseline -0.003 -14"><span class='ocrx_word' id='word_1_136' title='bbox 16 1268 18 1283; x_wconf 52' lang='lat'>,</span> <span class='ocrx_word' id='word_1_137' title='bbox 124 1227 222 1269; x_wconf 87' lang='lat' dir='ltr'>fecit</span> <span class='ocrx_word' id='word_1_138' title='bbox 242 1226 413 1268; x_wconf 88' lang='lat' dir='ltr'>audacia</span> <span class='ocrx_word' id='word_1_139' title='bbox 434 1225 649 1268; x_wconf 87' lang='lat' dir='ltr'>nuditatis.</span> 
     </span>
    </p>

    <p class='ocr_par' dir='ltr' id='par_1_6' title="bbox 15 1285 1696 1354">
     <span class='ocr_line' id='line_1_21' title="bbox 15 1285 1696 1354; baseline 0.001 -18"><span class='ocrx_word' id='word_1_140' title='bbox 15 1285 19 1354; x_wconf 62' lang='grc' dir='ltr'>ξ</span> <span class='ocrx_word' id='word_1_141' title='bbox 74 1311 106 1336; x_wconf 82' lang='lat'>15</span> <span class='ocrx_word' id='word_1_142' title='bbox 179 1294 244 1338; x_wconf 88' lang='lat' dir='ltr'>Sic</span> <span class='ocrx_word' id='word_1_143' title='bbox 266 1307 360 1349; x_wconf 89' lang='lat' dir='ltr'>ergo</span> <span class='ocrx_word' id='word_1_144' title='bbox 381 1295 614 1348; x_wconf 84' lang='lat' dir='ltr'>frequenter</span> <span class='ocrx_word' id='word_1_145' title='bbox 634 1294 803 1337; x_wconf 89' lang='lat' dir='ltr'>ecclesia</span> <span class='ocrx_word' id='word_1_146' title='bbox 825 1294 1007 1349; x_wconf 82' lang='lat' dir='ltr'>uirgines</span> <span class='ocrx_word' id='word_1_147' title='bbox 1036 1307 1130 1337; x_wconf 92' lang='lat' dir='ltr'>suas</span> <span class='ocrx_word' id='word_1_148' title='bbox 1159 1295 1342 1350; x_wconf 84' lang='lat' dir='ltr'>plangit,</span> <span class='ocrx_word' id='word_1_149' title='bbox 1383 1295 1442 1337; x_wconf 89' lang='lat' dir='ltr'>sic</span> <span class='ocrx_word' id='word_1_150' title='bbox 1477 1295 1528 1336; x_wconf 91' lang='lat' dir='ltr'>ad</span> <span class='ocrx_word' id='word_1_151' title='bbox 1564 1295 1696 1337; x_wconf 77' lang='grc'>111-20</span> 
     </span>
    </p>

    <p class='ocr_par' dir='ltr' id='par_1_7' title="bbox 15 1363 1629 1419">
     <span class='ocr_line' id='line_1_22' title="bbox 15 1363 1629 1419; baseline -0.001 -13"><span class='ocrx_word' id='word_1_152' title='bbox 15 1365 19 1379; x_wconf 84' lang='grc'><em>·</em></span> <span class='ocrx_word' id='word_1_153' title='bbox 122 1364 251 1407; x_wconf 85' lang='lat' dir='ltr'>fames</span> <span class='ocrx_word' id='word_1_154' title='bbox 272 1378 411 1407; x_wconf 90' lang='lat' dir='ltr'>earum</span> <span class='ocrx_word' id='word_1_155' title='bbox 441 1376 487 1406; x_wconf 89' lang='lat' dir='ltr'>ac</span> <span class='ocrx_word' id='word_1_156' title='bbox 521 1363 787 1406; x_wconf 88' lang='lat' dir='ltr'>detestabiles</span> <span class='ocrx_word' id='word_1_157' title='bbox 824 1363 987 1406; x_wconf 87' lang='lat' dir='ltr'>fabulas</span> <span class='ocrx_word' id='word_1_158' title='bbox 1025 1363 1289 1418; x_wconf 85' lang='lat' dir='ltr'>ingemescit:</span> <span class='ocrx_word' id='word_1_159' title='bbox 1323 1364 1381 1405; x_wconf 83' lang='lat' dir='ltr'>sic</span> <span class='ocrx_word' id='word_1_160' title='bbox 1401 1363 1474 1405; x_wconf 91' lang='lat' dir='ltr'>fios</span> <span class='ocrx_word' id='word_1_161' title='bbox 1496 1364 1629 1419; x_wconf 87' lang='lat' dir='ltr'>uirgi-</span> 
     </span>
    </p>

    <p class='ocr_par' dir='ltr' id='par_1_8' title="bbox 9 1408 1629 1503">
     <span class='ocr_line' id='line_1_23' title="bbox 9 1408 1629 1503; baseline -0.001 -27"><span class='ocrx_word' id='word_1_162' title='bbox 9 1408 19 1503; x_wconf 54' lang='grc'>1</span> <span class='ocrx_word' id='word_1_163' title='bbox 128 1448 227 1476; x_wconf 88' lang='grc'>1111111</span> <span class='ocrx_word' id='word_1_164' title='bbox 248 1434 505 1489; x_wconf 80' lang='lat' dir='ltr'>extinguitur</span> <span class='ocrx_word' id='word_1_165' title='bbox 519 1467 528 1484; x_wconf 93' lang='lat'>,</span> <span class='ocrx_word' id='word_1_166' title='bbox 574 1434 700 1475; x_wconf 89' lang='lat' dir='ltr'>honor</span> <span class='ocrx_word' id='word_1_167' title='bbox 721 1433 997 1475; x_wconf 88' lang='lat' dir='ltr'>continentiae</span> <span class='ocrx_word' id='word_1_168' title='bbox 1019 1446 1065 1475; x_wconf 90' lang='lat' dir='ltr'>ac</span> <span class='ocrx_word' id='word_1_169' title='bbox 1086 1433 1217 1487; x_wconf 89' lang='lat' dir='ltr'>pudor</span> <span class='ocrx_word' id='word_1_170' title='bbox 1245 1434 1450 1484; x_wconf 85' lang='lat' dir='ltr'>caeditur,</span> <span class='ocrx_word' id='word_1_171' title='bbox 1497 1434 1629 1489; x_wconf 89' lang='lat' dir='ltr'>gloria</span> 
     </span>
    </p>

    <p class='ocr_par' dir='ltr' id='par_1_9' title="bbox 16 1502 1631 1557">
     <span class='ocr_line' id='line_1_24' title="bbox 16 1502 1631 1557; baseline 0 -13"><span class='ocrx_word' id='word_1_172' title='bbox 16 1512 18 1516; x_wconf 85' lang='lat'>·</span> <span class='ocrx_word' id='word_1_173' title='bbox 123 1503 256 1544; x_wconf 90' lang='grc'>01111113</span> <span class='ocrx_word' id='word_1_174' title='bbox 284 1514 331 1544; x_wconf 86' lang='lat' dir='ltr'>ac</span> <span class='ocrx_word' id='word_1_175' title='bbox 360 1502 542 1557; x_wconf 87' lang='lat' dir='ltr'>dignitas</span> <span class='ocrx_word' id='word_1_176' title='bbox 577 1502 828 1556; x_wconf 89' lang='lat' dir='ltr'>profanatur.</span> <span class='ocrx_word' id='word_1_177' title='bbox 868 1503 927 1545; x_wconf 86' lang='lat' dir='ltr'>sic</span> <span class='ocrx_word' id='word_1_178' title='bbox 963 1515 1005 1544; x_wconf 92' lang='grc'>30</span> <span class='ocrx_word' id='word_1_179' title='bbox 1041 1503 1294 1557; x_wconf 81' lang='lat' dir='ltr'>expugnator</span> <span class='ocrx_word' id='word_1_180' title='bbox 1329 1502 1523 1544; x_wconf 90' lang='lat' dir='ltr'>inimicus</span> <span class='ocrx_word' id='word_1_181' title='bbox 1558 1515 1631 1556; x_wconf 89' lang='lat' dir='ltr'>per</span> 
     </span>
    </p>

    <p class='ocr_par' dir='ltr' id='par_1_10' title="bbox 10 1571 1629 1631">
     <span class='ocr_line' id='line_1_25' title="bbox 10 1571 1629 1631; baseline 0 -18"><span class='ocrx_word' id='word_1_182' title='bbox 10 1616 18 1631; x_wconf 36' lang='grc' dir='ltr'>,Ι</span> <span class='ocrx_word' id='word_1_183' title='bbox 122 1573 229 1614; x_wconf 89' lang='lat' dir='ltr'>artes</span> <span class='ocrx_word' id='word_1_184' title='bbox 265 1583 358 1613; x_wconf 89' lang='lat' dir='ltr'>suas</span> <span class='ocrx_word' id='word_1_185' title='bbox 394 1571 557 1613; x_wconf 87' lang='lat' dir='ltr'>inserit:</span> <span class='ocrx_word' id='word_1_186' title='bbox 591 1571 651 1613; x_wconf 89' lang='lat' dir='ltr'>sic</span> <span class='ocrx_word' id='word_1_187' title='bbox 687 1571 848 1612; x_wconf 87' lang='lat' dir='ltr'>insidiis</span> <span class='ocrx_word' id='word_1_188' title='bbox 882 1584 954 1625; x_wconf 88' lang='lat' dir='ltr'>per</span> <span class='ocrx_word' id='word_1_189' title='bbox 989 1572 1149 1613; x_wconf 90' lang='lat' dir='ltr'>occulta</span> <span class='ocrx_word' id='word_1_190' title='bbox 1178 1571 1418 1613; x_wconf 88' lang='lat' dir='ltr'>fallentibus</span> <span class='ocrx_word' id='word_1_191' title='bbox 1439 1572 1629 1614; x_wconf 89' lang='lat' dir='ltr'>diabolus</span> 
     </span>
    </p>

    <p class='ocr_par' dir='ltr' id='par_1_11' title="bbox 10 1629 1629 1702">
     <span class='ocr_line' id='line_1_26' title="bbox 10 1629 1629 1702; baseline 0.001 -21"><span class='ocrx_word' id='word_1_192' title='bbox 10 1629 18 1702; x_wconf 27' lang='grc' dir='ltr'>ᾗ</span> <span class='ocrx_word' id='word_1_193' title='bbox 74 1648 109 1674; x_wconf 81' lang='lat'>20</span> <span class='ocrx_word' id='word_1_194' title='bbox 123 1640 303 1694; x_wconf 83' lang='lat' dir='ltr'>obrepit:</span> <span class='ocrx_word' id='word_1_195' title='bbox 335 1641 393 1682; x_wconf 86' lang='lat' dir='ltr'>sic</span> <span class='ocrx_word' id='word_1_196' title='bbox 415 1640 514 1683; x_wconf 91' lang='lat' dir='ltr'>dum</span> <span class='ocrx_word' id='word_1_197' title='bbox 536 1641 670 1682; x_wconf 88' lang='lat' dir='ltr'>ornari</span> <span class='ocrx_word' id='word_1_198' title='bbox 699 1640 866 1691; x_wconf 89' lang='lat' dir='ltr'>cultius,</span> <span class='ocrx_word' id='word_1_199' title='bbox 899 1640 999 1682; x_wconf 88' lang='lat' dir='ltr'>dum</span> <span class='ocrx_word' id='word_1_200' title='bbox 1034 1640 1207 1682; x_wconf 90' lang='lat' dir='ltr'>liberius</span> <span class='ocrx_word' id='word_1_201' title='bbox 1245 1641 1410 1695; x_wconf 88' lang='lat' dir='ltr'>euagari</span> <span class='ocrx_word' id='word_1_202' title='bbox 1447 1640 1629 1696; x_wconf 90' lang='lat' dir='ltr'>uirgines</span> 
     </span>
    </p>

    <p class='ocr_par' dir='ltr' id='par_1_12' title="bbox 16 1708 1629 1972">
     <span class='ocr_line' id='line_1_27' title="bbox 16 1708 1629 1765; baseline 0.001 -14"><span class='ocrx_word' id='word_1_203' title='bbox 16 1708 18 1715; x_wconf 65' lang='lat'><strong>⁴</strong></span> <span class='ocrx_word' id='word_1_204' title='bbox 121 1709 287 1761; x_wconf 90' lang='lat' dir='ltr'>uolunt,</span> <span class='ocrx_word' id='word_1_205' title='bbox 319 1721 404 1752; x_wconf 88' lang='lat' dir='ltr'>esse</span> <span class='ocrx_word' id='word_1_206' title='bbox 435 1709 618 1765; x_wconf 86' lang='lat' dir='ltr'>uirgines</span> <span class='ocrx_word' id='word_1_207' title='bbox 649 1709 863 1761; x_wconf 89' lang='lat' dir='ltr'>desinunt,</span> <span class='ocrx_word' id='word_1_208' title='bbox 896 1708 1052 1751; x_wconf 87' lang='lat' dir='ltr'>furtiuo</span> <span class='ocrx_word' id='word_1_209' title='bbox 1074 1709 1267 1751; x_wconf 89' lang='lat' dir='ltr'>dedecore</span> <span class='ocrx_word' id='word_1_210' title='bbox 1298 1710 1531 1763; x_wconf 84' lang='lat' dir='ltr'>corruptae,</span> <span class='ocrx_word' id='word_1_211' title='bbox 1563 1710 1629 1752; x_wconf 94' lang='lat' dir='ltr'>ui-</span> 
     </span>
     <span class='ocr_line' id='line_1_28' title="bbox 123 1778 1629 1834; baseline 0.001 -14"><span class='ocrx_word' id='word_1_212' title='bbox 123 1779 225 1821; x_wconf 85' lang='lat' dir='ltr'>duae</span> <span class='ocrx_word' id='word_1_213' title='bbox 256 1779 477 1833; x_wconf 90' lang='lat' dir='ltr'>antequam</span> <span class='ocrx_word' id='word_1_214' title='bbox 507 1781 677 1834; x_wconf 86' lang='lat' dir='ltr'>nuptae,</span> <span class='ocrx_word' id='word_1_215' title='bbox 708 1791 787 1820; x_wconf 90' lang='lat' dir='ltr'>non</span> <span class='ocrx_word' id='word_1_216' title='bbox 812 1779 953 1821; x_wconf 88' lang='lat' dir='ltr'>mariti</span> <span class='ocrx_word' id='word_1_217' title='bbox 976 1779 1045 1820; x_wconf 88' lang='lat' dir='ltr'>sed</span> <span class='ocrx_word' id='word_1_218' title='bbox 1068 1778 1221 1820; x_wconf 82' lang='lat' dir='ltr'>Christi</span> <span class='ocrx_word' id='word_1_219' title='bbox 1243 1779 1471 1830; x_wconf 88' lang='lat' dir='ltr'>adulterae,</span> <span class='ocrx_word' id='word_1_220' title='bbox 1504 1792 1629 1833; x_wconf 90' lang='lat' dir='ltr'>quam</span> 
     </span>
     <span class='ocr_line' id='line_1_29' title="bbox 121 1848 1629 1903; baseline 0.001 -14"><span class='ocrx_word' id='word_1_221' title='bbox 121 1848 282 1890; x_wconf 78' lang='lat' dir='ltr'>fuerant</span> <span class='ocrx_word' id='word_1_222' title='bbox 303 1848 496 1902; x_wconf 85' lang='lat' dir='ltr'>praemiis</span> <span class='ocrx_word' id='word_1_223' title='bbox 517 1848 756 1903; x_wconf 89' lang='lat' dir='ltr'>ingentibus</span> <span class='ocrx_word' id='word_1_224' title='bbox 778 1848 960 1903; x_wconf 87' lang='lat' dir='ltr'>uirgines</span> <span class='ocrx_word' id='word_1_225' title='bbox 982 1848 1228 1899; x_wconf 83' lang='lat' dir='ltr'>destinatae,</span> <span class='ocrx_word' id='word_1_226' title='bbox 1250 1849 1337 1890; x_wconf 87' lang='lat' dir='ltr'>tam</span> <span class='ocrx_word' id='word_1_227' title='bbox 1358 1861 1510 1903; x_wconf 88' lang='lat' dir='ltr'>magna</span> <span class='ocrx_word' id='word_1_228' title='bbox 1531 1861 1629 1902; x_wconf 89' lang='lat' dir='ltr'>sup-</span> 
     </span>
     <span class='ocr_line' id='line_1_30' title="bbox 125 1917 1002 1972; baseline 0 -14"><span class='ocrx_word' id='word_1_229' title='bbox 125 1917 251 1970; x_wconf 89' lang='lat' dir='ltr'>plicia</span> <span class='ocrx_word' id='word_1_230' title='bbox 273 1929 344 1971; x_wconf 89' lang='lat' dir='ltr'>pro</span> <span class='ocrx_word' id='word_1_231' title='bbox 366 1917 517 1959; x_wconf 87' lang='lat' dir='ltr'>amissa</span> <span class='ocrx_word' id='word_1_232' title='bbox 537 1917 779 1972; x_wconf 87' lang='lat' dir='ltr'>uirginitate</span> <span class='ocrx_word' id='word_1_233' title='bbox 800 1929 1002 1959; x_wconf 87' lang='lat' dir='ltr'>sensurae.</span> 
     </span>
    </p>

    <p class='ocr_par' dir='ltr' id='par_1_13' title="bbox 74 1985 1693 2247">
     <span class='ocr_line' id='line_1_31' title="bbox 74 1985 1693 2041; baseline 0.002 -16"><span class='ocrx_word' id='word_1_234' title='bbox 74 1998 108 2024; x_wconf 77' lang='lat'>2⁵</span> <span class='ocrx_word' id='word_1_235' title='bbox 179 1986 335 2028; x_wconf 89' lang='lat' dir='ltr'>Audite</span> <span class='ocrx_word' id='word_1_236' title='bbox 352 1986 489 2039; x_wconf 88' lang='lat' dir='ltr'>itaque</span> <span class='ocrx_word' id='word_1_237' title='bbox 511 1986 705 2041; x_wconf 88' lang='lat' dir='ltr'>uirgines,</span> <span class='ocrx_word' id='word_1_238' title='bbox 729 1987 775 2027; x_wconf 92' lang='lat' dir='ltr'>ut</span> <span class='ocrx_word' id='word_1_239' title='bbox 796 1987 1028 2040; x_wconf 88' lang='lat' dir='ltr'>parentem:</span> <span class='ocrx_word' id='word_1_240' title='bbox 1051 1985 1191 2027; x_wconf 88' lang='lat' dir='ltr'>audite</span> <span class='ocrx_word' id='word_1_241' title='bbox 1212 1998 1360 2039; x_wconf 89' lang='lat' dir='ltr'>quaeso</span> <span class='ocrx_word' id='word_1_242' title='bbox 1382 1998 1454 2028; x_wconf 91' lang='lat' dir='ltr'>uos</span> <span class='ocrx_word' id='word_1_243' title='bbox 1475 1987 1628 2029; x_wconf 72' lang='grc'>11111011-</span> <span class='ocrx_word' id='word_1_244' title='bbox 1644 1994 1693 2035; x_wconf 75' lang='lat'>21</span> 
     </span>
     <span class='ocr_line' id='line_1_32' title="bbox 121 2054 1628 2108; baseline 0.001 -12"><span class='ocrx_word' id='word_1_245' title='bbox 121 2056 206 2096; x_wconf 91' lang='lat' dir='ltr'>tem</span> <span class='ocrx_word' id='word_1_246' title='bbox 228 2055 381 2108; x_wconf 86' lang='lat' dir='ltr'>pariter</span> <span class='ocrx_word' id='word_1_247' title='bbox 401 2067 447 2096; x_wconf 88' lang='lat' dir='ltr'>ac</span> <span class='ocrx_word' id='word_1_248' title='bbox 464 2056 716 2096; x_wconf 84' lang='lat' dir='ltr'>monentem:</span> <span class='ocrx_word' id='word_1_249' title='bbox 740 2054 879 2095; x_wconf 87' lang='lat' dir='ltr'>audite</span> <span class='ocrx_word' id='word_1_250' title='bbox 901 2054 1157 2096; x_wconf 87' lang='lat' dir='ltr'>utilitatibus</span> <span class='ocrx_word' id='word_1_251' title='bbox 1175 2056 1216 2097; x_wconf 88' lang='lat' dir='ltr'>et</span> <span class='ocrx_word' id='word_1_252' title='bbox 1232 2055 1458 2098; x_wconf 88' lang='lat' dir='ltr'>commodis</span> <span class='ocrx_word' id='word_1_253' title='bbox 1480 2056 1628 2098; x_wconf 91' lang='lat' dir='ltr'>uestris</span> 
     </span>
     <span class='ocr_line' id='line_1_33' title="bbox 120 2122 1625 2177; baseline 0.001 -13"><span class='ocrx_word' id='word_1_254' title='bbox 120 2122 298 2165; x_wconf 89' lang='lat' dir='ltr'>fideliter</span> <span class='ocrx_word' id='word_1_255' title='bbox 327 2123 618 2165; x_wconf 84' lang='lat' dir='ltr'>consulentem.</span> <span class='ocrx_word' id='word_1_256' title='bbox 652 2125 783 2165; x_wconf 86' lang='lat' dir='ltr'>estote</span> <span class='ocrx_word' id='word_1_257' title='bbox 814 2123 917 2165; x_wconf 88' lang='lat' dir='ltr'>tales</span> <span class='ocrx_word' id='word_1_258' title='bbox 949 2124 1088 2177; x_wconf 85' lang='lat' dir='ltr'>quales</span> <span class='ocrx_word' id='word_1_259' title='bbox 1119 2137 1192 2166; x_wconf 90' lang='lat' dir='ltr'>uos</span> <span class='ocrx_word' id='word_1_260' title='bbox 1213 2124 1323 2166; x_wconf 88' lang='lat' dir='ltr'>Deus</span> <span class='ocrx_word' id='word_1_261' title='bbox 1345 2124 1494 2167; x_wconf 85' lang='lat' dir='ltr'>artifex</span> <span class='ocrx_word' id='word_1_262' title='bbox 1516 2125 1625 2176; x_wconf 87' lang='lat' dir='ltr'>fecit,</span> 
     </span>
     <span class='ocr_line' id='line_1_34' title="bbox 119 2192 1626 2247; baseline 0.002 -14"><span class='ocrx_word' id='word_1_263' title='bbox 119 2193 247 2234; x_wconf 84' lang='lat' dir='ltr'>estote</span> <span class='ocrx_word' id='word_1_264' title='bbox 268 2192 372 2234; x_wconf 86' lang='lat' dir='ltr'>tales</span> <span class='ocrx_word' id='word_1_265' title='bbox 395 2192 534 2245; x_wconf 88' lang='lat' dir='ltr'>quales</span> <span class='ocrx_word' id='word_1_266' title='bbox 556 2204 628 2233; x_wconf 84' lang='lat' dir='ltr'>uos</span> <span class='ocrx_word' id='word_1_267' title='bbox 650 2205 795 2234; x_wconf 88' lang='lat' dir='ltr'>manus</span> <span class='ocrx_word' id='word_1_268' title='bbox 826 2193 957 2247; x_wconf 86' lang='lat' dir='ltr'>patris</span> <span class='ocrx_word' id='word_1_269' title='bbox 986 2193 1195 2235; x_wconf 90' lang='lat' dir='ltr'>instituit:</span> <span class='ocrx_word' id='word_1_270' title='bbox 1228 2194 1394 2235; x_wconf 86' lang='lat' dir='ltr'>maneat</span> <span class='ocrx_word' id='word_1_271' title='bbox 1431 2193 1473 2235; x_wconf 91' lang='lat' dir='ltr'>in</span> <span class='ocrx_word' id='word_1_272' title='bbox 1509 2194 1626 2236; x_wconf 90' lang='lat' dir='ltr'>uobis</span> 
     </span>
    </p>
   </div>
   <div class='ocr_carea' id='block_1_5' title="bbox 0 386 9 2151">
    <p class='ocr_par' dir='ltr' id='par_1_14' title="bbox 0 386 9 2151">
     <span class='ocr_line' id='line_1_35' title="bbox 0 386 9 2151; baseline 0 0"><span class='ocrx_word' id='word_1_273' title='bbox 0 386 9 2151; x_wconf 95' lang='lat' dir='ltr'> </span> 
     </span>
    </p>
   </div>
   <div class='ocr_carea' id='block_1_6' title="bbox 118 2315 1627 2420">
    <p class='ocr_par' dir='ltr' id='par_1_15' title="bbox 118 2315 1627 2420">
     <span class='ocr_line' id='line_1_36' title="bbox 190 2315 1627 2361; baseline 0.002 -11"><span class='ocrx_word' id='word_1_274' title='bbox 190 2318 206 2350; x_wconf 91' lang='lat'>1</span> <span class='ocrx_word' id='word_1_275' title='bbox 236 2315 310 2361; x_wconf 89' lang='lat' dir='ltr'>ipse</span> <span class='ocrx_word' id='word_1_276' title='bbox 329 2316 371 2357; x_wconf 90' lang='lat' dir='ltr'><strong><em>S,</em></strong></span> <span class='ocrx_word' id='word_1_277' title='bbox 399 2317 512 2361; x_wconf 87' lang='lat' dir='ltr'>ipsam</span> <span class='ocrx_word' id='word_1_278' title='bbox 532 2316 582 2351; x_wconf 86' lang='lat' dir='ltr'><em>W</em></span> <span class='ocrx_word' id='word_1_279' title='bbox 652 2316 832 2351; x_wconf 78' lang='lat' dir='ltr'>inlecebra</span> <span class='ocrx_word' id='word_1_280' title='bbox 850 2317 880 2351; x_wconf 98' lang='lat' dir='ltr'>S</span> <span class='ocrx_word' id='word_1_281' title='bbox 949 2328 1060 2352; x_wconf 89' lang='lat' dir='ltr'>nonnc</span> <span class='ocrx_word' id='word_1_282' title='bbox 1078 2317 1121 2352; x_wconf 88' lang='lat' dir='ltr'>ad</span> <span class='ocrx_word' id='word_1_283' title='bbox 1142 2329 1159 2350; x_wconf 81' lang='grc'>1·</span> <span class='ocrx_word' id='word_1_284' title='bbox 1228 2318 1251 2351; x_wconf 81' lang='lat'>2</span> <span class='ocrx_word' id='word_1_285' title='bbox 1276 2318 1412 2352; x_wconf 87' lang='lat' dir='ltr'>inuitat</span> <span class='ocrx_word' id='word_1_286' title='bbox 1430 2318 1460 2353; x_wconf 93' lang='lat' dir='ltr'>S</span> <span class='ocrx_word' id='word_1_287' title='bbox 1527 2318 1549 2352; x_wconf 87' lang='lat'><strong>3</strong></span> <span class='ocrx_word' id='word_1_288' title='bbox 1574 2319 1627 2353; x_wconf 92' lang='lat' dir='ltr'>ui-</span> 
     </span>
     <span class='ocr_line' id='line_1_37' title="bbox 118 2372 1558 2420; baseline 0.002 -13"><span class='ocrx_word' id='word_1_289' title='bbox 118 2372 211 2408; x_wconf 79' lang='lat' dir='ltr'>derit</span> <span class='ocrx_word' id='word_1_290' title='bbox 221 2373 296 2415; x_wconf 89' lang='lat' dir='ltr'>SD,</span> <span class='ocrx_word' id='word_1_291' title='bbox 312 2374 470 2409; x_wconf 85' lang='lat' dir='ltr'>uiderint</span> <span class='ocrx_word' id='word_1_292' title='bbox 480 2375 529 2410; x_wconf 83' lang='lat' dir='ltr'><strong><em>W</em></strong></span> <span class='ocrx_word' id='word_1_293' title='bbox 533 2389 540 2416; x_wconf 92' lang='lat'>;</span> <span class='ocrx_word' id='word_1_294' title='bbox 555 2374 601 2417; x_wconf 83' lang='lat' dir='ltr'>cf.</span> <span class='ocrx_word' id='word_1_295' title='bbox 613 2385 649 2419; x_wconf 78' lang='lat' dir='ltr'>p.</span> <span class='ocrx_word' id='word_1_296' title='bbox 668 2377 711 2409; x_wconf 87' lang='lat'>15</span> <span class='ocrx_word' id='word_1_297' title='bbox 726 2375 747 2409; x_wconf 82' lang='lat' dir='ltr'>l.</span> <span class='ocrx_word' id='word_1_298' title='bbox 765 2378 786 2409; x_wconf 85' lang='lat'><em>5</em></span> <span class='ocrx_word' id='word_1_299' title='bbox 849 2375 871 2409; x_wconf 88' lang='lat'>4</span> <span class='ocrx_word' id='word_1_300' title='bbox 889 2375 1082 2420; x_wconf 89' lang='lat' dir='ltr'>corpuscoli</span> <span class='ocrx_word' id='word_1_301' title='bbox 1091 2375 1130 2409; x_wconf 96' lang='lat' dir='ltr'><em>D</em></span> <span class='ocrx_word' id='word_1_302' title='bbox 1130 2376 1151 2419; x_wconf 68' lang='lat' dir='ltr'>j</span> <span class='ocrx_word' id='word_1_303' title='bbox 1199 2375 1222 2409; x_wconf 84' lang='lat'>5</span> <span class='ocrx_word' id='word_1_304' title='bbox 1238 2386 1299 2410; x_wconf 88' lang='lat' dir='ltr'>nec</span> <span class='ocrx_word' id='word_1_305' title='bbox 1314 2386 1359 2410; x_wconf 67' lang='lat' dir='ltr'>ex</span> <span class='ocrx_word' id='word_1_306' title='bbox 1374 2387 1417 2410; x_wconf 88' lang='lat' dir='ltr'>ne</span> <span class='ocrx_word' id='word_1_307' title='bbox 1432 2375 1462 2410; x_wconf 92' lang='lat' dir='ltr'>S</span> <span class='ocrx_word' id='word_1_308' title='bbox 1472 2387 1516 2410; x_wconf 82' lang='lat' dir='ltr'>m.</span> <span class='ocrx_word' id='word_1_309' title='bbox 1532 2377 1558 2410; x_wconf 79' lang='lat'><em>2</em></span> 
     </span>
    </p>
   </div>
   <div class='ocr_carea' id='block_1_7' title="bbox 117 2430 1627 2592">
    <p class='ocr_par' dir='ltr' id='par_1_16' title="bbox 117 2430 1627 2592">
     <span class='ocr_line' id='line_1_38' title="bbox 118 2430 1627 2478; baseline 0.001 -13"><span class='ocrx_word' id='word_1_310' title='bbox 118 2430 259 2466; x_wconf 88' lang='lat' dir='ltr'>sordida</span> <span class='ocrx_word' id='word_1_311' title='bbox 277 2431 307 2466; x_wconf 89' lang='lat' dir='ltr'><strong><em>S</em></strong></span> <span class='ocrx_word' id='word_1_312' title='bbox 425 2432 575 2477; x_wconf 83' lang='lat' dir='ltr'>lauatio]</span> <span class='ocrx_word' id='word_1_313' title='bbox 594 2431 743 2466; x_wconf 87' lang='lat' dir='ltr'>lasciuia</span> <span class='ocrx_word' id='word_1_314' title='bbox 761 2432 799 2466; x_wconf 91' lang='lat' dir='ltr'><em>D</em></span> <span class='ocrx_word' id='word_1_315' title='bbox 921 2434 943 2467; x_wconf 81' lang='grc'><strong>6</strong></span> <span class='ocrx_word' id='word_1_316' title='bbox 968 2432 1182 2466; x_wconf 84' lang='lat' dir='ltr'>mentionem</span> <span class='ocrx_word' id='word_1_317' title='bbox 1200 2432 1356 2467; x_wconf 86' lang='lat' dir='ltr'>membra</span> <span class='ocrx_word' id='word_1_318' title='bbox 1375 2433 1405 2467; x_wconf 98' lang='lat' dir='ltr'>S</span> <span class='ocrx_word' id='word_1_319' title='bbox 1513 2433 1627 2478; x_wconf 89' lang='lat' dir='ltr'>impu-</span> 
     </span>
     <span class='ocr_line' id='line_1_39' title="bbox 117 2487 1559 2535; baseline 0.001 -12"><span class='ocrx_word' id='word_1_320' title='bbox 117 2487 265 2523; x_wconf 87' lang='lat' dir='ltr'>dicacD</span> <span class='ocrx_word' id='word_1_321' title='bbox 327 2489 346 2523; x_wconf 83' lang='lat'>7</span> <span class='ocrx_word' id='word_1_322' title='bbox 365 2491 541 2534; x_wconf 85' lang='lat' dir='ltr'>conspiccs</span> <span class='ocrx_word' id='word_1_323' title='bbox 552 2490 581 2524; x_wconf 89' lang='lat' dir='ltr'>S</span> <span class='ocrx_word' id='word_1_324' title='bbox 641 2489 867 2534; x_wconf 79' lang='lat' dir='ltr'>conspicieris</span> <span class='ocrx_word' id='word_1_325' title='bbox 882 2489 912 2525; x_wconf 89' lang='lat' dir='ltr'>S</span> <span class='ocrx_word' id='word_1_326' title='bbox 919 2493 925 2511; x_wconf 90' lang='lat'><strong>¹</strong></span> <span class='ocrx_word' id='word_1_327' title='bbox 997 2492 1019 2524; x_wconf 81' lang='grc'>8</span> <span class='ocrx_word' id='word_1_328' title='bbox 1036 2489 1172 2534; x_wconf 88' lang='lat' dir='ltr'>pollues</span> <span class='ocrx_word' id='word_1_329' title='bbox 1191 2490 1220 2525; x_wconf 88' lang='lat' dir='ltr'><strong><em>S</em></strong></span> <span class='ocrx_word' id='word_1_330' title='bbox 1280 2491 1301 2524; x_wconf 83' lang='grc'><strong>9</strong></span> <span class='ocrx_word' id='word_1_331' title='bbox 1319 2490 1506 2535; x_wconf 72' lang='lat' dir='ltr'>-pollueris</span> <span class='ocrx_word' id='word_1_332' title='bbox 1520 2490 1559 2525; x_wconf 91' lang='lat' dir='ltr'><em>D</em></span> 
     </span>
     <span class='ocr_line' id='line_1_40' title="bbox 119 2545 1562 2592; baseline 0.003 -13"><span class='ocrx_word' id='word_1_333' title='bbox 119 2545 228 2580; x_wconf 80' lang='lat' dir='ltr'>facies</span> <span class='ocrx_word' id='word_1_334' title='bbox 252 2547 395 2581; x_wconf 85' lang='lat' dir='ltr'>theatra</span> <span class='ocrx_word' id='word_1_335' title='bbox 419 2547 457 2581; x_wconf 93' lang='lat' dir='ltr'><em>D</em></span> <span class='ocrx_word' id='word_1_336' title='bbox 562 2547 606 2581; x_wconf 92' lang='lat'>10</span> <span class='ocrx_word' id='word_1_337' title='bbox 629 2546 834 2582; x_wconf 87' lang='lat' dir='ltr'>uericundia</span> <span class='ocrx_word' id='word_1_338' title='bbox 845 2547 888 2589; x_wconf 89' lang='lat' dir='ltr'><strong><em>S,</em></strong></span> <span class='ocrx_word' id='word_1_339' title='bbox 914 2547 1128 2581; x_wconf 73' lang='lat' dir='ltr'>ueracundia</span> <span class='ocrx_word' id='word_1_340' title='bbox 1146 2547 1197 2582; x_wconf 91' lang='lat' dir='ltr'><em>W</em></span> <span class='ocrx_word' id='word_1_341' title='bbox 1301 2548 1341 2581; x_wconf 92' lang='lat'>11</span> <span class='ocrx_word' id='word_1_342' title='bbox 1369 2548 1512 2592; x_wconf 90' lang='lat' dir='ltr'>pudoris</span> <span class='ocrx_word' id='word_1_343' title='bbox 1532 2548 1562 2583; x_wconf 89' lang='lat' dir='ltr'>S</span> 
     </span>
    </p>
   </div>
   <div class='ocr_carea' id='block_1_8' title="bbox 119 2603 1625 2935">
    <p class='ocr_par' dir='ltr' id='par_1_17' title="bbox 119 2603 1625 2935">
     <span class='ocr_line' id='line_1_41' title="bbox 120 2603 1625 2651; baseline 0.002 -14"><span class='ocrx_word' id='word_1_344' title='bbox 120 2604 268 2647; x_wconf 85' lang='lat' dir='ltr'>punitur</span> <span class='ocrx_word' id='word_1_345' title='bbox 286 2603 329 2644; x_wconf 87' lang='lat' dir='ltr'><strong><em>S,</em></strong></span> <span class='ocrx_word' id='word_1_346' title='bbox 355 2604 514 2639; x_wconf 88' lang='lat' dir='ltr'>caeditur</span> <span class='ocrx_word' id='word_1_347' title='bbox 530 2605 661 2640; x_wconf 78' lang='lat' dir='ltr'>maluit</span> <span class='ocrx_word' id='word_1_348' title='bbox 679 2605 860 2639; x_wconf 64' lang='lat' dir='ltr'>Baluziws</span> <span class='ocrx_word' id='word_1_349' title='bbox 943 2606 979 2639; x_wconf 86' lang='lat' dir='ltr'>ct</span> <span class='ocrx_word' id='word_1_350' title='bbox 996 2604 1244 2639; x_wconf 82' lang='lat' dir='ltr'>contrectanda</span> <span class='ocrx_word' id='word_1_351' title='bbox 1261 2615 1325 2639; x_wconf 84' lang='lat' dir='ltr'>om.</span> <span class='ocrx_word' id='word_1_352' title='bbox 1347 2606 1397 2640; x_wconf 84' lang='lat' dir='ltr'><em>W</em></span> <span class='ocrx_word' id='word_1_353' title='bbox 1404 2610 1410 2627; x_wconf 94' lang='lat'><strong>¹</strong></span> <span class='ocrx_word' id='word_1_354' title='bbox 1490 2607 1532 2640; x_wconf 87' lang='grc'>13</span> <span class='ocrx_word' id='word_1_355' title='bbox 1557 2606 1625 2651; x_wconf 85' lang='lat' dir='ltr'>est]</span> 
     </span>
     <span class='ocr_line' id='line_1_42' title="bbox 119 2662 1556 2707; baseline 0.003 -13"><span class='ocrx_word' id='word_1_356' title='bbox 119 2670 156 2694; x_wconf 83' lang='lat' dir='ltr'>es</span> <span class='ocrx_word' id='word_1_357' title='bbox 171 2672 191 2695; x_wconf 92' lang='lat' dir='ltr'><em>v</em></span> <span class='ocrx_word' id='word_1_358' title='bbox 252 2662 462 2697; x_wconf 86' lang='lat' dir='ltr'>uerecundia</span> <span class='ocrx_word' id='word_1_359' title='bbox 478 2664 527 2698; x_wconf 89' lang='lat' dir='ltr'><em>W</em></span> <span class='ocrx_word' id='word_1_360' title='bbox 589 2663 638 2697; x_wconf 87' lang='lat' dir='ltr'>sis</span> <span class='ocrx_word' id='word_1_361' title='bbox 656 2673 675 2698; x_wconf 88' lang='lat' dir='ltr'><em>v</em></span> <span class='ocrx_word' id='word_1_362' title='bbox 737 2662 829 2697; x_wconf 80' lang='lat' dir='ltr'>tales</span> <span class='ocrx_word' id='word_1_363' title='bbox 845 2662 883 2696; x_wconf 88' lang='lat' dir='ltr'><em>D</em></span> <span class='ocrx_word' id='word_1_364' title='bbox 945 2673 1033 2707; x_wconf 86' lang='lat' dir='ltr'>quae</span> <span class='ocrx_word' id='word_1_365' title='bbox 1041 2663 1137 2703; x_wconf 90' lang='lat' dir='ltr'>WD,</span> <span class='ocrx_word' id='word_1_366' title='bbox 1153 2673 1220 2707; x_wconf 88' lang='lat' dir='ltr'>que</span> <span class='ocrx_word' id='word_1_367' title='bbox 1235 2662 1272 2704; x_wconf 86' lang='lat' dir='ltr'><strong><em>S,</em></strong></span> <span class='ocrx_word' id='word_1_368' title='bbox 1289 2663 1346 2697; x_wconf 91' lang='lat' dir='ltr'>cui</span> <span class='ocrx_word' id='word_1_369' title='bbox 1355 2663 1556 2698; x_wconf 74' lang='lat' dir='ltr'>Manutius</span> 
     </span>
     <span class='ocr_line' id='line_1_43' title="bbox 120 2715 1559 2766; baseline 0.003 -16"><span class='ocrx_word' id='word_1_370' title='bbox 120 2715 400 2754; x_wconf 86' lang='lat' dir='ltr'>inucricundiam</span> <span class='ocrx_word' id='word_1_371' title='bbox 413 2719 443 2754; x_wconf 98' lang='lat' dir='ltr'>S</span> <span class='ocrx_word' id='word_1_372' title='bbox 517 2721 658 2766; x_wconf 88' lang='lat' dir='ltr'>proficit</span> <span class='ocrx_word' id='word_1_373' title='bbox 671 2720 779 2756; x_wconf 76' lang='lat' dir='ltr'>WDo</span> <span class='ocrx_word' id='word_1_374' title='bbox 844 2720 886 2754; x_wconf 83' lang='lat'>16</span> <span class='ocrx_word' id='word_1_375' title='bbox 905 2719 1120 2765; x_wconf 78' lang='lat' dir='ltr'>ingemesgit</span> <span class='ocrx_word' id='word_1_376' title='bbox 1131 2720 1160 2755; x_wconf 87' lang='lat' dir='ltr'>S</span> <span class='ocrx_word' id='word_1_377' title='bbox 1223 2720 1264 2754; x_wconf 81' lang='lat'>17</span> <span class='ocrx_word' id='word_1_378' title='bbox 1283 2731 1322 2754; x_wconf 85' lang='lat' dir='ltr'>ac</span> <span class='ocrx_word' id='word_1_379' title='bbox 1335 2721 1423 2756; x_wconf 86' lang='lat' dir='ltr'>Ws.</span> <span class='ocrx_word' id='word_1_380' title='bbox 1439 2721 1458 2754; x_wconf 87' lang='lat' dir='ltr'>l.</span> <span class='ocrx_word' id='word_1_381' title='bbox 1474 2732 1517 2756; x_wconf 81' lang='lat' dir='ltr'>m.</span> <span class='ocrx_word' id='word_1_382' title='bbox 1533 2722 1559 2755; x_wconf 79' lang='lat'><em>2</em></span> 
     </span>
     <span class='ocr_line' id='line_1_44' title="bbox 122 2774 1622 2822; baseline 0.004 -16"><span class='ocrx_word' id='word_1_383' title='bbox 122 2774 165 2807; x_wconf 66' lang='lat'>1⁸</span> <span class='ocrx_word' id='word_1_384' title='bbox 182 2785 242 2819; x_wconf 88' lang='lat' dir='ltr'>per</span> <span class='ocrx_word' id='word_1_385' title='bbox 255 2778 350 2811; x_wconf 85' lang='lat' dir='ltr'>artes</span> <span class='ocrx_word' id='word_1_386' title='bbox 364 2787 409 2811; x_wconf 71' lang='lat' dir='ltr'>ea:</span> <span class='ocrx_word' id='word_1_387' title='bbox 422 2778 555 2822; x_wconf 79' lang='lat' dir='ltr'>peratis</span> <span class='ocrx_word' id='word_1_388' title='bbox 569 2777 599 2813; x_wconf 90' lang='lat' dir='ltr'>S</span> <span class='ocrx_word' id='word_1_389' title='bbox 609 2789 653 2813; x_wconf 87' lang='lat' dir='ltr'>m.</span> <span class='ocrx_word' id='word_1_390' title='bbox 669 2780 694 2812; x_wconf 80' lang='lat'><em>2</em></span> <span class='ocrx_word' id='word_1_391' title='bbox 756 2779 798 2812; x_wconf 89' lang='grc'>19</span> <span class='ocrx_word' id='word_1_392' title='bbox 817 2777 954 2821; x_wconf 86' lang='lat' dir='ltr'>inserit]</span> <span class='ocrx_word' id='word_1_393' title='bbox 971 2776 1169 2812; x_wconf 87' lang='lat' dir='ltr'>infiseritD</span> <span class='ocrx_word' id='word_1_394' title='bbox 1240 2788 1299 2821; x_wconf 85' lang='lat' dir='ltr'>per</span> <span class='ocrx_word' id='word_1_395' title='bbox 1313 2787 1379 2811; x_wconf 84' lang='lat' dir='ltr'>om.</span> <span class='ocrx_word' id='word_1_396' title='bbox 1390 2777 1428 2812; x_wconf 88' lang='lat' dir='ltr'><em>D</em></span> <span class='ocrx_word' id='word_1_397' title='bbox 1498 2778 1544 2812; x_wconf 82' lang='lat'>20</span> <span class='ocrx_word' id='word_1_398' title='bbox 1561 2789 1622 2813; x_wconf 82' lang='lat' dir='ltr'>ua-</span> 
     </span>
     <span class='ocr_line' id='line_1_45' title="bbox 126 2833 1555 2879; baseline 0.003 -13"><span class='ocrx_word' id='word_1_399' title='bbox 126 2834 203 2874; x_wconf 80' lang='lat' dir='ltr'>gari</span> <span class='ocrx_word' id='word_1_400' title='bbox 221 2833 250 2867; x_wconf 88' lang='lat' dir='ltr'>S</span> <span class='ocrx_word' id='word_1_401' title='bbox 332 2834 376 2868; x_wconf 80' lang='lat'>24</span> <span class='ocrx_word' id='word_1_402' title='bbox 402 2834 576 2879; x_wconf 87' lang='lat' dir='ltr'>uirginita</span> <span class='ocrx_word' id='word_1_403' title='bbox 592 2835 631 2869; x_wconf 88' lang='lat' dir='ltr'><em>D</em></span> <span class='ocrx_word' id='word_1_404' title='bbox 715 2836 761 2869; x_wconf 75' lang='lat'>25</span> <span class='ocrx_word' id='word_1_405' title='bbox 786 2835 905 2879; x_wconf 85' lang='lat' dir='ltr'>itaque</span> <span class='ocrx_word' id='word_1_406' title='bbox 923 2845 978 2868; x_wconf 88' lang='lat' dir='ltr'>mc</span> <span class='ocrx_word' id='word_1_407' title='bbox 997 2845 1017 2869; x_wconf 91' lang='lat' dir='ltr'><em>v</em></span> <span class='ocrx_word' id='word_1_408' title='bbox 1113 2834 1314 2878; x_wconf 78' lang='lat' dir='ltr'>timentem]</span> <span class='ocrx_word' id='word_1_409' title='bbox 1334 2833 1517 2869; x_wconf 86' lang='lat' dir='ltr'>docentem</span> <span class='ocrx_word' id='word_1_410' title='bbox 1535 2847 1555 2871; x_wconf 89' lang='grc' dir='ltr'><strong><em>υ</em></strong></span> 
     </span>
     <span class='ocr_line' id='line_1_46' title="bbox 120 2882 1542 2935; baseline 0.004 -13"><span class='ocrx_word' id='word_1_411' title='bbox 120 2888 166 2923; x_wconf 76' lang='grc'>26</span> <span class='ocrx_word' id='word_1_412' title='bbox 182 2889 264 2924; x_wconf 83' lang='lat' dir='ltr'>audi</span> <span class='ocrx_word' id='word_1_413' title='bbox 283 2891 333 2926; x_wconf 85' lang='lat' dir='ltr'><strong><em>W</em></strong></span> <span class='ocrx_word' id='word_1_414' title='bbox 341 2895 345 2911; x_wconf 92' lang='lat'><strong>¹</strong></span> <span class='ocrx_word' id='word_1_415' title='bbox 418 2891 463 2924; x_wconf 58' lang='lat'>25</span> <span class='ocrx_word' id='word_1_416' title='bbox 480 2893 554 2925; x_wconf 80' lang='lat' dir='ltr'>esto</span> <span class='ocrx_word' id='word_1_417' title='bbox 572 2891 657 2926; x_wconf 84' lang='lat' dir='ltr'>talis</span> <span class='ocrx_word' id='word_1_418' title='bbox 674 2891 712 2926; x_wconf 94' lang='lat' dir='ltr'><em>D</em></span> <span class='ocrx_word' id='word_1_419' title='bbox 796 2893 907 2935; x_wconf 82' lang='lat' dir='ltr'>patris</span> <span class='ocrx_word' id='word_1_420' title='bbox 930 2902 1054 2926; x_wconf 86' lang='lat' dir='ltr'>manus</span> <span class='ocrx_word' id='word_1_421' title='bbox 1072 2901 1115 2925; x_wconf 61' lang='grc' dir='ltr'>επ</span> <span class='ocrx_word' id='word_1_422' title='bbox 1132 2882 1173 2925; x_wconf 66' lang='grc'>113</span> <span class='ocrx_word' id='word_1_423' title='bbox 1191 2891 1262 2924; x_wconf 83' lang='lat' dir='ltr'>aris</span> <span class='ocrx_word' id='word_1_424' title='bbox 1281 2901 1406 2925; x_wconf 85' lang='lat' dir='ltr'>manus</span> <span class='ocrx_word' id='word_1_425' title='bbox 1423 2892 1451 2925; x_wconf 94' lang='lat' dir='ltr'>S</span> <span class='ocrx_word' id='word_1_426' title='bbox 1463 2903 1505 2926; x_wconf 86' lang='lat' dir='ltr'>m.</span> <span class='ocrx_word' id='word_1_427' title='bbox 1524 2896 1542 2927; x_wconf 93' lang='lat'><strong><em>1</em></strong></span> 
     </span>
    </p>
   </div>
  </div>
 </body>
</html>
