1838 3152
201 209 296 250 v¹700
741 207 936 243 Caecilii
967 207 1183 252 Cypriani

210 311 383 365 largiter
404 311 587 353 subsidia
607 311 841 353 nummaria
858 311 1056 353 fratribus
1074 312 1348 366 contulerunt,
1371 324 1530 366 semper
1547 313 1714 366 quidem

212 380 438 422 secundum
460 380 555 421 fidei
577 393 673 421 suae
695 380 940 422 firmitatem
969 380 1021 422 ad
1050 392 1149 433 opus
1171 381 1248 422 Dei
1278 381 1407 434 proni,
1439 394 1546 423 nunc
1577 383 1717 424 tamen

210 449 344 502 magis
386 449 437 489 ad
469 461 588 501 opera
619 448 818 490 salutaria
849 449 1194 501 contemplatione
1225 449 1331 490 tanti
1364 450 1514 491 doloris
1546 450 1715 492 accensi.

209 529 305 558 nam
328 529 421 558 cum
442 517 644 558 Dominus
675 518 717 559 in
750 517 963 571 euangelio
992 529 1064 558 suo
1096 518 1226 559 dicat:
1259 518 1508 560 infirmus
1539 519 1635 570 fui,
1669 520 1717 560 et

210 585 488 627 uisitastis
527 599 621 636 me,
670 586 822 639 quanto
862 598 956 626 cum
994 586 1146 627 maiore
1185 586 1317 639 operis
1356 587 1487 629 nostri
1525 588 1709 629 mercede
1725 602 1738 626 5

210 655 395 696 dicturus
436 655 520 697 est:
565 655 807 707 captiuus
846 654 942 708 fui,
990 656 1039 696 et
1077 655 1382 696 redemistis
1421 668 1505 696 me.
1552 657 1592 697 et
1623 669 1716 697 cum

210 723 340 764 denuo
380 724 509 766 dicat:
550 725 601 765 in
641 736 845 766 carcere
885 723 983 774 fui,
1031 724 1079 765 et
1111 723 1387 765 uisitastis
1427 737 1522 778 me,
1564 726 1715 777 quanto

209 793 302 845 plus
325 794 387 834 est
411 805 504 834 cum
536 793 713 846 coeperit
745 792 897 834 dicere:
930 793 980 833 in
1011 804 1215 834 carcere
1247 793 1591 846 captiuitatis
1624 793 1714 843 fui,

209 861 258 902 et
289 861 499 904 clausus
540 862 588 903 et
627 862 839 902 uinctus
885 861 1017 913 apud
1049 861 1312 904 barbaros
1357 862 1515 912 iacui,
1564 863 1612 904 et
1659 863 1716 904 de

205 942 406 972 carcere
436 930 533 971 illo
566 929 849 971 seruitutis
880 930 1157 972 liberastis
1188 943 1283 981 me,
1325 944 1418 973 cum
1449 931 1592 972 iudicii
1625 931 1761 973 dies10

207 999 368 1040 uenerit
388 999 619 1052 praemium
641 1000 690 1040 de
712 999 887 1041 Domino
909 999 1145 1052 recepturi?
1178 999 1350 1052 denique
1372 1000 1572 1042 maximas
1595 1000 1712 1042 uobis

208 1068 365 1122 gratias
397 1068 559 1123 agimus
582 1068 690 1121 quod
710 1080 783 1110 nos
816 1068 978 1110 uestrae
1008 1068 1300 1110 sollicitudinis
1330 1070 1371 1110 et
1400 1069 1488 1110 tam
1516 1068 1644 1111 bonae
1674 1071 1714 1111 et

205 1137 454 1179 necessariae
476 1137 722 1190 operationis
744 1137 964 1190 participes
986 1149 1072 1179 esse
1089 1138 1293 1188 uoluistis,
1317 1138 1364 1179 ut
1380 1137 1580 1180 offerretis
1598 1137 1714 1179 nobis

212 1218 331 1260 agros
362 1207 518 1257 uberes,
549 1207 591 1248 in
613 1207 762 1259 quibus
786 1206 871 1259 spei
892 1207 1054 1248 nostrae
1077 1207 1234 1249 semina
1265 1207 1538 1257 mitteremus,
1572 1219 1714 1260 expec-

209 1276 340 1316 taturi
362 1288 538 1318 messem
567 1276 616 1317 de
648 1276 918 1329 amplissimis
949 1275 1154 1318 fructibus
1186 1276 1257 1330 qui
1289 1277 1338 1318 de
1367 1276 1443 1318 hac
1475 1276 1643 1318 caelesti
1675 1277 1715 1318 et
1730 1289 1761 1314 15

206 1344 381 1385 salutari
412 1345 644 1397 operatione
666 1345 924 1398 proueniunt.
962 1345 1154 1386 misimus
1175 1346 1316 1387 autem
1338 1345 1529 1387 sestertia
1551 1345 1716 1386 centum

206 1413 327 1455 milia
347 1426 626 1465 nummorum,
650 1426 753 1467 quae
774 1415 870 1456 istic
890 1414 934 1455 in
955 1414 1126 1456 ecclesia
1148 1415 1214 1456 cui
1237 1415 1285 1456 de
1306 1413 1474 1456 Domini
1496 1414 1715 1468 indulgen—

205 1482 267 1524 tia
303 1495 544 1535 praesumus
582 1483 680 1525 cleri
716 1484 757 1525 et
792 1483 925 1536 plebis
961 1484 1070 1536 apud
1097 1495 1169 1525 nos
1200 1483 1461 1525 consistentis
1496 1483 1714 1525 collatione

210 1552 386 1593 collecta
408 1553 516 1603 sunt,
540 1565 643 1605 quae
665 1564 737 1594 uos
759 1552 848 1594 illic
869 1565 940 1606 pro
963 1553 1100 1594 uestra
1122 1553 1339 1607 diligentia
1362 1552 1667 1605 dispensabitis.

168 1627 189 1666 5
264 1621 319 1662 Et
341 1622 533 1675 optamus
556 1621 723 1674 quidem
745 1622 852 1663 nihil
873 1622 956 1664 tale
979 1622 1027 1663 de
1051 1622 1183 1663 cetero
1207 1621 1295 1664 fieri
1318 1623 1358 1663 et
1380 1621 1529 1663 fratres
1550 1622 1709 1664 nostros
1730 1634 1763 1661 20

205 1690 374 1732 Domini
414 1690 631 1732 maiestate
671 1691 874 1745 protectos
916 1691 965 1733 ab
1008 1690 1210 1733 eiusmodi
1250 1691 1444 1744 periculis
1484 1691 1712 1732 incolumes

204 1759 416 1801 reseruari.
455 1760 490 1800 si
519 1760 657 1801 tamen
690 1759 742 1802 ad
764 1761 1057 1813 explorandam
1093 1760 1222 1802 animi
1258 1760 1387 1802 nostri
1425 1760 1643 1802 caritatem
1672 1760 1712 1801 et

204 1829 518 1870 examinandam
551 1829 682 1871 nostri
711 1830 886 1883 pectoris
907 1830 1031 1872 fidem
1053 1830 1138 1871 tale
1160 1829 1318 1883 aliquid
1340 1829 1547 1880 acciderit,
1583 1829 1711 1871 nolite

204 1898 391 1940 cunctari
413 1897 603 1940 nuntiare
624 1898 724 1940 haec
745 1898 862 1940 nobis
891 1898 1045 1940 litteris
1075 1898 1240 1949 uestris,
1270 1911 1341 1951 pro
1373 1899 1482 1940 certo
1511 1898 1709 1940 habentes

203 1967 245 2008 et
274 1967 447 2009 scientes
484 1967 699 2009 ecclesiam
734 1969 917 2010 nostram
947 1968 989 2010 et
1017 1967 1322 2009 fraternitatem
1350 1967 1446 2009 istic
1474 1967 1710 2009 uniuersam
1724 1980 1756 2005 25

202 2049 253 2077 ne
283 2036 381 2077 haec
412 2036 523 2077 ultra
553 2036 654 2078 fiant
684 2037 873 2090 precibus
905 2049 1031 2088 orare,
1063 2037 1098 2078 si
1129 2037 1240 2078 facta
1268 2036 1433 2087 fuerint,
1465 2036 1642 2078 libenter
1670 2038 1710 2079 et

203 2104 377 2159 largiter
398 2103 583 2146 subsidia
604 2106 823 2158 praestare.
855 2106 902 2148 ut
930 2107 1071 2148 autem
1100 2106 1248 2147 fratres
1277 2106 1436 2147 nostros
1466 2118 1512 2147 ac
1540 2117 1708 2155 sorores,

203 2173 274 2226 qui
312 2174 363 2215 ad
400 2174 476 2215 hoc
512 2186 612 2227 opus
642 2174 731 2216 tam
759 2175 1035 2216 necessarium
1063 2176 1254 2229 prompte
1283 2187 1329 2216 ac
1357 2174 1535 2216 libenter
1555 2175 1711 2228 operati

200 2245 314 2298 sunt,
339 2245 387 2286 ut
410 2256 571 2300 semper
593 2246 824 2299 operentur,
846 2245 890 2286 in
910 2245 1046 2287 mente
1067 2245 1256 2287 habeatis
1278 2244 1530 2287 orationibus
1559 2244 1709 2286 uestris

338 2381 361 2416 4
386 2381 518 2416 Matth.
544 2382 599 2424 25,
627 2383 680 2417 36.

270 2496 290 2529 1
308 2497 470 2530 numaria
487 2510 512 2540 μ
683 2497 705 2531 5
722 2496 869 2541 quanto]
889 2507 981 2530 nunc
998 2506 1136 2540 quoque
1155 2496 1241 2530 add.
1259 2507 1279 2531 v
1454 2495 1475 2529 6
1493 2495 1529 2528 et
1546 2505 1625 2529 cum
1647 2521 1653 2527 .
1671 2522 1676 2528 .
1693 2522 1700 2528 .

199 2552 378 2586 uisitastis
404 2563 459 2587 me
477 2564 541 2588 om.
560 2565 580 2587 r
685 2554 705 2587 7
723 2553 904 2587 uisitastis
923 2567 958 2598 μ,
985 2553 1137 2587 uenistis
1155 2553 1199 2587 ad
1216 2565 1236 2588 v
1342 2554 1364 2587 8
1383 2553 1475 2597 cum]
1500 2563 1626 2596 equom
1643 2563 1663 2586 r

200 2610 238 2644 in
256 2620 390 2644 carcere
408 2611 444 2644 in
463 2621 598 2645 carcere
617 2624 641 2655 μ
781 2611 802 2644 9
821 2612 938 2645 clusus
957 2624 981 2655 μ
1125 2611 1169 2644 10
1185 2611 1277 2655 cum]
1305 2621 1410 2654 quom
1428 2621 1447 2644 2·
1464 2614 1505 2645 ut
1522 2621 1662 2654 semper

200 2667 244 2701 12
263 2669 299 2702 et
315 2668 364 2712 n.]
391 2679 431 2702 ac
447 2668 664 2702 necessariae
681 2680 702 2703 v
888 2668 1116 2712 operationis]
1145 2668 1318 2702 orationis
1336 2679 1382 2712 νμ
1571 2668 1613 2702 16
1631 2678 1707 2712 pcr-

199 2725 350 2759 ueniunt
367 2737 386 2760 r
533 2726 739 2760 sestertium
757 2737 783 2760 c.
804 2737 849 2760 m.
868 2737 1053 2760 nummum
1078 2726 1241 2760 Groneia.
1262 2726 1319 2760 zib.
1338 2725 1396 2760 De
1413 2729 1494 2760 sest.
1514 2737 1551 2760 u.
1570 2728 1615 2760 18

200 2783 242 2817 17
261 2783 330 2827 cui]
350 2783 478 2827 quibus
495 2794 514 2817 r
680 2784 726 2818 20
743 2783 885 2827 quidem
902 2783 1009 2828 nihil]
1028 2794 1071 2817 ne
1090 2782 1176 2827 quid
1192 2794 1212 2817 r
1375 2783 1419 2817 22
1437 2781 1643 2827 explorandi
1661 2792 1708 2825 νμ

199 2841 315 2875 nostri
333 2842 443 2875 animi
461 2854 481 2876 υ
619 2842 664 2877 23
679 2841 902 2876 examinandi
919 2853 939 2876 r
1077 2842 1123 2876 25
1140 2844 1176 2876 et
1192 2842 1346 2877 scientes
1364 2852 1430 2876 om.
1448 2853 1469 2876 v
1607 2840 1651 2874 29
1670 2839 1709 2874 in

195 2897 422 2934 orationibus
439 2910 459 2933 υ
