<?xml version="1.0" encoding="UTF-8"?>
<!DOCTYPE html PUBLIC "-//W3C//DTD XHTML 1.0 Transitional//EN"
    "http://www.w3.org/TR/xhtml1/DTD/xhtml1-transitional.dtd">
<html xmlns="http://www.w3.org/1999/xhtml" xml:lang="en" lang="en">
 <head>
  <title>
</title>
<meta http-equiv="Content-Type" content="text/html;charset=utf-8" />
  <meta name='ocr-system' content='tesseract 3.04.00' />
  <meta name='ocr-capabilities' content='ocr_page ocr_carea ocr_par ocr_line ocrx_word'/>
</head>
<body>
  <div class='ocr_page' id='page_1' title='image "./corpusscriptor203cypruoft/corpusscriptor203cypruoft_0298.png"; bbox 0 0 1912 3152; ppageno 0'>
   <div class='ocr_carea' id='block_1_1' title="bbox 267 193 1232 240">
    <p class='ocr_par' dir='ltr' id='par_1_1' title="bbox 267 193 1232 240">
     <span class='ocr_line' id='line_1_1' title="bbox 267 193 1232 240; baseline -0.013 0"><span class='ocrx_word' id='word_1_1' title='bbox 267 198 351 240; x_wconf 77' lang='grc'>288</span> <span class='ocrx_word' id='word_1_2' title='bbox 785 194 984 231; x_wconf 86' lang='lat' dir='ltr'>Caecilii</span> <span class='ocrx_word' id='word_1_3' title='bbox 1011 193 1232 239; x_wconf 79' lang='lat' dir='ltr'>Cypriani</span> 
     </span>
    </p>
   </div>
   <div class='ocr_carea' id='block_1_2' title="bbox 187 297 1821 2289">
    <p class='ocr_par' dir='ltr' id='par_1_2' title="bbox 261 297 1821 1182">
     <span class='ocr_line' id='line_1_2' title="bbox 267 297 1773 352; baseline 0 -11"><span class='ocrx_word' id='word_1_4' title='bbox 267 299 323 341; x_wconf 87' lang='lat' dir='ltr'>sit</span> <span class='ocrx_word' id='word_1_5' title='bbox 344 298 435 340; x_wconf 87' lang='lat' dir='ltr'>uita</span> <span class='ocrx_word' id='word_1_6' title='bbox 457 299 641 348; x_wconf 86' lang='lat' dir='ltr'>aeterna,</span> <span class='ocrx_word' id='word_1_7' title='bbox 674 300 978 341; x_wconf 85' lang='lat' dir='ltr'>sacramentum</span> <span class='ocrx_word' id='word_1_8' title='bbox 999 298 1111 341; x_wconf 82' lang='lat' dir='ltr'>uitae</span> <span class='ocrx_word' id='word_1_9' title='bbox 1142 310 1295 352; x_wconf 86' lang='lat' dir='ltr'>magna</span> <span class='ocrx_word' id='word_1_10' title='bbox 1326 299 1366 339; x_wconf 89' lang='lat' dir='ltr'>et</span> <span class='ocrx_word' id='word_1_11' title='bbox 1398 297 1539 340; x_wconf 85' lang='lat' dir='ltr'>diuina</span> <span class='ocrx_word' id='word_1_12' title='bbox 1568 297 1773 341; x_wconf 84' lang='lat' dir='ltr'>breuitate</span> 
     </span>
     <span class='ocr_line' id='line_1_3' title="bbox 267 366 1776 422; baseline -0.001 -12"><span class='ocrx_word' id='word_1_13' title='bbox 267 367 485 422; x_wconf 81' lang='lat' dir='ltr'>conplexus</span> <span class='ocrx_word' id='word_1_14' title='bbox 521 368 584 409; x_wconf 87' lang='lat' dir='ltr'>est</span> <span class='ocrx_word' id='word_1_15' title='bbox 620 366 777 408; x_wconf 87' lang='lat' dir='ltr'>dicens:</span> <span class='ocrx_word' id='word_1_16' title='bbox 823 367 943 409; x_wconf 88' lang='lat' dir='ltr'>haec</span> <span class='ocrx_word' id='word_1_17' title='bbox 985 368 1062 409; x_wconf 88' lang='lat' dir='ltr'>est</span> <span class='ocrx_word' id='word_1_18' title='bbox 1104 368 1275 408; x_wconf 88' lang='lat' dir='ltr'>autem</span> <span class='ocrx_word' id='word_1_19' title='bbox 1315 366 1429 409; x_wconf 88' lang='lat' dir='ltr'>uita</span> <span class='ocrx_word' id='word_1_20' title='bbox 1474 368 1684 409; x_wconf 87' lang='lat' dir='ltr'>aeterna</span> <span class='ocrx_word' id='word_1_21' title='bbox 1719 369 1776 409; x_wconf 87' lang='lat' dir='ltr'>ut</span> 
     </span>
     <span class='ocr_line' id='line_1_4' title="bbox 267 435 1775 491; baseline -0.001 -13"><span class='ocrx_word' id='word_1_22' title='bbox 267 437 582 491; x_wconf 71' lang='lat' dir='ltr'>cognoscant</span> <span class='ocrx_word' id='word_1_23' title='bbox 627 437 676 477; x_wconf 85' lang='lat' dir='ltr'>te</span> <span class='ocrx_word' id='word_1_24' title='bbox 722 436 889 477; x_wconf 89' lang='lat' dir='ltr'>solum</span> <span class='ocrx_word' id='word_1_25' title='bbox 920 437 970 478; x_wconf 90' lang='lat' dir='ltr'>et</span> <span class='ocrx_word' id='word_1_26' title='bbox 1001 448 1177 477; x_wconf 85' lang='lat' dir='ltr'>uerum</span> <span class='ocrx_word' id='word_1_27' title='bbox 1218 435 1376 477; x_wconf 89' lang='lat' dir='ltr'>Deum</span> <span class='ocrx_word' id='word_1_28' title='bbox 1415 436 1465 477; x_wconf 89' lang='lat' dir='ltr'>et</span> <span class='ocrx_word' id='word_1_29' title='bbox 1502 447 1649 489; x_wconf 90' lang='lat' dir='ltr'>quem</span> <span class='ocrx_word' id='word_1_30' title='bbox 1686 436 1775 478; x_wconf 90' lang='lat' dir='ltr'>mi-</span> 
     </span>
     <span class='ocr_line' id='line_1_5' title="bbox 266 503 1775 559; baseline 0.001 -13"><span class='ocrx_word' id='word_1_31' title='bbox 266 504 393 547; x_wconf 89' lang='lat' dir='ltr'>sisti</span> <span class='ocrx_word' id='word_1_32' title='bbox 425 504 594 546; x_wconf 87' lang='lat' dir='ltr'>Iesum</span> <span class='ocrx_word' id='word_1_33' title='bbox 625 503 905 547; x_wconf 85' lang='lat' dir='ltr'>Christum.</span> <span class='ocrx_word' id='word_1_34' title='bbox 938 505 1040 546; x_wconf 87' lang='lat' dir='ltr'>item</span> <span class='ocrx_word' id='word_1_35' title='bbox 1063 516 1155 545; x_wconf 87' lang='lat' dir='ltr'>cum</span> <span class='ocrx_word' id='word_1_36' title='bbox 1178 503 1227 546; x_wconf 88' lang='lat' dir='ltr'>de</span> <span class='ocrx_word' id='word_1_37' title='bbox 1249 504 1341 559; x_wconf 90' lang='lat' dir='ltr'>lege</span> <span class='ocrx_word' id='word_1_38' title='bbox 1363 505 1404 546; x_wconf 92' lang='lat' dir='ltr'>et</span> <span class='ocrx_word' id='word_1_39' title='bbox 1424 504 1634 558; x_wconf 87' lang='lat' dir='ltr'>prophetis</span> <span class='ocrx_word' id='word_1_40' title='bbox 1655 517 1775 558; x_wconf 85' lang='lat' dir='ltr'>prae-</span> 
     </span>
     <span class='ocr_line' id='line_1_6' title="bbox 266 573 1821 628; baseline -0.002 -13"><span class='ocrx_word' id='word_1_41' title='bbox 266 575 383 628; x_wconf 89' lang='lat' dir='ltr'>cepta</span> <span class='ocrx_word' id='word_1_42' title='bbox 403 574 540 627; x_wconf 86' lang='lat' dir='ltr'>prima</span> <span class='ocrx_word' id='word_1_43' title='bbox 561 575 602 616; x_wconf 89' lang='lat' dir='ltr'>et</span> <span class='ocrx_word' id='word_1_44' title='bbox 624 574 781 616; x_wconf 87' lang='lat' dir='ltr'>maiora</span> <span class='ocrx_word' id='word_1_45' title='bbox 803 575 1052 628; x_wconf 72' lang='lat' dir='ltr'>decerperet,</span> <span class='ocrx_word' id='word_1_46' title='bbox 1093 573 1239 624; x_wconf 85' lang='lat' dir='ltr'>audi,</span> <span class='ocrx_word' id='word_1_47' title='bbox 1271 573 1428 627; x_wconf 85' lang='lat' dir='ltr'>inquit,</span> <span class='ocrx_word' id='word_1_48' title='bbox 1461 573 1650 616; x_wconf 86' lang='lat' dir='ltr'>Israel:</span> <span class='ocrx_word' id='word_1_49' title='bbox 1681 574 1776 615; x_wconf 93' lang='lat' dir='ltr'>Do-</span> <span class='ocrx_word' id='word_1_50' title='bbox 1806 586 1821 612; x_wconf 89' lang='lat'>5</span> 
     </span>
     <span class='ocr_line' id='line_1_7' title="bbox 264 643 1776 698; baseline -0.001 -13"><span class='ocrx_word' id='word_1_51' title='bbox 264 643 435 685; x_wconf 87' lang='lat' dir='ltr'>minus</span> <span class='ocrx_word' id='word_1_52' title='bbox 465 644 598 686; x_wconf 90' lang='lat' dir='ltr'>Deus</span> <span class='ocrx_word' id='word_1_53' title='bbox 629 645 748 685; x_wconf 89' lang='lat' dir='ltr'>tuus</span> <span class='ocrx_word' id='word_1_54' title='bbox 779 644 1026 685; x_wconf 78' lang='lat' dir='ltr'>Dominus</span> <span class='ocrx_word' id='word_1_55' title='bbox 1057 655 1184 684; x_wconf 88' lang='lat' dir='ltr'>unus</span> <span class='ocrx_word' id='word_1_56' title='bbox 1215 645 1313 694; x_wconf 88' lang='lat' dir='ltr'>est,</span> <span class='ocrx_word' id='word_1_57' title='bbox 1352 645 1413 685; x_wconf 84' lang='lat' dir='ltr'>et:</span> <span class='ocrx_word' id='word_1_58' title='bbox 1459 643 1651 698; x_wconf 79' lang='lat' dir='ltr'>diliges</span> <span class='ocrx_word' id='word_1_59' title='bbox 1681 644 1776 684; x_wconf 91' lang='lat' dir='ltr'>Do-</span> 
     </span>
     <span class='ocr_line' id='line_1_8' title="bbox 264 711 1777 755; baseline 0.001 -3"><span class='ocrx_word' id='word_1_60' title='bbox 264 711 453 754; x_wconf 88' lang='lat' dir='ltr'>minum</span> <span class='ocrx_word' id='word_1_61' title='bbox 499 713 656 755; x_wconf 91' lang='lat' dir='ltr'>Deum</span> <span class='ocrx_word' id='word_1_62' title='bbox 699 714 841 754; x_wconf 89' lang='lat' dir='ltr'>tuum</span> <span class='ocrx_word' id='word_1_63' title='bbox 887 713 948 754; x_wconf 87' lang='lat' dir='ltr'>de</span> <span class='ocrx_word' id='word_1_64' title='bbox 990 713 1100 754; x_wconf 88' lang='lat' dir='ltr'>toto</span> <span class='ocrx_word' id='word_1_65' title='bbox 1149 712 1298 754; x_wconf 88' lang='lat' dir='ltr'>corde</span> <span class='ocrx_word' id='word_1_66' title='bbox 1344 713 1432 754; x_wconf 90' lang='lat' dir='ltr'>tuo</span> <span class='ocrx_word' id='word_1_67' title='bbox 1471 714 1520 754; x_wconf 83' lang='lat' dir='ltr'>et</span> <span class='ocrx_word' id='word_1_68' title='bbox 1563 713 1622 754; x_wconf 89' lang='lat' dir='ltr'>de</span> <span class='ocrx_word' id='word_1_69' title='bbox 1661 713 1777 754; x_wconf 89' lang='lat' dir='ltr'>tota</span> 
     </span>
     <span class='ocr_line' id='line_1_9' title="bbox 265 781 1775 836; baseline 0.001 -13"><span class='ocrx_word' id='word_1_70' title='bbox 265 781 433 824; x_wconf 88' lang='lat' dir='ltr'>anima</span> <span class='ocrx_word' id='word_1_71' title='bbox 473 783 562 823; x_wconf 87' lang='lat' dir='ltr'>tua</span> <span class='ocrx_word' id='word_1_72' title='bbox 602 783 651 823; x_wconf 91' lang='lat' dir='ltr'>et</span> <span class='ocrx_word' id='word_1_73' title='bbox 693 782 747 823; x_wconf 90' lang='lat' dir='ltr'>de</span> <span class='ocrx_word' id='word_1_74' title='bbox 788 782 902 823; x_wconf 87' lang='lat' dir='ltr'>tota</span> <span class='ocrx_word' id='word_1_75' title='bbox 942 782 1144 824; x_wconf 88' lang='lat' dir='ltr'>uirtute</span> <span class='ocrx_word' id='word_1_76' title='bbox 1184 783 1283 824; x_wconf 89' lang='lat' dir='ltr'>tua.</span> <span class='ocrx_word' id='word_1_77' title='bbox 1315 781 1407 824; x_wconf 94' lang='lat' dir='ltr'>hoc</span> <span class='ocrx_word' id='word_1_78' title='bbox 1438 781 1680 836; x_wconf 83' lang='lat' dir='ltr'>primum,</span> <span class='ocrx_word' id='word_1_79' title='bbox 1726 783 1775 824; x_wconf 92' lang='lat' dir='ltr'>et</span> 
     </span>
     <span class='ocr_line' id='line_1_10' title="bbox 265 849 1775 905; baseline 0 -14"><span class='ocrx_word' id='word_1_80' title='bbox 265 850 542 893; x_wconf 85' lang='lat' dir='ltr'>secundum</span> <span class='ocrx_word' id='word_1_81' title='bbox 574 849 753 891; x_wconf 88' lang='lat' dir='ltr'>simile</span> <span class='ocrx_word' id='word_1_82' title='bbox 784 850 924 891; x_wconf 89' lang='lat' dir='ltr'>huic:</span> <span class='ocrx_word' id='word_1_83' title='bbox 956 850 1152 905; x_wconf 80' lang='lat' dir='ltr'>diliges</span> <span class='ocrx_word' id='word_1_84' title='bbox 1183 850 1469 904; x_wconf 82' lang='lat' dir='ltr'>proximum</span> <span class='ocrx_word' id='word_1_85' title='bbox 1490 851 1633 892; x_wconf 87' lang='lat' dir='ltr'>tuum</span> <span class='ocrx_word' id='word_1_86' title='bbox 1654 851 1775 892; x_wconf 86' lang='lat' dir='ltr'>tam-</span> 
     </span>
     <span class='ocr_line' id='line_1_11' title="bbox 264 918 1821 973; baseline -0.001 -14"><span class='ocrx_word' id='word_1_87' title='bbox 264 931 411 972; x_wconf 88' lang='lat' dir='ltr'>quam</span> <span class='ocrx_word' id='word_1_88' title='bbox 442 920 502 961; x_wconf 92' lang='lat' dir='ltr'>te.</span> <span class='ocrx_word' id='word_1_89' title='bbox 550 919 601 960; x_wconf 90' lang='lat' dir='ltr'>in</span> <span class='ocrx_word' id='word_1_90' title='bbox 632 918 713 960; x_wconf 90' lang='lat' dir='ltr'>his</span> <span class='ocrx_word' id='word_1_91' title='bbox 745 918 941 960; x_wconf 87' lang='lat' dir='ltr'>duobus</span> <span class='ocrx_word' id='word_1_92' title='bbox 971 919 1267 973; x_wconf 70' lang='lat' dir='ltr'>praeceptis</span> <span class='ocrx_word' id='word_1_93' title='bbox 1313 920 1432 961; x_wconf 89' lang='lat' dir='ltr'>tota</span> <span class='ocrx_word' id='word_1_94' title='bbox 1469 918 1549 960; x_wconf 81' lang='lat' dir='ltr'>lex</span> <span class='ocrx_word' id='word_1_95' title='bbox 1586 918 1821 972; x_wconf 82' lang='lat' dir='ltr'>pendetm</span> 
     </span>
     <span class='ocr_line' id='line_1_12' title="bbox 263 987 1774 1043; baseline 0.001 -14"><span class='ocrx_word' id='word_1_96' title='bbox 263 989 312 1030; x_wconf 90' lang='lat' dir='ltr'>et</span> <span class='ocrx_word' id='word_1_97' title='bbox 355 988 651 1042; x_wconf 85' lang='lat' dir='ltr'>prophetae.</span> <span class='ocrx_word' id='word_1_98' title='bbox 700 988 951 1030; x_wconf 89' lang='lat' dir='ltr'>etiterum:</span> <span class='ocrx_word' id='word_1_99' title='bbox 999 1001 1346 1043; x_wconf 87' lang='lat' dir='ltr'>quaecumque</span> <span class='ocrx_word' id='word_1_100' title='bbox 1391 987 1672 1030; x_wconf 89' lang='lat' dir='ltr'>uolueritis</span> <span class='ocrx_word' id='word_1_101' title='bbox 1716 989 1774 1030; x_wconf 91' lang='lat' dir='ltr'>ut</span> 
     </span>
     <span class='ocr_line' id='line_1_13' title="bbox 263 1056 1772 1109; baseline -0.001 -11"><span class='ocrx_word' id='word_1_102' title='bbox 263 1057 461 1099; x_wconf 82' lang='lat' dir='ltr'>faciant</span> <span class='ocrx_word' id='word_1_103' title='bbox 492 1057 638 1099; x_wconf 87' lang='lat' dir='ltr'>uobis</span> <span class='ocrx_word' id='word_1_104' title='bbox 669 1058 911 1100; x_wconf 86' lang='lat' dir='ltr'>homines</span> <span class='ocrx_word' id='word_1_105' title='bbox 942 1058 1091 1109; x_wconf 84' lang='lat' dir='ltr'>bona,</span> <span class='ocrx_word' id='word_1_106' title='bbox 1132 1058 1208 1101; x_wconf 86' lang='lat' dir='ltr'>ita</span> <span class='ocrx_word' id='word_1_107' title='bbox 1248 1059 1296 1100; x_wconf 91' lang='lat' dir='ltr'>et</span> <span class='ocrx_word' id='word_1_108' title='bbox 1327 1069 1415 1100; x_wconf 89' lang='lat' dir='ltr'>uos</span> <span class='ocrx_word' id='word_1_109' title='bbox 1446 1057 1608 1100; x_wconf 83' lang='lat' dir='ltr'>facite</span> <span class='ocrx_word' id='word_1_110' title='bbox 1639 1056 1772 1099; x_wconf 87' lang='lat' dir='ltr'>illis.</span> 
     </span>
     <span class='ocr_line' id='line_1_14' title="bbox 261 1126 1174 1182; baseline 0.003 -16"><span class='ocrx_word' id='word_1_111' title='bbox 261 1126 382 1168; x_wconf 82' lang='lat' dir='ltr'>haec</span> <span class='ocrx_word' id='word_1_112' title='bbox 412 1127 488 1168; x_wconf 89' lang='lat' dir='ltr'>est</span> <span class='ocrx_word' id='word_1_113' title='bbox 519 1126 654 1169; x_wconf 88' lang='lat' dir='ltr'>enim</span> <span class='ocrx_word' id='word_1_114' title='bbox 684 1127 764 1169; x_wconf 80' lang='lat' dir='ltr'>lex</span> <span class='ocrx_word' id='word_1_115' title='bbox 797 1129 845 1170; x_wconf 90' lang='lat' dir='ltr'>et</span> <span class='ocrx_word' id='word_1_116' title='bbox 876 1128 1174 1182; x_wconf 86' lang='lat' dir='ltr'>prophetae.</span> 
     </span>
    </p>

    <p class='ocr_par' dir='ltr' id='par_1_3' title="bbox 191 1193 1821 1805">
     <span class='ocr_line' id='line_1_15' title="bbox 191 1193 1769 1249; baseline 0.002 -15"><span class='ocrx_word' id='word_1_117' title='bbox 191 1193 244 1233; x_wconf 80' lang='lat'>29</span> <span class='ocrx_word' id='word_1_118' title='bbox 317 1194 404 1237; x_wconf 86' lang='lat' dir='ltr'>Nec</span> <span class='ocrx_word' id='word_1_119' title='bbox 425 1195 562 1238; x_wconf 87' lang='lat' dir='ltr'>uerbis</span> <span class='ocrx_word' id='word_1_120' title='bbox 584 1197 752 1238; x_wconf 86' lang='lat' dir='ltr'>tantum</span> <span class='ocrx_word' id='word_1_121' title='bbox 773 1197 845 1239; x_wconf 88' lang='lat' dir='ltr'>sed</span> <span class='ocrx_word' id='word_1_122' title='bbox 874 1198 915 1239; x_wconf 89' lang='lat' dir='ltr'>et</span> <span class='ocrx_word' id='word_1_123' title='bbox 946 1197 1066 1239; x_wconf 85' lang='lat' dir='ltr'>factis</span> <span class='ocrx_word' id='word_1_124' title='bbox 1103 1197 1213 1239; x_wconf 86' lang='lat' dir='ltr'>Deus</span> <span class='ocrx_word' id='word_1_125' title='bbox 1250 1208 1362 1239; x_wconf 87' lang='lat' dir='ltr'>orare</span> <span class='ocrx_word' id='word_1_126' title='bbox 1397 1207 1469 1238; x_wconf 88' lang='lat' dir='ltr'>nos</span> <span class='ocrx_word' id='word_1_127' title='bbox 1507 1195 1645 1238; x_wconf 87' lang='lat' dir='ltr'>docuit</span> <span class='ocrx_word' id='word_1_128' title='bbox 1681 1195 1769 1249; x_wconf 88' lang='lat' dir='ltr'>ipse</span> 
     </span>
     <span class='ocr_line' id='line_1_16' title="bbox 261 1264 1821 1320; baseline 0 -16"><span class='ocrx_word' id='word_1_129' title='bbox 261 1276 378 1305; x_wconf 85' lang='lat' dir='ltr'>orans</span> <span class='ocrx_word' id='word_1_130' title='bbox 400 1264 632 1318; x_wconf 86' lang='lat' dir='ltr'>frequenter</span> <span class='ocrx_word' id='word_1_131' title='bbox 653 1267 694 1308; x_wconf 89' lang='lat' dir='ltr'>et</span> <span class='ocrx_word' id='word_1_132' title='bbox 716 1265 933 1320; x_wconf 84' lang='lat' dir='ltr'>deprecans</span> <span class='ocrx_word' id='word_1_133' title='bbox 956 1267 997 1308; x_wconf 88' lang='lat' dir='ltr'>et</span> <span class='ocrx_word' id='word_1_134' title='bbox 1019 1266 1118 1319; x_wconf 89' lang='lat' dir='ltr'>quid</span> <span class='ocrx_word' id='word_1_135' title='bbox 1138 1278 1210 1308; x_wconf 88' lang='lat' dir='ltr'>nos</span> <span class='ocrx_word' id='word_1_136' title='bbox 1227 1266 1358 1308; x_wconf 83' lang='lat' dir='ltr'>facere</span> <span class='ocrx_word' id='word_1_137' title='bbox 1375 1266 1579 1319; x_wconf 88' lang='lat' dir='ltr'>oporteret</span> <span class='ocrx_word' id='word_1_138' title='bbox 1596 1264 1772 1317; x_wconf 85' lang='lat' dir='ltr'>exempli</span> <span class='ocrx_word' id='word_1_139' title='bbox 1786 1279 1821 1304; x_wconf 77' lang='lat'>15</span> 
     </span>
     <span class='ocr_line' id='line_1_17' title="bbox 260 1333 1771 1389; baseline 0.001 -15"><span class='ocrx_word' id='word_1_140' title='bbox 260 1333 324 1374; x_wconf 86' lang='lat' dir='ltr'>sui</span> <span class='ocrx_word' id='word_1_141' title='bbox 346 1333 643 1376; x_wconf 71' lang='lat' dir='ltr'>contestatione</span> <span class='ocrx_word' id='word_1_142' title='bbox 665 1335 969 1386; x_wconf 82' lang='lat' dir='ltr'>demonstrans,</span> <span class='ocrx_word' id='word_1_143' title='bbox 993 1335 1101 1377; x_wconf 89' lang='lat' dir='ltr'>sicut</span> <span class='ocrx_word' id='word_1_144' title='bbox 1123 1334 1326 1389; x_wconf 88' lang='lat' dir='ltr'>scriptum</span> <span class='ocrx_word' id='word_1_145' title='bbox 1347 1335 1429 1376; x_wconf 88' lang='lat' dir='ltr'>est:</span> <span class='ocrx_word' id='word_1_146' title='bbox 1461 1333 1571 1387; x_wconf 89' lang='lat' dir='ltr'>ipse</span> <span class='ocrx_word' id='word_1_147' title='bbox 1602 1334 1771 1375; x_wconf 88' lang='lat' dir='ltr'>autem</span> 
     </span>
     <span class='ocr_line' id='line_1_18' title="bbox 259 1402 1770 1455; baseline -0.001 -11"><span class='ocrx_word' id='word_1_148' title='bbox 259 1402 365 1445; x_wconf 87' lang='lat' dir='ltr'>fuit</span> <span class='ocrx_word' id='word_1_149' title='bbox 412 1403 654 1446; x_wconf 87' lang='lat' dir='ltr'>secedens</span> <span class='ocrx_word' id='word_1_150' title='bbox 700 1404 749 1446; x_wconf 89' lang='lat' dir='ltr'>in</span> <span class='ocrx_word' id='word_1_151' title='bbox 794 1405 1110 1446; x_wconf 84' lang='lat' dir='ltr'>solitudines</span> <span class='ocrx_word' id='word_1_152' title='bbox 1149 1406 1198 1447; x_wconf 92' lang='lat' dir='ltr'>et</span> <span class='ocrx_word' id='word_1_153' title='bbox 1236 1404 1474 1455; x_wconf 83' lang='lat' dir='ltr'>adorans,</span> <span class='ocrx_word' id='word_1_154' title='bbox 1521 1404 1562 1445; x_wconf 91' lang='lat' dir='ltr'>et</span> <span class='ocrx_word' id='word_1_155' title='bbox 1593 1403 1770 1444; x_wconf 88' lang='lat' dir='ltr'>iterum:</span> 
     </span>
     <span class='ocr_line' id='line_1_19' title="bbox 261 1471 1771 1527; baseline -0.001 -14"><span class='ocrx_word' id='word_1_156' title='bbox 261 1472 425 1514; x_wconf 84' lang='lat' dir='ltr'>exiuit</span> <span class='ocrx_word' id='word_1_157' title='bbox 456 1473 505 1514; x_wconf 93' lang='lat' dir='ltr'>in</span> <span class='ocrx_word' id='word_1_158' title='bbox 534 1474 755 1515; x_wconf 89' lang='lat' dir='ltr'>montem</span> <span class='ocrx_word' id='word_1_159' title='bbox 777 1486 921 1516; x_wconf 89' lang='lat' dir='ltr'>orare</span> <span class='ocrx_word' id='word_1_160' title='bbox 953 1475 1002 1516; x_wconf 92' lang='lat' dir='ltr'>et</span> <span class='ocrx_word' id='word_1_161' title='bbox 1032 1474 1134 1516; x_wconf 82' lang='lat' dir='ltr'>fuit</span> <span class='ocrx_word' id='word_1_162' title='bbox 1164 1474 1472 1527; x_wconf 87' lang='lat' dir='ltr'>pernoctans</span> <span class='ocrx_word' id='word_1_163' title='bbox 1503 1472 1554 1513; x_wconf 87' lang='lat' dir='ltr'>in</span> <span class='ocrx_word' id='word_1_164' title='bbox 1585 1471 1771 1514; x_wconf 88' lang='lat' dir='ltr'>oratio-</span> 
     </span>
     <span class='ocr_line' id='line_1_20' title="bbox 259 1542 1765 1597; baseline -0.001 -13"><span class='ocrx_word' id='word_1_165' title='bbox 259 1555 369 1584; x_wconf 85' lang='lat' dir='ltr'>nem</span> <span class='ocrx_word' id='word_1_166' title='bbox 399 1542 503 1584; x_wconf 89' lang='lat' dir='ltr'>Dei.</span> <span class='ocrx_word' id='word_1_167' title='bbox 539 1543 684 1596; x_wconf 86' lang='lat' dir='ltr'>quodsi</span> <span class='ocrx_word' id='word_1_168' title='bbox 714 1543 784 1584; x_wconf 89' lang='lat' dir='ltr'>ille</span> <span class='ocrx_word' id='word_1_169' title='bbox 807 1543 951 1585; x_wconf 83' lang='lat' dir='ltr'>orabat</span> <span class='ocrx_word' id='word_1_170' title='bbox 973 1543 1044 1596; x_wconf 89' lang='lat' dir='ltr'>qui</span> <span class='ocrx_word' id='word_1_171' title='bbox 1066 1543 1151 1585; x_wconf 84' lang='lat' dir='ltr'>sine</span> <span class='ocrx_word' id='word_1_172' title='bbox 1172 1544 1339 1597; x_wconf 80' lang='lat' dir='ltr'>peccato</span> <span class='ocrx_word' id='word_1_173' title='bbox 1362 1543 1470 1593; x_wconf 86' lang='lat' dir='ltr'>erat,</span> <span class='ocrx_word' id='word_1_174' title='bbox 1503 1543 1654 1596; x_wconf 86' lang='lat' dir='ltr'>quanto</span> <span class='ocrx_word' id='word_1_175' title='bbox 1675 1553 1765 1582; x_wconf 88' lang='lat' dir='ltr'>ma-</span> 
     </span>
     <span class='ocr_line' id='line_1_21' title="bbox 260 1610 1818 1666; baseline -0.001 -14"><span class='ocrx_word' id='word_1_176' title='bbox 260 1612 324 1666; x_wconf 83' lang='lat' dir='ltr'>gis</span> <span class='ocrx_word' id='word_1_177' title='bbox 354 1613 586 1665; x_wconf 82' lang='lat' dir='ltr'>peccatores</span> <span class='ocrx_word' id='word_1_178' title='bbox 619 1612 779 1665; x_wconf 80' lang='lat' dir='ltr'>oportet</span> <span class='ocrx_word' id='word_1_179' title='bbox 809 1624 942 1664; x_wconf 84' lang='lat' dir='ltr'>orare,</span> <span class='ocrx_word' id='word_1_180' title='bbox 975 1613 1016 1654; x_wconf 90' lang='lat' dir='ltr'>et</span> <span class='ocrx_word' id='word_1_181' title='bbox 1038 1612 1073 1653; x_wconf 88' lang='lat' dir='ltr'>si</span> <span class='ocrx_word' id='word_1_182' title='bbox 1095 1612 1168 1654; x_wconf 89' lang='lat' dir='ltr'>ille</span> <span class='ocrx_word' id='word_1_183' title='bbox 1189 1624 1260 1666; x_wconf 86' lang='lat' dir='ltr'>per</span> <span class='ocrx_word' id='word_1_184' title='bbox 1280 1612 1412 1654; x_wconf 84' lang='lat' dir='ltr'>totam</span> <span class='ocrx_word' id='word_1_185' title='bbox 1433 1611 1594 1653; x_wconf 88' lang='lat' dir='ltr'>noctem</span> <span class='ocrx_word' id='word_1_186' title='bbox 1616 1610 1771 1665; x_wconf 89' lang='lat' dir='ltr'>iugiter</span> <span class='ocrx_word' id='word_1_187' title='bbox 1784 1624 1818 1650; x_wconf 88' lang='lat'>20</span> 
     </span>
     <span class='ocr_line' id='line_1_22' title="bbox 259 1679 1769 1734; baseline -0.001 -13"><span class='ocrx_word' id='word_1_188' title='bbox 259 1680 438 1734; x_wconf 84' lang='lat' dir='ltr'>uigilans</span> <span class='ocrx_word' id='word_1_189' title='bbox 462 1681 664 1722; x_wconf 86' lang='lat' dir='ltr'>continuis</span> <span class='ocrx_word' id='word_1_190' title='bbox 686 1681 874 1734; x_wconf 83' lang='lat' dir='ltr'>precibus</span> <span class='ocrx_word' id='word_1_191' title='bbox 896 1681 1059 1733; x_wconf 89' lang='lat' dir='ltr'>orabat,</span> <span class='ocrx_word' id='word_1_192' title='bbox 1093 1682 1243 1734; x_wconf 82' lang='lat' dir='ltr'>quanto</span> <span class='ocrx_word' id='word_1_193' title='bbox 1264 1692 1337 1723; x_wconf 90' lang='lat' dir='ltr'>nos</span> <span class='ocrx_word' id='word_1_194' title='bbox 1358 1680 1494 1734; x_wconf 84' lang='lat' dir='ltr'>magis</span> <span class='ocrx_word' id='word_1_195' title='bbox 1516 1680 1559 1721; x_wconf 86' lang='lat' dir='ltr'>in</span> <span class='ocrx_word' id='word_1_196' title='bbox 1580 1679 1769 1734; x_wconf 86' lang='lat' dir='ltr'>frequen-</span> 
     </span>
     <span class='ocr_line' id='line_1_23' title="bbox 258 1749 1163 1805; baseline 0.002 -15"><span class='ocrx_word' id='word_1_197' title='bbox 258 1749 382 1790; x_wconf 80' lang='lat' dir='ltr'>tanda</span> <span class='ocrx_word' id='word_1_198' title='bbox 403 1749 585 1791; x_wconf 85' lang='lat' dir='ltr'>oratione</span> <span class='ocrx_word' id='word_1_199' title='bbox 607 1750 803 1792; x_wconf 86' lang='lat' dir='ltr'>debemus</span> <span class='ocrx_word' id='word_1_200' title='bbox 824 1751 943 1792; x_wconf 89' lang='lat' dir='ltr'>nocte</span> <span class='ocrx_word' id='word_1_201' title='bbox 965 1749 1163 1805; x_wconf 82' lang='lat' dir='ltr'>uigilare!</span> 
     </span>
    </p>

    <p class='ocr_par' dir='ltr' id='par_1_4' title="bbox 187 1814 1813 2289">
     <span class='ocr_line' id='line_1_24' title="bbox 187 1814 1767 1873; baseline 0 -14"><span class='ocrx_word' id='word_1_202' title='bbox 187 1814 240 1854; x_wconf 83' lang='lat'>30</span> <span class='ocrx_word' id='word_1_203' title='bbox 315 1816 470 1860; x_wconf 80' lang='lat' dir='ltr'>Orabat</span> <span class='ocrx_word' id='word_1_204' title='bbox 502 1818 641 1860; x_wconf 85' lang='lat' dir='ltr'>autem</span> <span class='ocrx_word' id='word_1_205' title='bbox 673 1818 876 1860; x_wconf 89' lang='lat' dir='ltr'>Dominus</span> <span class='ocrx_word' id='word_1_206' title='bbox 908 1819 949 1861; x_wconf 88' lang='lat' dir='ltr'>et</span> <span class='ocrx_word' id='word_1_207' title='bbox 980 1819 1152 1873; x_wconf 84' lang='lat' dir='ltr'>rogabat</span> <span class='ocrx_word' id='word_1_208' title='bbox 1182 1830 1261 1860; x_wconf 87' lang='lat' dir='ltr'>non</span> <span class='ocrx_word' id='word_1_209' title='bbox 1293 1830 1365 1873; x_wconf 87' lang='lat' dir='ltr'>pro</span> <span class='ocrx_word' id='word_1_210' title='bbox 1397 1830 1439 1860; x_wconf 91' lang='lat' dir='ltr'>se</span> <span class='ocrx_word' id='word_1_211' title='bbox 1462 1843 1515 1847; x_wconf 80' lang='lat'>-—</span> <span class='ocrx_word' id='word_1_212' title='bbox 1538 1817 1637 1871; x_wconf 88' lang='lat' dir='ltr'>quid</span> <span class='ocrx_word' id='word_1_213' title='bbox 1658 1818 1767 1859; x_wconf 91' lang='lat' dir='ltr'>enim</span> 
     </span>
     <span class='ocr_line' id='line_1_25' title="bbox 257 1887 1769 1942; baseline 0 -14"><span class='ocrx_word' id='word_1_214' title='bbox 257 1899 328 1940; x_wconf 85' lang='lat' dir='ltr'>pro</span> <span class='ocrx_word' id='word_1_215' title='bbox 360 1900 402 1929; x_wconf 82' lang='lat' dir='ltr'>se</span> <span class='ocrx_word' id='word_1_216' title='bbox 432 1888 622 1930; x_wconf 84' lang='lat' dir='ltr'>innocens</span> <span class='ocrx_word' id='word_1_217' title='bbox 654 1889 915 1942; x_wconf 76' lang='lat' dir='ltr'>precaretur?</span> <span class='ocrx_word' id='word_1_218' title='bbox 938 1913 991 1917; x_wconf 84' lang='lat'>—</span> <span class='ocrx_word' id='word_1_219' title='bbox 1015 1889 1084 1930; x_wconf 90' lang='lat' dir='ltr'>sed</span> <span class='ocrx_word' id='word_1_220' title='bbox 1106 1900 1178 1942; x_wconf 88' lang='lat' dir='ltr'>pro</span> <span class='ocrx_word' id='word_1_221' title='bbox 1201 1888 1364 1930; x_wconf 89' lang='lat' dir='ltr'>delictis</span> <span class='ocrx_word' id='word_1_222' title='bbox 1386 1887 1558 1938; x_wconf 83' lang='lat' dir='ltr'>nostris,</span> <span class='ocrx_word' id='word_1_223' title='bbox 1591 1887 1698 1929; x_wconf 89' lang='lat' dir='ltr'>sicut</span> <span class='ocrx_word' id='word_1_224' title='bbox 1729 1887 1769 1928; x_wconf 89' lang='lat' dir='ltr'>et</span> 
     </span>
     <span class='ocr_line' id='line_1_26' title="bbox 256 1956 1813 2009; baseline 0 -11"><span class='ocrx_word' id='word_1_225' title='bbox 256 1956 343 2009; x_wconf 82' lang='lat' dir='ltr'>ipse</span> <span class='ocrx_word' id='word_1_226' title='bbox 379 1957 562 1999; x_wconf 84' lang='lat' dir='ltr'>declarat</span> <span class='ocrx_word' id='word_1_227' title='bbox 598 1970 691 1999; x_wconf 86' lang='lat' dir='ltr'>cum</span> <span class='ocrx_word' id='word_1_228' title='bbox 728 1957 830 1999; x_wconf 88' lang='lat' dir='ltr'>dicit</span> <span class='ocrx_word' id='word_1_229' title='bbox 864 1958 914 1999; x_wconf 83' lang='lat' dir='ltr'>ad</span> <span class='ocrx_word' id='word_1_230' title='bbox 950 1958 1146 2000; x_wconf 87' lang='lat' dir='ltr'>Petrum:</span> <span class='ocrx_word' id='word_1_231' title='bbox 1193 1970 1305 2000; x_wconf 90' lang='lat' dir='ltr'>ecce</span> <span class='ocrx_word' id='word_1_232' title='bbox 1345 1958 1550 2000; x_wconf 82' lang='lat' dir='ltr'>satanas</span> <span class='ocrx_word' id='word_1_233' title='bbox 1594 1957 1813 2009; x_wconf 85' lang='lat' dir='ltr'>postu-25</span> 
     </span>
     <span class='ocr_line' id='line_1_27' title="bbox 256 2026 1769 2082; baseline 0 -15"><span class='ocrx_word' id='word_1_234' title='bbox 256 2026 400 2067; x_wconf 81' lang='lat' dir='ltr'>labat</span> <span class='ocrx_word' id='word_1_235' title='bbox 431 2027 485 2068; x_wconf 92' lang='lat' dir='ltr'>ut</span> <span class='ocrx_word' id='word_1_236' title='bbox 516 2038 604 2068; x_wconf 88' lang='lat' dir='ltr'>uos</span> <span class='ocrx_word' id='word_1_237' title='bbox 636 2028 851 2069; x_wconf 85' lang='lat' dir='ltr'>uexaret</span> <span class='ocrx_word' id='word_1_238' title='bbox 882 2027 1130 2080; x_wconf 87' lang='lat' dir='ltr'>quomodo</span> <span class='ocrx_word' id='word_1_239' title='bbox 1162 2027 1418 2069; x_wconf 85' lang='lat' dir='ltr'>triticum.</span> <span class='ocrx_word' id='word_1_240' title='bbox 1468 2040 1557 2082; x_wconf 85' lang='lat' dir='ltr'>ego</span> <span class='ocrx_word' id='word_1_241' title='bbox 1598 2027 1769 2068; x_wconf 87' lang='lat' dir='ltr'>autem</span> 
     </span>
     <span class='ocr_line' id='line_1_28' title="bbox 256 2096 1767 2150; baseline 0.001 -15"><span class='ocrx_word' id='word_1_242' title='bbox 256 2096 440 2150; x_wconf 82' lang='lat' dir='ltr'>rogaui</span> <span class='ocrx_word' id='word_1_243' title='bbox 471 2108 556 2149; x_wconf 89' lang='lat' dir='ltr'>pro</span> <span class='ocrx_word' id='word_1_244' title='bbox 588 2098 659 2147; x_wconf 85' lang='lat' dir='ltr'>te,</span> <span class='ocrx_word' id='word_1_245' title='bbox 692 2109 749 2138; x_wconf 87' lang='lat' dir='ltr'>ne</span> <span class='ocrx_word' id='word_1_246' title='bbox 782 2096 1003 2138; x_wconf 80' lang='lat' dir='ltr'>deficiat</span> <span class='ocrx_word' id='word_1_247' title='bbox 1035 2096 1171 2138; x_wconf 84' lang='lat' dir='ltr'>fides</span> <span class='ocrx_word' id='word_1_248' title='bbox 1203 2097 1302 2139; x_wconf 82' lang='lat' dir='ltr'>tua.</span> <span class='ocrx_word' id='word_1_249' title='bbox 1348 2097 1388 2138; x_wconf 85' lang='lat' dir='ltr'>et</span> <span class='ocrx_word' id='word_1_250' title='bbox 1411 2096 1673 2149; x_wconf 84' lang='lat' dir='ltr'>postmodum</span> <span class='ocrx_word' id='word_1_251' title='bbox 1695 2107 1767 2149; x_wconf 82' lang='lat' dir='ltr'>pro</span> 
     </span>
     <span class='ocr_line' id='line_1_29' title="bbox 257 2164 1768 2219; baseline 0.002 -15"><span class='ocrx_word' id='word_1_252' title='bbox 257 2164 445 2207; x_wconf 82' lang='lat' dir='ltr'>omnibus</span> <span class='ocrx_word' id='word_1_253' title='bbox 461 2167 622 2218; x_wconf 83' lang='lat' dir='ltr'>patrem</span> <span class='ocrx_word' id='word_1_254' title='bbox 639 2166 878 2219; x_wconf 79' lang='lat' dir='ltr'>deprecatur</span> <span class='ocrx_word' id='word_1_255' title='bbox 895 2167 1052 2208; x_wconf 82' lang='lat' dir='ltr'>dicens:</span> <span class='ocrx_word' id='word_1_256' title='bbox 1089 2178 1184 2207; x_wconf 89' lang='lat' dir='ltr'>non</span> <span class='ocrx_word' id='word_1_257' title='bbox 1216 2179 1302 2218; x_wconf 85' lang='lat' dir='ltr'>pro</span> <span class='ocrx_word' id='word_1_258' title='bbox 1334 2166 1415 2207; x_wconf 86' lang='lat' dir='ltr'>his</span> <span class='ocrx_word' id='word_1_259' title='bbox 1447 2166 1617 2207; x_wconf 79' lang='lat' dir='ltr'>autem</span> <span class='ocrx_word' id='word_1_260' title='bbox 1648 2177 1768 2219; x_wconf 88' lang='lat' dir='ltr'>rogo</span> 
     </span>
     <span class='ocr_line' id='line_1_30' title="bbox 258 2234 1768 2289; baseline 0.001 -16"><span class='ocrx_word' id='word_1_261' title='bbox 258 2234 392 2274; x_wconf 82' lang='lat' dir='ltr'>solis</span> <span class='ocrx_word' id='word_1_262' title='bbox 424 2235 508 2276; x_wconf 86' lang='lat' dir='ltr'>sed</span> <span class='ocrx_word' id='word_1_263' title='bbox 541 2236 588 2276; x_wconf 92' lang='lat' dir='ltr'>et</span> <span class='ocrx_word' id='word_1_264' title='bbox 619 2247 706 2287; x_wconf 84' lang='lat' dir='ltr'>pro</span> <span class='ocrx_word' id='word_1_265' title='bbox 738 2235 854 2276; x_wconf 89' lang='lat' dir='ltr'>illis</span> <span class='ocrx_word' id='word_1_266' title='bbox 887 2236 971 2289; x_wconf 81' lang='lat' dir='ltr'>qui</span> <span class='ocrx_word' id='word_1_267' title='bbox 1004 2234 1258 2277; x_wconf 87' lang='lat' dir='ltr'>credituri</span> <span class='ocrx_word' id='word_1_268' title='bbox 1291 2235 1412 2276; x_wconf 85' lang='lat' dir='ltr'>sunt</span> <span class='ocrx_word' id='word_1_269' title='bbox 1443 2247 1532 2288; x_wconf 85' lang='lat' dir='ltr'>per</span> <span class='ocrx_word' id='word_1_270' title='bbox 1553 2234 1768 2275; x_wconf 85' lang='lat' dir='ltr'>uerbum</span> 
     </span>
    </p>
   </div>
   <div class='ocr_carea' id='block_1_3' title="bbox 257 2359 1764 2460">
    <p class='ocr_par' dir='ltr' id='par_1_5' title="bbox 257 2359 1764 2460">
     <span class='ocr_line' id='line_1_31' title="bbox 394 2359 1760 2405; baseline -0.001 -12"><span class='ocrx_word' id='word_1_271' title='bbox 394 2359 414 2393; x_wconf 71' lang='lat'>2</span> <span class='ocrx_word' id='word_1_272' title='bbox 440 2360 489 2393; x_wconf 89' lang='lat' dir='ltr'>Io.</span> <span class='ocrx_word' id='word_1_273' title='bbox 511 2360 564 2404; x_wconf 76' lang='lat'>17,</span> <span class='ocrx_word' id='word_1_274' title='bbox 584 2361 615 2394; x_wconf 77' lang='lat'>3.</span> <span class='ocrx_word' id='word_1_275' title='bbox 711 2361 732 2395; x_wconf 81' lang='lat'>5</span> <span class='ocrx_word' id='word_1_276' title='bbox 757 2361 864 2395; x_wconf 77' lang='lat' dir='ltr'>Marc.</span> <span class='ocrx_word' id='word_1_277' title='bbox 886 2362 937 2402; x_wconf 72' lang='lat'>12.</span> <span class='ocrx_word' id='word_1_278' title='bbox 957 2361 1001 2395; x_wconf 71' lang='lat'>99</span> <span class='ocrx_word' id='word_1_279' title='bbox 1019 2371 1069 2405; x_wconf 73' lang='lat' dir='ltr'>sq.</span> <span class='ocrx_word' id='word_1_280' title='bbox 1154 2362 1174 2395; x_wconf 77' lang='lat'>(3</span> <span class='ocrx_word' id='word_1_281' title='bbox 1200 2360 1330 2395; x_wconf 77' lang='lat' dir='ltr'>Matth.</span> <span class='ocrx_word' id='word_1_282' title='bbox 1350 2361 1404 2402; x_wconf 70' lang='lat'>⁶22,</span> <span class='ocrx_word' id='word_1_283' title='bbox 1422 2360 1477 2394; x_wconf 80' lang='lat'>40.</span> <span class='ocrx_word' id='word_1_284' title='bbox 1564 2360 1606 2393; x_wconf 81' lang='lat'>11</span> <span class='ocrx_word' id='word_1_285' title='bbox 1631 2359 1760 2393; x_wconf 80' lang='lat' dir='ltr'>Matth.</span> 
     </span>
     <span class='ocr_line' id='line_1_32' title="bbox 257 2416 1764 2460; baseline 0.001 -11"><span class='ocrx_word' id='word_1_286' title='bbox 257 2416 285 2456; x_wconf 75' lang='lat'>7,</span> <span class='ocrx_word' id='word_1_287' title='bbox 307 2416 358 2450; x_wconf 70' lang='lat'>12.</span> <span class='ocrx_word' id='word_1_288' title='bbox 425 2418 467 2451; x_wconf 72' lang='lat' dir='ltr'>1ss</span> <span class='ocrx_word' id='word_1_289' title='bbox 485 2417 567 2452; x_wconf 79' lang='lat' dir='ltr'>Luc.</span> <span class='ocrx_word' id='word_1_290' title='bbox 588 2419 620 2458; x_wconf 76' lang='lat'>5,</span> <span class='ocrx_word' id='word_1_291' title='bbox 639 2419 692 2453; x_wconf 73' lang='lat'>16.</span> <span class='ocrx_word' id='word_1_292' title='bbox 760 2420 802 2452; x_wconf 63' lang='lat'>15</span> <span class='ocrx_word' id='word_1_293' title='bbox 820 2419 900 2453; x_wconf 85' lang='lat' dir='ltr'>Luc.</span> <span class='ocrx_word' id='word_1_294' title='bbox 921 2420 950 2460; x_wconf 78' lang='lat'>6,</span> <span class='ocrx_word' id='word_1_295' title='bbox 972 2420 1025 2453; x_wconf 72' lang='lat'>12.</span> <span class='ocrx_word' id='word_1_296' title='bbox 1090 2419 1135 2453; x_wconf 73' lang='lat'>25</span> <span class='ocrx_word' id='word_1_297' title='bbox 1153 2418 1235 2453; x_wconf 85' lang='lat' dir='ltr'>Luc.</span> <span class='ocrx_word' id='word_1_298' title='bbox 1255 2419 1308 2460; x_wconf 73' lang='lat'>22,</span> <span class='ocrx_word' id='word_1_299' title='bbox 1328 2419 1382 2453; x_wconf 78' lang='lat'>31.</span> <span class='ocrx_word' id='word_1_300' title='bbox 1447 2419 1492 2452; x_wconf 69' lang='lat'>28</span> <span class='ocrx_word' id='word_1_301' title='bbox 1509 2417 1558 2451; x_wconf 83' lang='lat' dir='ltr'>Io.</span> <span class='ocrx_word' id='word_1_302' title='bbox 1577 2417 1630 2459; x_wconf 75' lang='lat'>17,</span> <span class='ocrx_word' id='word_1_303' title='bbox 1649 2417 1695 2451; x_wconf 76' lang='lat'>‘20</span> <span class='ocrx_word' id='word_1_304' title='bbox 1713 2427 1764 2460; x_wconf 86' lang='lat' dir='ltr'>sq.</span> 
     </span>
    </p>
   </div>
   <div class='ocr_carea' id='block_1_4' title="bbox 254 2520 1766 2912">
    <p class='ocr_par' dir='ltr' id='par_1_6' title="bbox 254 2520 1766 2912">
     <span class='ocr_line' id='line_1_33' title="bbox 324 2520 1765 2566; baseline 0.001 -14"><span class='ocrx_word' id='word_1_305' title='bbox 324 2520 344 2552; x_wconf 73' lang='lat'>2</span> <span class='ocrx_word' id='word_1_306' title='bbox 371 2521 489 2554; x_wconf 78' lang='lat' dir='ltr'>autem</span> <span class='ocrx_word' id='word_1_307' title='bbox 503 2521 590 2556; x_wconf 74' lang='lat' dir='ltr'>Ws.</span> <span class='ocrx_word' id='word_1_308' title='bbox 612 2521 632 2555; x_wconf 77' lang='lat' dir='ltr'>Z.</span> <span class='ocrx_word' id='word_1_309' title='bbox 649 2533 691 2556; x_wconf 78' lang='lat' dir='ltr'>m.</span> <span class='ocrx_word' id='word_1_310' title='bbox 708 2523 730 2555; x_wconf 72' lang='lat'><strong><em>2</em></strong></span> <span class='ocrx_word' id='word_1_311' title='bbox 801 2523 822 2555; x_wconf 79' lang='lat'>3</span> <span class='ocrx_word' id='word_1_312' title='bbox 841 2523 954 2557; x_wconf 85' lang='lat' dir='ltr'>solum</span> <span class='ocrx_word' id='word_1_313' title='bbox 972 2534 1096 2557; x_wconf 81' lang='lat' dir='ltr'>uerum</span> <span class='ocrx_word' id='word_1_314' title='bbox 1114 2524 1145 2557; x_wconf 72' lang='lat' dir='ltr'><em>G</em></span> <span class='ocrx_word' id='word_1_315' title='bbox 1217 2523 1237 2557; x_wconf 85' lang='lat' dir='ltr'>G</span> <span class='ocrx_word' id='word_1_316' title='bbox 1255 2522 1429 2566; x_wconf 82' lang='lat' dir='ltr'>dominus]</span> <span class='ocrx_word' id='word_1_317' title='bbox 1449 2522 1532 2556; x_wconf 84' lang='lat' dir='ltr'>deus</span> <span class='ocrx_word' id='word_1_318' title='bbox 1553 2533 1571 2557; x_wconf 81' lang='grc' dir='ltr'><em>υ</em></span> <span class='ocrx_word' id='word_1_319' title='bbox 1648 2522 1669 2555; x_wconf 74' lang='lat' dir='ltr'>S</span> <span class='ocrx_word' id='word_1_320' title='bbox 1694 2522 1765 2565; x_wconf 85' lang='lat' dir='ltr'>pri-</span> 
     </span>
     <span class='ocr_line' id='line_1_34' title="bbox 255 2578 1698 2622; baseline 0.002 -12"><span class='ocrx_word' id='word_1_321' title='bbox 255 2578 363 2621; x_wconf 75' lang='lat' dir='ltr'>mum]</span> <span class='ocrx_word' id='word_1_322' title='bbox 384 2579 438 2611; x_wconf 82' lang='lat' dir='ltr'>est</span> <span class='ocrx_word' id='word_1_323' title='bbox 454 2578 609 2622; x_wconf 84' lang='lat' dir='ltr'>primum</span> <span class='ocrx_word' id='word_1_324' title='bbox 627 2579 835 2614; x_wconf 81' lang='lat' dir='ltr'>mandatum</span> <span class='ocrx_word' id='word_1_325' title='bbox 854 2592 874 2615; x_wconf 83' lang='grc' dir='ltr'><strong><em>υ</em></strong></span> <span class='ocrx_word' id='word_1_326' title='bbox 961 2581 981 2614; x_wconf 80' lang='grc'>9</span> <span class='ocrx_word' id='word_1_327' title='bbox 1000 2581 1118 2615; x_wconf 77' lang='lat' dir='ltr'>simile</span> <span class='ocrx_word' id='word_1_328' title='bbox 1136 2582 1190 2615; x_wconf 79' lang='grc'>’031</span> <span class='ocrx_word' id='word_1_329' title='bbox 1209 2592 1227 2616; x_wconf 82' lang='grc' dir='ltr'><em>υ</em></span> <span class='ocrx_word' id='word_1_330' title='bbox 1305 2582 1407 2615; x_wconf 86' lang='lat' dir='ltr'>tuum</span> <span class='ocrx_word' id='word_1_331' title='bbox 1418 2580 1508 2622; x_wconf 78' lang='lat' dir='ltr'>SW,</span> <span class='ocrx_word' id='word_1_332' title='bbox 1527 2579 1596 2614; x_wconf 86' lang='lat' dir='ltr'>tibi</span> <span class='ocrx_word' id='word_1_333' title='bbox 1611 2580 1698 2615; x_wconf 77' lang='lat' dir='ltr'>VGv</span> 
     </span>
     <span class='ocr_line' id='line_1_35' title="bbox 256 2629 1766 2682; baseline 0.001 -14"><span class='ocrx_word' id='word_1_334' title='bbox 256 2636 298 2667; x_wconf 73' lang='lat'>1⁴)</span> <span class='ocrx_word' id='word_1_335' title='bbox 324 2637 358 2668; x_wconf 77' lang='grc'>10</span> <span class='ocrx_word' id='word_1_336' title='bbox 378 2635 494 2679; x_wconf 82' lang='lat' dir='ltr'>ipsum</span> <span class='ocrx_word' id='word_1_337' title='bbox 516 2648 533 2671; x_wconf 79' lang='grc' dir='ltr'><em>υ</em></span> <span class='ocrx_word' id='word_1_338' title='bbox 606 2637 648 2670; x_wconf 73' lang='grc'>12</span> <span class='ocrx_word' id='word_1_339' title='bbox 665 2637 822 2671; x_wconf 76' lang='lat' dir='ltr'>hominis</span> <span class='ocrx_word' id='word_1_340' title='bbox 839 2637 869 2672; x_wconf 73' lang='lat' dir='ltr'><strong><em>S</em></strong></span> <span class='ocrx_word' id='word_1_341' title='bbox 945 2638 987 2672; x_wconf 73' lang='lat'>14</span> <span class='ocrx_word' id='word_1_342' title='bbox 1005 2629 1069 2672; x_wconf 59' lang='lat' dir='ltr'>dn}</span> <span class='ocrx_word' id='word_1_343' title='bbox 1084 2639 1190 2674; x_wconf 73' lang='lat' dir='ltr'>lVGv</span> <span class='ocrx_word' id='word_1_344' title='bbox 1261 2638 1304 2672; x_wconf 82' lang='lat'>15</span> <span class='ocrx_word' id='word_1_345' title='bbox 1321 2638 1434 2673; x_wconf 75' lang='lat' dir='ltr'>facere</span> <span class='ocrx_word' id='word_1_346' title='bbox 1451 2648 1512 2672; x_wconf 87' lang='lat' dir='ltr'>nos</span> <span class='ocrx_word' id='word_1_347' title='bbox 1530 2648 1550 2673; x_wconf 86' lang='grc' dir='ltr'><strong><em>υ</em></strong></span> <span class='ocrx_word' id='word_1_348' title='bbox 1628 2638 1766 2682; x_wconf 83' lang='lat' dir='ltr'>oportet</span> 
     </span>
     <span class='ocr_line' id='line_1_36' title="bbox 261 2693 1699 2744; baseline 0.002 -17"><span class='ocrx_word' id='word_1_349' title='bbox 261 2693 314 2723; x_wconf 63' lang='lat'>31&#39;1</span> <span class='ocrx_word' id='word_1_350' title='bbox 345 2740 348 2741; x_wconf 19' lang='lat'><em>⁷</em></span> <span class='ocrx_word' id='word_1_351' title='bbox 376 2693 418 2744; x_wconf 70' lang='grc'>16</span> <span class='ocrx_word' id='word_1_352' title='bbox 436 2693 512 2736; x_wconf 78' lang='lat' dir='ltr'>ipsc</span> <span class='ocrx_word' id='word_1_353' title='bbox 527 2696 662 2728; x_wconf 73' lang='lat' dir='ltr'>autem.</span> <span class='ocrx_word' id='word_1_354' title='bbox 679 2721 683 2725; x_wconf 97' lang='lat'>.</span> <span class='ocrx_word' id='word_1_355' title='bbox 701 2694 847 2729; x_wconf 84' lang='lat' dir='ltr'>.iterum</span> <span class='ocrx_word' id='word_1_356' title='bbox 857 2706 922 2730; x_wconf 81' lang='lat' dir='ltr'>om.</span> <span class='ocrx_word' id='word_1_357' title='bbox 934 2695 964 2730; x_wconf 78' lang='lat' dir='ltr'><strong><em>S</em></strong></span> <span class='ocrx_word' id='word_1_358' title='bbox 1026 2697 1068 2730; x_wconf 75' lang='lat'>17</span> <span class='ocrx_word' id='word_1_359' title='bbox 1088 2695 1316 2730; x_wconf 68' lang='lat' dir='ltr'>solitudinem</span> <span class='ocrx_word' id='word_1_360' title='bbox 1334 2708 1352 2731; x_wconf 82' lang='grc' dir='ltr'><strong><em>υ</em></strong></span> <span class='ocrx_word' id='word_1_361' title='bbox 1417 2696 1459 2729; x_wconf 74' lang='grc'>18</span> <span class='ocrx_word' id='word_1_362' title='bbox 1477 2695 1634 2730; x_wconf 81' lang='lat' dir='ltr'>oratione</span> <span class='ocrx_word' id='word_1_363' title='bbox 1647 2697 1699 2730; x_wconf 78' lang='lat' dir='ltr'>Gv</span> 
     </span>
     <span class='ocr_line' id='line_1_37' title="bbox 254 2738 1765 2798; baseline 0.002 -14"><span class='ocrx_word' id='word_1_364' title='bbox 254 2750 300 2784; x_wconf 68' lang='lat'>223</span> <span class='ocrx_word' id='word_1_365' title='bbox 326 2738 411 2784; x_wconf 62' lang='lat' dir='ltr'>‹lffos</span> <span class='ocrx_word' id='word_1_366' title='bbox 434 2752 485 2786; x_wconf 85' lang='lat' dir='ltr'><em>W</em></span> <span class='ocrx_word' id='word_1_367' title='bbox 553 2752 597 2785; x_wconf 63' lang='lat'>24</span> <span class='ocrx_word' id='word_1_368' title='bbox 623 2754 658 2785; x_wconf 86' lang='lat' dir='ltr'>et</span> <span class='ocrx_word' id='word_1_369' title='bbox 676 2762 739 2786; x_wconf 83' lang='lat' dir='ltr'>om.</span> <span class='ocrx_word' id='word_1_370' title='bbox 762 2752 825 2786; x_wconf 73' lang='lat' dir='ltr'>SG</span> <span class='ocrx_word' id='word_1_371' title='bbox 888 2754 933 2787; x_wconf 69' lang='lat'>25</span> <span class='ocrx_word' id='word_1_372' title='bbox 950 2754 1150 2797; x_wconf 74' lang='lat' dir='ltr'>postulauit</span> <span class='ocrx_word' id='word_1_373' title='bbox 1163 2754 1294 2794; x_wconf 74' lang='lat' dir='ltr'><em>WGV‚</em></span> <span class='ocrx_word' id='word_1_374' title='bbox 1311 2754 1484 2798; x_wconf 78' lang='lat' dir='ltr'>cxpetiuit</span> <span class='ocrx_word' id='word_1_375' title='bbox 1504 2766 1521 2789; x_wconf 85' lang='grc' dir='ltr'><em>υ</em></span> <span class='ocrx_word' id='word_1_376' title='bbox 1591 2754 1634 2788; x_wconf 75' lang='grc'>27</span> <span class='ocrx_word' id='word_1_377' title='bbox 1654 2754 1765 2797; x_wconf 84' lang='lat' dir='ltr'>prote</span> 
     </span>
     <span class='ocr_line' id='line_1_38' title="bbox 255 2808 1762 2856; baseline 0.003 -16"><span class='ocrx_word' id='word_1_378' title='bbox 255 2808 378 2851; x_wconf 67' lang='lat' dir='ltr'>rogaui</span> <span class='ocrx_word' id='word_1_379' title='bbox 400 2809 431 2841; x_wconf 72' lang='lat' dir='ltr'><em>G</em></span> <span class='ocrx_word' id='word_1_380' title='bbox 517 2809 562 2843; x_wconf 65' lang='lat'>‘25</span> <span class='ocrx_word' id='word_1_381' title='bbox 587 2811 726 2853; x_wconf 82' lang='lat' dir='ltr'>patrem</span> <span class='ocrx_word' id='word_1_382' title='bbox 748 2810 796 2845; x_wconf 86' lang='lat' dir='ltr'><em>W</em></span> <span class='ocrx_word' id='word_1_383' title='bbox 814 2821 840 2844; x_wconf 74' lang='lat' dir='ltr'>S.</span> <span class='ocrx_word' id='word_1_384' title='bbox 862 2811 882 2844; x_wconf 82' lang='grc' dir='ltr'>ἶ.</span> <span class='ocrx_word' id='word_1_385' title='bbox 902 2822 945 2844; x_wconf 80' lang='lat' dir='ltr'>m.</span> <span class='ocrx_word' id='word_1_386' title='bbox 965 2813 987 2845; x_wconf 77' lang='lat'>:2</span> <span class='ocrx_word' id='word_1_387' title='bbox 1058 2814 1183 2855; x_wconf 71' lang='lat' dir='ltr'>pcatur</span> <span class='ocrx_word' id='word_1_388' title='bbox 1205 2812 1256 2846; x_wconf 87' lang='lat' dir='ltr'><strong><em>W</em></strong></span> <span class='ocrx_word' id='word_1_389' title='bbox 1331 2814 1468 2856; x_wconf 80' lang='lat' dir='ltr'>putrem</span> <span class='ocrx_word' id='word_1_390' title='bbox 1487 2812 1581 2856; x_wconf 77' lang='lat' dir='ltr'>depr.</span> <span class='ocrx_word' id='word_1_391' title='bbox 1602 2822 1633 2855; x_wconf 86' lang='lat' dir='ltr'>p.</span> <span class='ocrx_word' id='word_1_392' title='bbox 1652 2810 1762 2845; x_wconf 85' lang='lat' dir='ltr'>omni-</span> 
     </span>
     <span class='ocr_line' id='line_1_39' title="bbox 255 2864 1383 2912; baseline 0.004 -14"><span class='ocrx_word' id='word_1_393' title='bbox 255 2864 319 2899; x_wconf 74' lang='lat' dir='ltr'>bus</span> <span class='ocrx_word' id='word_1_394' title='bbox 341 2865 370 2899; x_wconf 71' lang='lat' dir='ltr'><em>S</em></span> <span class='ocrx_word' id='word_1_395' title='bbox 455 2869 572 2900; x_wconf 77' lang='lat' dir='ltr'>autem</span> <span class='ocrx_word' id='word_1_396' title='bbox 592 2878 636 2901; x_wconf 65' lang='lat' dir='ltr'>ex</span> <span class='ocrx_word' id='word_1_397' title='bbox 653 2869 795 2901; x_wconf 77' lang='lat' dir='ltr'>tantum</span> <span class='ocrx_word' id='word_1_398' title='bbox 815 2868 844 2902; x_wconf 76' lang='lat' dir='ltr'><strong><em>S</em></strong></span> <span class='ocrx_word' id='word_1_399' title='bbox 859 2880 901 2902; x_wconf 84' lang='lat' dir='ltr'>m.</span> <span class='ocrx_word' id='word_1_400' title='bbox 922 2871 941 2901; x_wconf 87' lang='lat'><strong><em>1</em></strong></span> <span class='ocrx_word' id='word_1_401' title='bbox 1030 2869 1074 2902; x_wconf 70' lang='lat'>‘29</span> <span class='ocrx_word' id='word_1_402' title='bbox 1101 2869 1197 2912; x_wconf 70' lang='lat' dir='ltr'>solis]</span> <span class='ocrx_word' id='word_1_403' title='bbox 1218 2870 1330 2903; x_wconf 82' lang='lat' dir='ltr'>solum</span> <span class='ocrx_word' id='word_1_404' title='bbox 1352 2870 1383 2902; x_wconf 79' lang='lat' dir='ltr'><em>G</em></span> 
     </span>
    </p>
   </div>
  </div>
 </body>
</html>
