1838 3152
154 231 240 274 660
688 228 881 264 Caecilii
914 228 1130 273 Cypriani

150 334 286 375 mium
325 332 461 375 reddit
501 331 611 385 quod
646 331 840 374 daturum
872 346 914 374 se
944 332 988 374 in
1019 333 1316 375 resurrectione
1346 335 1548 387 promisit.
1588 347 1663 376 nec

153 402 288 444 minor
318 402 380 443 est
409 401 601 455 martyrii
632 401 765 456 gloria
794 413 872 443 non
905 401 1068 455 publice
1099 402 1141 443 et
1171 401 1278 443 inter
1310 403 1464 443 multos
1495 402 1661 456 perisse,

152 484 246 513 cum
282 469 478 522 pereundi
520 482 644 511 causa
682 470 738 511 sit
777 471 943 523 propter
981 469 1192 511 Christum
1229 471 1372 523 perire.
1413 470 1568 513 sufficit
1608 472 1661 513 ad

151 538 438 581 testimonium
477 538 670 592 martyrii
710 538 774 579 sui
814 539 934 580 testis
974 538 1046 580 ille
1088 539 1157 592 qui
1197 539 1343 591 probat
1382 540 1586 594 martyras
1620 541 1661 582 et

153 608 331 649 coronat.

114 678 138 718 5
211 676 452 727 Imitemur,
497 675 646 718 fratres
685 675 967 726 dilectissimi,
1017 676 1124 718 Abel
1162 677 1321 718 iustum
1360 677 1430 730 qui
1472 677 1660 720 initiauit

151 744 351 798 martyria
389 745 489 786 dum
529 744 695 798 propter
737 744 945 785 iustitiam
985 744 1144 797 primus
1182 744 1396 787 occiditur.
1444 745 1659 787 imitemur

153 813 366 856 Abraham
403 813 480 854 Dei
524 812 707 854 amicum
745 812 815 865 qui
854 824 933 854 non
974 814 1036 854 est
1076 814 1291 855 cunctatus
1330 815 1377 855 ut
1408 814 1542 856 filium
1572 815 1660 856 uic-

152 883 302 925 timam
324 883 408 924 suis
430 882 620 923 manibus
642 881 819 932 offerret,
844 882 943 923 dum
965 882 1050 923 Deo
1067 882 1145 923 fide
1163 882 1393 924 deuotionis
1410 883 1660 936 obsequitur.

152 951 366 993 imitemur
394 952 476 992 tres
506 962 650 1004 pueros
673 950 862 992 Ananian
883 950 1062 992 Azarian
1082 950 1310 1005 Misaelem,
1343 952 1412 1004 qui
1434 965 1506 993 nec
1528 953 1661 994 aetate
1680 965 1714 990 10

153 1020 291 1062 territi
330 1033 403 1062 nec
443 1019 689 1073 captiuitate
727 1019 847 1062 fracti
890 1019 1042 1061 Iudaea
1081 1019 1244 1062 deuicta
1282 1021 1323 1062 et
1361 1021 1662 1075 Hierosolymis

154 1089 284 1141 captis
306 1089 348 1129 in
370 1089 457 1141 ipso
480 1100 607 1142 regno
629 1101 701 1130 suo
723 1100 862 1143 regem
884 1088 980 1130 fidei
1002 1089 1160 1130 uirtute
1181 1089 1384 1139 uicerunt,
1408 1089 1477 1142 qui
1496 1090 1664 1131 adorare

155 1158 338 1200 statuam
370 1170 493 1211 quam
525 1156 899 1199 Nabuchodonosor
929 1170 998 1199 rex
1030 1158 1181 1199 fecerat
1213 1158 1315 1200 iussi
1346 1160 1387 1199 et
1407 1159 1532 1199 minis
1554 1159 1664 1213 regis

154 1227 195 1268 et
225 1226 405 1268 flammis
437 1227 624 1268 fortiores
648 1227 885 1276 extiterunt,
918 1227 1219 1279 proclamantes
1250 1227 1291 1268 et
1313 1227 1435 1269 fidem
1456 1239 1573 1268 suam
1594 1239 1665 1279 per

154 1296 253 1337 haec
274 1296 401 1337 uerba
421 1296 648 1337 testantes:
681 1295 1153 1337 Nabuchodonosor
1181 1308 1281 1344 rex,
1314 1308 1410 1337 non
1440 1307 1563 1349 opus
1586 1297 1716 1338 estra-

155 1364 304 1406 nobis
344 1365 400 1406 de
439 1364 528 1405 hoc
568 1364 724 1406 uerbo
763 1364 1071 1418 respondere
1102 1365 1215 1406 tibi.
1257 1366 1334 1406 est
1366 1365 1496 1406 enim
1527 1365 1663 1406 Deus

157 1435 239 1477 cui
266 1445 355 1476 nos
385 1434 644 1475 seruimus
673 1435 856 1487 potens
886 1434 1090 1487 eripere
1111 1446 1171 1475 no
1186 1447 1203 1475 s
1226 1434 1285 1475 de
1307 1447 1327 1475 c
1342 1434 1506 1476 amino
1527 1434 1668 1489 ignis

157 1503 403 1554 ardentis,
438 1504 486 1544 et
508 1504 564 1545 de
585 1504 827 1546 manibus
858 1503 966 1545 tuis
995 1503 1255 1545 liberabit
1276 1515 1384 1545 nos:
1416 1503 1463 1545 et
1492 1502 1536 1544 si
1557 1514 1668 1555 non,

157 1573 340 1614 notum
381 1572 453 1614 sit
491 1573 595 1615 tibi
631 1572 749 1626 quia
782 1572 883 1613 diis
914 1572 1020 1613 tuis
1050 1584 1146 1613 non
1178 1572 1437 1614 seruimus
1467 1573 1518 1614 et
1549 1572 1669 1615 ima-

158 1642 327 1696 ginem
373 1654 583 1683 auream
625 1654 771 1694 quam
816 1641 1070 1682 statuisti
1115 1654 1210 1682 non
1253 1641 1538 1683 adoramus.
1583 1654 1722 1683 cre-20

158 1710 311 1752 debant
352 1723 394 1751 se
426 1710 490 1751 illi
524 1710 748 1752 secundum
787 1709 910 1751 fidem
940 1721 1056 1762 posse
1089 1710 1283 1761 euadere,
1317 1710 1387 1751 sed
1419 1710 1666 1752 addiderunt

159 1779 208 1820 et
239 1778 280 1820 si
311 1790 418 1829 non,
452 1780 498 1820 ut
530 1779 652 1820 sciret
684 1791 751 1820 rex
783 1779 876 1821 illos
898 1780 1064 1832 propter
1091 1779 1225 1820 Deum
1256 1791 1376 1832 quem
1407 1779 1595 1821 colebant
1626 1782 1667 1822 et

158 1848 264 1889 mori
295 1860 423 1901 posse.
457 1848 532 1889 hoc
563 1849 625 1890 est
658 1848 767 1889 enim
798 1848 922 1889 robur
943 1848 1115 1889 uirtutis
1137 1848 1177 1889 et
1199 1848 1294 1889 fidei
1317 1849 1478 1890 credere
1501 1850 1541 1890 et
1563 1849 1666 1891 scire

159 1916 266 1969 quod
297 1918 408 1958 Deus
440 1929 462 1958 a
493 1918 625 1958 morte
653 1916 858 1970 praesenti
887 1916 1060 1958 liberare
1089 1917 1231 1969 possit,
1265 1918 1306 1958 et
1327 1917 1467 1958 tamen
1490 1918 1666 1959 mortem

160 1999 239 2028 non
271 1987 418 2028 timere
449 1999 522 2028 nec
553 1987 713 2036 cedere,
756 1988 803 2028 ut
834 1986 997 2039 probari
1039 1986 1186 2027 fortius
1218 1985 1317 2028 fides
1349 1986 1490 2039 possit.
1533 1986 1669 2040 erupit
1683 2000 1719 2026 25

160 2069 231 2110 per
263 2068 306 2097 os
339 2068 479 2097 eorum
512 2055 683 2108 spiritus
715 2055 847 2096 sancti
882 2055 1143 2108 incorruptus
1176 2057 1216 2097 et
1248 2055 1429 2096 inuictus
1461 2055 1591 2110 uigor,
1625 2056 1672 2097 ut

304 2228 346 2261 15
371 2228 459 2261 Dan.
486 2227 518 2269 3,
546 2228 691 2261 16—125.

240 2391 258 2424 1
276 2390 566 2424 resurrectionem
586 2390 620 2423 B
714 2390 735 2423 3
753 2389 911 2423 sufficiat
929 2390 964 2425 R
1058 2390 1079 2423 4
1097 2390 1247 2434 martyri
1266 2389 1345 2435 RQ,
1368 2390 1536 2434 martyris
1556 2389 1629 2423 BP

165 2449 270 2483 testis
289 2459 353 2482 om.
379 2448 412 2482 V
526 2449 703 2491 martyres
723 2448 779 2482 Bo
901 2448 922 2482 6
940 2446 1119 2492 initiauit]
1138 2448 1302 2482 ini*÷*uit
1320 2449 1355 2482 P
1472 2448 1489 2481 7
1509 2447 1673 2491 martyrii

166 2516 274 2549 quum
288 2505 324 2540 R
418 2506 462 2538 10
479 2505 627 2538 ananias
640 2505 686 2546 R,
707 2508 873 2539 ananiam
892 2516 912 2539 υ
1007 2505 1142 2539 azarias
1160 2505 1206 2546 R,
1225 2506 1378 2539 azariam
1397 2517 1417 2540 v
1511 2506 1546 2538 et
1562 2504 1671 2537 misa-

164 2563 281 2597 helem
306 2563 350 2605 R,
381 2563 508 2596 misael
535 2562 574 2608 Q,
603 2562 756 2596 misahel
779 2563 812 2597 V
949 2563 990 2596 11
1017 2562 1121 2596 iudea
1147 2562 1224 2607 ΡΩ,
1253 2562 1385 2607 pudeat
1410 2562 1446 2596 R
1585 2561 1673 2594 iero-

167 2620 313 2665 solymis
332 2620 378 2661 R,
404 2620 655 2664 hierusolymis
682 2619 751 2665 BQ
892 2619 935 2653 12
960 2620 1035 2664 suo]
1064 2630 1124 2654 suo
1150 2631 1217 2664 quo
1240 2619 1269 2664 Q
1409 2620 1452 2653 13
1470 2618 1577 2652 iussis
1595 2618 1629 2652 R

167 2678 208 2711 17
227 2680 346 2722 potest
363 2677 396 2712 R
530 2678 572 2711 18
591 2678 755 2712 ardentes
774 2678 809 2711 P
817 2679 826 2695 ¹
960 2677 1048 2722 tuis]
1067 2689 1126 2712 rex
1144 2678 1228 2711 add.
1249 2689 1268 2712 υ
1400 2676 1571 2711 liberauit
1587 2674 1672 2720 ΒΩ*

164 2734 333 2778 (uberare
352 2735 401 2770 M
412 2735 474 2769 sea
492 2746 528 2769 re
545 2735 587 2769 m
605 2737 693 2779 ras.)
805 2734 847 2770 19
864 2736 947 2780 tibi]
966 2735 1035 2769 tibi
1053 2746 1111 2769 rex
1129 2735 1164 2770 R
1274 2735 1318 2769 22
1335 2722 1423 2769 <iffi
1438 2734 1473 2769 R
1577 2732 1621 2766 23
1639 2733 1675 2765 et

169 2792 270 2836 scire]
290 2792 378 2826 scire
402 2792 430 2837 Q
547 2793 592 2826 24
607 2793 786 2837 praesenti
803 2795 917 2828 morte
937 2793 966 2839 Q
1079 2794 1198 2836 posset
1217 2793 1262 2834 B,
1280 2803 1342 2826 nos
1360 2791 1475 2836 possit
1499 2790 1592 2835 QR2,
1611 2799 1674 2822 nos

167 2852 288 2893 posset
306 2849 358 2884 R¹
499 2851 546 2894 et]
579 2850 629 2884 sic
647 2851 682 2884 B
821 2851 864 2886 26
890 2862 951 2895 per
976 2851 1026 2895 os]
1058 2861 1181 2894 pueros
1203 2850 1238 2886 R
1380 2849 1479 2893 uigor
1509 2858 1574 2882 om.
1593 2846 1629 2881 R
