1838 3152
529 260 767 306 Epistulae
793 260 971 307 xxjvn.
999 271 1028 296 c.
1052 262 1156 297 2—3.
1508 263 1592 306 543

88 364 250 407 litteras
271 363 439 406 fecerim
461 364 692 417 exemplum
716 364 834 407 uobis
854 365 965 408 misi.
987 367 1057 408 sed
1073 366 1114 408 et
1129 366 1229 419 quid
1247 366 1354 408 mihi
1371 365 1593 409 Caldonius

88 433 246 487 collega
285 444 357 486 pro
398 432 639 487 integritate
674 434 715 475 et
750 433 830 476 fide
866 447 941 476 sua
976 435 1188 489 scripserit
1228 435 1408 489 quidque
1445 447 1519 491 ego
1555 436 1591 477 ei

87 501 379 555 rescripserim,
422 502 644 555 utrumque
681 503 733 544 ad
769 514 842 544 uos
877 503 1095 558 legendum
1137 503 1363 545 transmisi.
1407 503 1593 557 exempla

8 611 9 626 ἢ
87 582 246 624 quoque
277 570 475 623 epistolae
496 569 671 612 Celerini
704 571 800 613 boni
833 572 875 614 et
903 571 1063 614 robusti
1096 571 1349 626 confessoriS,
1388 585 1511 625 quam
1541 572 1593 614 ad

57 659 71 684 5
85 638 314 681 Lucianum
335 639 509 681 eundem
532 640 801 682 confessorem
823 640 1046 695 scripserit,
1082 640 1185 683 item
1205 641 1305 694 quid
1326 641 1533 683 Lucianus
1556 641 1593 683 ei

8 714 11 755 ᾗ
84 708 350 761 rescripserit,
379 708 475 750 misi
497 708 626 763 uobis,
650 709 696 751 ut
717 709 877 751 sciretis
897 710 1105 752 elaborare
1126 710 1235 752 circa
1253 710 1393 752 omnia
1414 711 1594 766 diligen-

8 766 11 821 ἶ
83 776 188 818 tiam
227 777 410 818 nostram
445 778 487 819 et
521 777 697 819 ueritate
738 778 829 832 ipsa
864 778 1089 829 disceretiS,
1133 777 1344 821 Celerinus
1389 779 1594 821 confessor

9 834 10 839 ¹
85 857 210 898 quam
245 844 301 886 sit
336 845 575 887 moderatus
606 847 647 887 et
678 847 823 888 cautus
856 848 897 889 et
927 847 1165 889 humilitate
1198 859 1246 889 ac
1278 847 1427 889 timore
1460 848 1593 890 sectae

10 902 11 906 ¹
82 913 246 955 nostrae
276 915 540 965 uerecundus,
570 915 774 957 Lucianus
803 928 899 958 uero
929 916 1036 958 cirea
1057 916 1389 971 intellegentiam
1411 916 1593 958 domini-

10 999 12 1028 }
41 1001 74 1026 10
87 994 155 1024 cae
183 982 373 1025 lectionis
394 983 441 1026 ut
462 983 546 1025 dixi
569 983 706 1026 minus
726 985 884 1038 peritus
907 986 948 1027 et
969 985 1075 1028 circa
1096 985 1300 1027 inuidiam
1322 985 1592 1027 uerecundiae

83 1051 244 1093 nostrae
267 1051 575 1105 relinquendam
597 1052 802 1095 facilitate
823 1067 897 1096 sua
918 1053 1202 1096 immodestus.
1223 1067 1320 1096 nam
1337 1066 1430 1096 cum
1447 1054 1592 1096 Domi-

10 1148 12 1184 Ι
82 1132 158 1161 nus
188 1119 338 1170 dixerit
358 1120 401 1162 in
422 1121 585 1163 nomine
612 1121 743 1175 patris
765 1123 805 1163 et
826 1122 903 1164 filii
926 1124 967 1165 et
989 1123 1162 1177 spiritus
1190 1123 1323 1165 sancti
1344 1123 1486 1178 gentes
1507 1123 1592 1165 tin-

10 1200 13 1240 ῑ
82 1188 154 1243 gui
183 1189 223 1230 et
244 1189 287 1230 in
316 1189 523 1242 baptismo
554 1191 780 1243 praeterita
811 1192 980 1246 peccata
1013 1191 1185 1246 dimitti,
1223 1192 1291 1233 hic
1319 1192 1528 1246 praecepti
1551 1192 1593 1234 et

11 1270 14 1315 j
81 1256 185 1311 legis
221 1257 390 1312 ignarus
426 1259 596 1302 mandat
630 1272 774 1313 pacem
810 1260 899 1302 dari
931 1261 972 1303 et
1004 1262 1171 1314 peccata
1207 1261 1368 1303 dimitti
1404 1261 1446 1303 in
1467 1261 1591 1303 Pauli

39 1342 70 1368 15
85 1326 248 1368 nomine
269 1327 310 1368 et
330 1327 405 1370 hoc
434 1328 514 1370 sibi
537 1328 587 1370 ab
610 1328 682 1370 illo
712 1328 816 1371 dicit
843 1341 930 1371 esse
951 1330 1209 1384 mandatum,
1244 1330 1353 1372 sicut
1373 1330 1416 1372 in
1437 1330 1592 1373 litteris

12 1404 14 1445 ς
84 1395 268 1437 eiusdem
305 1396 475 1438 Luciani
516 1396 566 1439 ad
605 1396 839 1440 Celerinum
880 1397 1003 1441 factis
1045 1399 1400 1449 animaduertetis,
1442 1399 1592 1452 quibus

12 1481 14 1512 ξ
82 1464 219 1506 minus
248 1465 526 1508 considerauit
554 1467 663 1520 quod
691 1478 771 1508 non
798 1467 1003 1522 martyres
1033 1468 1295 1522 euangelium
1317 1467 1484 1522 faciant,
1522 1467 1592 1509 sed

12 1563 14 1586 3
81 1545 152 1587 per
174 1534 437 1589 euangelium
458 1535 662 1589 martyres
683 1535 797 1587 fiant,
822 1536 983 1589 quando
1006 1536 1047 1578 et
1063 1536 1217 1578 Paulus
1238 1536 1447 1590 apostolus
1469 1548 1591 1589 quem

0 1605 14 1634 s
83 1602 286 1645 Dominus
308 1616 379 1645 uas
401 1604 611 1646 electionis
633 1617 730 1646 suae
752 1604 858 1647 dixit
879 1605 1062 1660 posuerit
1078 1605 1121 1647 in
1139 1605 1314 1658 epistola
1335 1618 1409 1647 sua
1432 1605 1590 1647 dicens:

0 1660 244 1724 Ῑ.3ο1]]ἰτοτ
282 1673 413 1726 quod
452 1673 526 1716 sic
566 1674 667 1715 tam
698 1673 803 1716 cito
835 1674 1182 1716 demutamini
1214 1674 1270 1716 ab
1303 1687 1355 1716 eo
1386 1674 1472 1728 qui
1503 1686 1591 1716 uos

0 1735 1 1758 l

213 1846 255 1880 11
282 1846 325 1881 cf.
350 1845 481 1880 Matth.
508 1846 564 1887 28,
592 1847 644 1882 19.
716 1846 763 1881 20
787 1846 864 1881 Gal.
894 1847 926 1891 1,
953 1846 984 1881 6.

151 1994 170 2028 1
188 1993 289 2028 uobis
307 2004 372 2029 om.
391 1995 470 2040 Ζμν
602 1996 662 2030 sed
680 1996 729 2041 et]
749 2006 825 2031 ecce
842 1996 882 2037 Z,
908 2006 986 2030 ecee
1006 1997 1042 2030 et
1060 2009 1084 2041 μ
1217 1996 1427 2031 callidonius
1446 2007 1497 2041 rqo

79 2054 102 2088 2
120 2053 257 2096 collega
286 2063 351 2087 om.
371 2054 450 2098 Ζμφ·
581 2055 617 2088 et
635 2053 703 2088 fide
732 2064 796 2088 om.
817 2054 868 2088 Zz
1000 2054 1194 2099 scripserit]
1226 2054 1311 2088 add.
1330 2065 1367 2088 z:
1400 2054 1487 2088 item
1505 2054 1591 2099 quid

81 2111 243 2147 lucianus
269 2112 301 2146 ei
326 2111 550 2157 rescripserit
681 2112 726 2156 ei]
753 2113 789 2146 et
811 2113 867 2153 Tz,
897 2111 948 2146 eis
973 2113 1009 2146 et
1026 2112 1059 2146 Z
1187 2111 1209 2145 3
1227 2113 1415 2156 utrumque
1518 2112 1539 2147 l.
1567 2114 1591 2147 6

80 2169 301 2214 rescripserit
318 2180 382 2204 om.
400 2181 420 2205 z
527 2170 550 2204 4
566 2169 650 2204 boni
667 2180 733 2205 om.
751 2170 786 2204 Z
884 2169 1063 2204 robustini
1081 2169 1295 2204 confessores
1312 2170 1346 2204 Z
1450 2170 1472 2204 5
1490 2169 1591 2214 quid-

81 2227 167 2271 quid
184 2227 216 2261 Z
322 2228 367 2272 ei]
386 2227 500 2262 eidem
519 2241 546 2271 φ
664 2227 685 2261 6
705 2227 888 2271 scripserit
905 2228 938 2262 Z
1052 2230 1088 2263 et
1106 2227 1266 2262 laborare
1284 2238 1340 2271 μν,
1360 2228 1396 2262 et
1413 2227 1532 2262 labore
1550 2228 1591 2269 Z,

81 2284 236 2319 laborem
253 2295 283 2326 ε,
300 2285 337 2319 ct
353 2284 510 2319 laborem
528 2296 548 2320 v
642 2286 678 2319 et
694 2284 924 2330 diligentiam
941 2296 992 2326 zv,
1014 2287 1050 2319 ct
1067 2284 1258 2329 diligentia
1274 2285 1307 2320 Z
1398 2285 1417 2319 7
1437 2286 1590 2320 uestram

84 2342 139 2383 T¹‚
156 2343 278 2376 nostra
291 2342 325 2376 Z
415 2342 604 2377 ueritatem
622 2342 735 2387 ipsam
748 2353 788 2377 zv
880 2342 1081 2388 disceretis]
1098 2342 1288 2377 discretius
1307 2355 1334 2387 φ
1444 2344 1466 2378 8
1484 2353 1590 2388 quam

80 2399 144 2444 sit]
162 2410 267 2444 quam
290 2400 327 2441 T,
346 2401 382 2434 et
399 2400 500 2434 mitis
518 2401 554 2434 et
571 2400 611 2442 Z,
630 2411 733 2445 quem
754 2400 837 2434 misi
860 2399 959 2444 Vzur
1085 2400 1107 2434 9
1123 2399 1263 2434 domine
1284 2400 1317 2433 T
1438 2400 1482 2435 10
1498 2398 1589 2434 dixi-

81 2467 158 2491 mus
175 2458 286 2502 Ζμφν
420 2458 537 2492 minus
554 2458 706 2503 peritus]
727 2457 914 2503 imperitus
931 2468 1009 2503 Ζμν,
1028 2457 1145 2491 minus
1163 2457 1195 2492 Z
1325 2457 1372 2502 et]
1392 2457 1452 2492 sed
1469 2457 1504 2492 Z

81 2514 123 2548 11
141 2514 454 2559 derelinquendam
475 2528 502 2559 φ
634 2515 852 2550 inmodestus
868 2525 896 2556 z,
916 2514 1097 2549 modestus
1120 2515 1191 2558 Τφ,
1208 2514 1379 2549 molestus
1396 2514 1498 2559 Ζμνυ

82 2572 125 2607 13
143 2573 181 2607 iu
199 2583 263 2607 om.
282 2583 350 2616 Ζμν
459 2572 651 2618 baptismo]
670 2572 727 2608 hic
744 2583 764 2608 z
881 2573 939 2608 hic
960 2599 967 2606 .
985 2598 1014 2607 ..
1035 2572 1175 2607 dimitti
1193 2583 1258 2607 om.
1277 2583 1296 2607 z
1408 2571 1589 2617 praecepti

81 2631 129 2676 et]
140 2619 261 2676 {cipit
278 2632 319 2666 ut
337 2642 394 2676 μν,
411 2630 553 2676 proficit
569 2632 611 2666 ut
627 2630 661 2665 Z
790 2631 834 2666 14
852 2630 1018 2675 ignarum
1040 2631 1071 2664 Τ
1200 2632 1235 2665 et
1252 2629 1400 2664 mandat
1417 2630 1497 2674 Ζμν

17 2687 25 2724 1*
81 2688 164 2723 dare
187 2689 218 2722 T
329 2688 473 2723 demitti
496 2690 529 2722 T
640 2688 678 2723 in
697 2699 762 2723 om.
781 2688 815 2723 Z
930 2689 972 2723 15
989 2687 1130 2722 nomine
1155 2687 1280 2722 scribit
1295 2698 1314 2722 z
1431 2686 1519 2721 dicit
1542 2687 1587 2722 ab

82 2745 145 2781 illo
162 2757 212 2789 zv,
232 2746 276 2781 ab
294 2746 357 2781 illo
375 2760 399 2790 μ
521 2745 630 2781 sicuti
648 2759 676 2790 φ
795 2746 838 2781 16
856 2745 1145 2780 animaduertitis
1164 2758 1203 2789 φ,
1223 2744 1380 2779 animum
1398 2744 1587 2779 adum-titis

81 2803 123 2838 de
140 2804 174 2838 Z
263 2804 305 2838 17
324 2803 470 2838 minime
486 2813 527 2839 zv
644 2803 688 2837 18
706 2814 767 2848 per
787 2830 794 2837 .
810 2831 818 2840 .
834 2831 840 2837 .
861 2804 950 2837 fiant
968 2814 1033 2838 om.
1048 2803 1080 2837 Z
1171 2802 1214 2836 19
1233 2812 1297 2836 sua
1315 2802 1345 2835 T
1457 2801 1589 2836 dixerit

82 2862 118 2894 et
137 2861 168 2895 Z
276 2861 322 2896 20
339 2860 402 2905 sie]
422 2861 452 2895 si
469 2871 488 2895 z
581 2860 653 2895 iam
671 2860 742 2896 cito
764 2861 801 2902 T,
819 2860 932 2896 tacito
950 2871 981 2905 r,
1002 2860 1072 2895 cito
1090 2873 1118 2904 φ
1212 2858 1507 2894 transmutamini
1524 2870 1543 2893 z
