1838 3152
594 250 831 294 Epistulae
855 248 1069 283 XXXVII.
1096 259 1123 283 c.
1150 249 1248 283 1-2.
1584 250 1667 293 577

170 366 276 409 datis
298 378 500 408 carcerem
520 364 599 406 fide
621 366 661 407 et
681 365 838 406 uirtute
858 363 1104 419 praeligitis.
1141 365 1206 405 tot
1227 366 1387 406 uestrae
1407 365 1548 406 laudes
1570 368 1670 419 quot

169 437 267 489 (ΗΘΒ,
298 437 397 488 quot
424 434 628 475 mensium
656 433 858 475 curricula
885 434 949 474 tot
976 433 1228 474 incrementa
1248 433 1503 475 meritorum.
1541 434 1669 476 semel

166 504 296 546 uincit
328 503 399 556 qui
430 502 575 545 statim
604 502 774 555 patitur.
798 502 841 543 at
861 501 932 554 qui
962 513 1131 542 manens
1160 513 1320 553 semper
1341 501 1383 543 in
1404 502 1544 555 poenis
1572 514 1667 544 con-

165 573 351 628 greditur
371 585 465 614 cum
486 572 623 613 dolore
644 584 717 614 nec
738 570 932 625 uincitur,
955 570 1126 612 cottidie
1147 570 1373 612 coronatur.

136 660 151 685 5
221 642 328 683 Eant
358 653 466 682 nunc
496 640 767 695 magistratus
798 641 838 681 et
867 639 1052 681 consules
1084 638 1171 681 siue
1202 640 1474 692 proconsules,
1512 639 1705 682 annuae2

164 710 381 765 dignitatis
402 710 633 765 insignibus
654 711 695 751 et
712 709 926 751 duodecim
948 709 1127 751 fascibus
1149 708 1391 763 glorientur.
1415 721 1505 751 ecce
1526 709 1666 764 digni-

165 781 228 821 tas
251 779 440 821 caelestis
462 779 503 820 in
525 779 643 820 uobis
673 778 836 820 honoris
865 777 990 820 annui
1018 778 1206 819 claritate
1235 778 1398 832 signata
1427 778 1490 820 est
1520 780 1561 820 et
1582 778 1666 820 iam

163 847 409 890 reuertentis
427 848 519 889 anni
537 847 762 889 uolubilem
784 847 985 889 circulum
1007 847 1192 889 uictricis
1213 847 1369 901 gloriae
1390 846 1667 888 diuturnitate

161 919 415 971 transgressa
443 917 516 957 est.
554 915 829 957 inluminabat
857 916 1058 957 mundum
1089 916 1151 958 sol
1179 915 1311 957 oriens
1333 915 1374 956 et
1394 915 1493 957 luna
1521 915 1666 957 decur-

117 999 150 1025 ιο
163 997 273 1026 rens:
306 985 375 1027 sed
406 984 523 1027 uobis
551 985 662 1026 idem
691 984 761 1038 qui
791 984 919 1026 solem
941 985 1040 1027 fecit
1061 988 1102 1027 et
1124 985 1268 1027 lunam
1289 984 1423 1026 maius
1444 984 1487 1025 in
1507 996 1666 1026 carcere

159 1053 297 1094 lumen
333 1052 425 1107 fuit,
464 1055 505 1095 et
537 1054 579 1095 in
610 1054 729 1096 corde
766 1066 812 1095 ac
847 1054 1054 1096 mentibus
1090 1054 1242 1096 uestris
1273 1052 1427 1095 Christi
1462 1052 1665 1095 claritudo

159 1122 421 1175 resplendens
437 1122 656 1164 horribiles
674 1122 818 1164 ceteris
835 1122 966 1176 adque
982 1122 1167 1164 funestas
1184 1122 1365 1176 paenalis
1380 1122 1459 1164 loci
1475 1122 1665 1164 tenebras

157 1194 322 1233 aeterna
350 1191 424 1233 illa
446 1192 487 1233 et
508 1191 681 1233 candida
709 1191 799 1233 luce
820 1191 1013 1233 radiauit.
1043 1204 1113 1245 per
1135 1191 1443 1233 uicissitudines
1463 1190 1664 1233 mensium

156 1261 430 1302 transmeauit
458 1260 697 1303 hibernum:
727 1261 798 1302 sed
825 1273 897 1302 uos
927 1261 1077 1303 inclusi
1098 1262 1285 1315 tempora
1305 1261 1453 1302 hiemis
1474 1272 1663 1313 persecu-

111 1340 143 1365 1⁵
156 1329 280 1371 tionis
300 1329 435 1371 hieme
456 1330 652 1384 pensatis.
682 1331 879 1373 successit
898 1330 1025 1372 hiemi
1048 1343 1172 1372 uerna
1191 1329 1411 1384 temperies
1431 1330 1534 1372 rosis
1555 1329 1663 1371 laeta

157 1401 197 1440 et
217 1398 385 1440 floribus
416 1400 624 1441 coronata:
656 1400 726 1442 sed
747 1400 865 1442 uobis
892 1411 1005 1441 rosae
1027 1401 1068 1441 et
1090 1399 1208 1442 flores
1229 1400 1279 1441 de
1300 1398 1479 1454 paradisi
1502 1397 1662 1440 deliciis

156 1466 323 1509 aderant
344 1469 385 1509 et
406 1468 529 1521 caput
557 1469 742 1510 uestrum
771 1470 881 1510 serta
910 1468 1100 1510 caelestia
1120 1468 1383 1510 coronabant.
1416 1469 1550 1509 aestas
1572 1479 1662 1509 ecce

155 1537 352 1579 messium
381 1536 599 1579 fertilitate
629 1537 802 1580 fecunda
832 1539 894 1579 est
914 1539 957 1580 et
977 1550 1071 1580 area
1098 1537 1288 1592 frugibus
1317 1537 1437 1591 plena
1467 1537 1549 1578 est:
1588 1535 1660 1578 sed

154 1616 225 1645 uos
260 1605 331 1658 qui
367 1606 542 1660 gloriam
582 1607 818 1649 seminastis
858 1607 1019 1662 frugem
1060 1607 1214 1662 gloriae
1255 1607 1414 1648 metitis
1450 1607 1583 1659 adque
1617 1605 1661 1646 in

107 1684 143 1711 πο
154 1674 323 1716 Domini
343 1687 436 1717 area
457 1677 672 1718 constituti
690 1677 802 1719 exuri
818 1677 956 1730 paleas
971 1676 1282 1731 inextinguibili
1298 1677 1393 1731 igne
1410 1674 1660 1730 perspicitis,

152 1742 231 1796 ipsi
259 1744 306 1784 ut
334 1743 466 1785 tritici
498 1756 627 1798 grana
658 1744 834 1798 purgata
862 1744 902 1786 et
931 1744 1138 1785 frumenta
1165 1743 1345 1798 pretiosa
1378 1743 1463 1785 iam
1495 1740 1659 1796 probati

157 1813 198 1852 et
227 1812 381 1854 conditi
415 1812 642 1866 hospitium
673 1812 846 1854 carceris
874 1812 1067 1854 horreum
1099 1812 1345 1867 conputatis.
1378 1825 1452 1854 nec
1485 1812 1599 1853 deest
1620 1813 1662 1853 te

151 1880 347 1922 autumno
363 1880 414 1922 ad
431 1894 600 1923 munera
621 1881 828 1936 fungenda
843 1882 1040 1935 temporis
1062 1882 1197 1937 gratia
1214 1881 1426 1935 spiritalis.
1448 1881 1660 1923 uindemia

152 1948 249 1991 foris
271 1949 474 2002 premitur
496 1951 536 1992 et
556 1950 772 2004 profutura
800 1950 958 2004 poculis
978 1950 1022 1992 in
1042 1951 1315 1993 torcularibus
1345 1963 1426 1992 uua
1455 1950 1656 1992 calcatur:

54 2059 62 2073 ‚
105 2028 138 2054 2⁵
150 2029 222 2059 uos
254 2017 303 2060 de
326 2018 493 2060 Domini
526 2018 646 2059 uinea
678 2018 851 2072 pingues
884 2017 1035 2059 racemi
1065 2018 1106 2059 et
1132 2017 1216 2058 iam
1246 2017 1422 2060 maturis
1454 2016 1658 2059 fructibus

221 2178 238 2211 1
256 2177 338 2211 fidei
355 2179 391 2212 et
408 2177 557 2211 uirtutis
574 2176 609 2210 P
655 2176 884 2221 praelegistis
903 2175 1009 2211 GRV
1099 2176 1250 2221 uestrae]
1270 2187 1386 2211 rerum
1404 2177 1434 2212 C
1524 2176 1546 2210 2
1564 2175 1657 2221 quod

151 2244 332 2268 mensuum
356 2234 534 2279 c¹P¹RQ,
554 2235 639 2278 quot
655 2244 836 2268 menseum
854 2234 898 2268 N
1007 2233 1029 2268 3
1047 2235 1085 2267 at
1103 2233 1177 2278 qui]
1197 2235 1304 2278 atque
1327 2234 1393 2270 CR
1508 2244 1655 2269 manens

151 2301 194 2325 ex
210 2302 307 2325 mens
331 2292 359 2327 G
451 2301 587 2335 semper
604 2301 664 2335 per
681 2290 717 2325 R
817 2289 839 2323 4
857 2290 916 2324 sed
934 2289 1062 2324 cotidie
1083 2290 1121 2331 C,
1140 2290 1289 2325 cottidie
1308 2290 1369 2325 sed
1389 2291 1419 2336 Q
1519 2292 1542 2326 5
1558 2291 1654 2335 eant]

150 2349 252 2382 erant
276 2348 306 2382 C
427 2349 448 2382 6
465 2347 662 2392 dignitates
685 2348 714 2383 C
836 2347 1038 2391 gloriantur
1054 2347 1141 2382 haec
1158 2357 1202 2382 em
1218 2348 1418 2392 glorientur
1435 2359 1513 2383 ecce
1535 2349 1566 2384 G

149 2404 347 2449 dignitates
365 2405 535 2439 caelestes
559 2405 588 2441 G
691 2405 710 2439 7
729 2415 847 2439 annua
870 2405 899 2440 C
997 2406 1051 2439 est
1068 2416 1132 2439 om.
1158 2405 1224 2441 CR
1317 2405 1429 2440 etiam
1453 2405 1610 2450 CLP¹Q

149 2462 171 2496 8
187 2463 407 2496 reuertentes
429 2463 458 2498 0
588 2462 699 2497 annui
715 2462 761 2503 R,
791 2473 908 2497 annua
930 2462 959 2497 C
1091 2463 1135 2497 10
1151 2473 1322 2497 carcerem
1345 2463 1375 2498 C
1506 2463 1549 2497 12
1574 2463 1655 2497 hor-

149 2518 238 2554 biles
257 2519 294 2555 R
388 2519 431 2554 13
448 2519 733 2555 uicissitudinem
758 2520 787 2556 C
878 2531 1063 2554 mensuum
1086 2520 1222 2556 G¹P¹R
1323 2521 1367 2555 14
1383 2520 1555 2555 hibernus
1573 2520 1609 2554 P

148 2576 208 2611 sed
226 2578 263 2611 et
279 2588 300 2612 v
410 2577 556 2611 inclusi*
576 2578 623 2618 N,
643 2577 791 2612 inclusit
813 2578 843 2613 G
950 2577 1213 2622 persecutiones
1236 2578 1266 2614 C
1383 2578 1426 2611 15
1444 2577 1555 2612 hiemi
1577 2577 1608 2622 Q

148 2634 307 2678 pensatis
324 2634 444 2679 NPQ,
467 2635 644 2678 pensastis
667 2635 780 2675 CLR,
798 2635 1005 2679 pensabatis
1022 2646 1043 2670 v
1137 2635 1253 2669 hieme
1272 2635 1308 2669 P
1407 2635 1452 2669 18
1468 2634 1651 2678 messium]

147 2681 294 2726 nisi-um
316 2693 346 2727 C
453 2693 496 2726 19
513 2692 656 2727 metetis
679 2693 754 2734 CV,
774 2693 931 2727 metistis
948 2705 970 2728 v
1077 2693 1124 2727 20
1139 2703 1221 2727 area
1237 2680 1319 2726 din*
1316 2692 1365 2732 N,
1385 2680 1553 2726 ᾶιῖἶειι-θθ.
1570 2691 1607 2726 R

146 2749 369 2794 perspicietis
392 2750 447 2791 0²,
466 2749 672 2794 conspicitis
690 2750 747 2785 Pv
851 2750 894 2784 21
913 2750 983 2794 ipsi
1000 2760 1065 2785 om.
1091 2750 1121 2785 C
1219 2751 1272 2795 ut]
1292 2750 1328 2784 in
1346 2750 1390 2785 N
1477 2749 1549 2783 iam
1568 2759 1600 2793 p.
1620 2759 1648 2782 e.

147 2805 279 2840 conditi
296 2817 361 2841 om.
381 2806 461 2841 LN
585 2807 741 2852 probati]
759 2807 903 2852 purgati
920 2818 941 2842 v
1071 2807 1116 2841 22
1132 2807 1290 2842 alterum
1307 2810 1343 2842 et
1359 2818 1424 2842 om.
1444 2806 1573 2851 PQRv

146 2861 191 2897 24
210 2863 349 2908 populis
373 2864 402 2900 C
416 2863 478 2898 secl
496 2863 508 2898 i
525 2874 570 2899 ex
586 2874 609 2897 u
686 2864 731 2899 25
748 2864 805 2909 de]
823 2864 879 2899 dei
897 2864 948 2899 L¹
1021 2852 1143 2899 dffo‘R
1213 2864 1322 2898 etiam
1346 2864 1421 2905 CL,
1439 2866 1551 2898 ettam
1569 2863 1606 2898 P

281 2933 346 2963 111.
1320 2922 1372 2964 37
