1912 3152
226 1062 258 1097 G
279 1076 323 1091 z
342 1060 445 1094 codex
464 1058 777 1103 Sangermanensis
795 1057 918 1102 (720),
939 1067 1030 1090 nunc
1051 1055 1237 1090 Parisinus
1256 1055 1396 1096 12126,
1424 1066 1512 1090 saec.
1530 1055 1592 1089 IX.

219 1119 256 1154 L
280 1134 323 1148 Ξ
342 1117 446 1152 codex
463 1115 790 1156 Laureshamensis‚
816 1125 907 1148 nunc
924 1113 1204 1148 Vindobonensis
1223 1112 1316 1154 962,
1345 1123 1432 1147 saec.
1450 1112 1511 1147 IX.

219 1176 270 1210 M
283 1191 326 1205 z
345 1174 448 1209 codex
465 1172 685 1208 Monacensis
704 1172 796 1213 208,
823 1182 912 1206 saec.
932 1171 1072 1205 IX—X.

220 1234 258 1268 P
280 1247 323 1262 :z
341 1232 445 1266 codex
461 1230 647 1265 Parisinus
666 1229 764 1265 1647
783 1229 835 1271 A,
862 1240 950 1263 saec.
969 1229 1011 1263 X.

219 1291 257 1326 B
281 1304 324 1319 z:
343 1288 446 1322 codex
463 1287 736 1332 Bambergensis
753 1286 848 1328 476,
876 1297 964 1320 saec.
982 1287 1045 1321 XI.

225 1347 261 1381 V
281 1362 324 1376 z
342 1345 446 1380 codex
463 1344 691 1385 Veronensis,
719 1355 807 1378 saec.
827 1344 919 1385 VH„
945 1344 986 1378 ef.
1002 1355 1034 1388 p.
1055 1344 1077 1379 2

220 1403 261 1438 F
282 1419 325 1433 Ξ
350 1402 500 1437 Minucii
517 1402 649 1436 Felicis
666 1402 853 1442 Octauius,
872 1401 922 1435 ed.
943 1401 1050 1435 Halm
1068 1400 1295 1435 Vindobonae
1322 1399 1421 1436 1867

221 1471 242 1495 r
279 1476 322 1490 z
340 1460 448 1494 editio
466 1459 628 1504 princeps
647 1460 776 1493 Romae
797 1458 907 1494 1471.

223 1529 245 1552 v
280 1533 324 1547 Ξ
342 1517 513 1551 editiones
532 1516 589 1550 uel
606 1527 723 1550 omnes
740 1516 798 1550 uel
817 1516 965 1559 aliquot.

476 1597 641 1632 Codicum
657 1609 787 1641 genera
803 1597 869 1632 duo
888 1608 963 1631 esse
980 1597 1144 1642 adparet:
1170 1598 1344 1642 optimum
1362 1609 1486 1639 unum,
1506 1598 1543 1632 in
1561 1608 1628 1642 quo
1647 1598 1732 1631 sunt

336 1655 456 1689 LPM
462 1659 469 1676 ¹
485 1682 491 1696 ‚
512 1655 664 1689 alterum
687 1655 959 1699 interpolatum,
987 1655 1043 1689 eui
1062 1657 1144 1689 sunt
1163 1656 1386 1690 adscribendi
1411 1655 1547 1691 GBM2.
1565 1655 1622 1689 his
1641 1655 1734 1689 codi-

335 1712 433 1746 cibus
451 1713 503 1745 ita
526 1723 609 1746 usus
634 1724 726 1754 sum,
753 1714 796 1746 ut
819 1724 906 1756 quae
930 1714 1128 1747 eommunia
1154 1713 1362 1755 exhibeant,
1391 1724 1431 1747 ea
1457 1724 1565 1757 quam
1581 1713 1734 1747 maxime

334 1769 488 1813 genuina
505 1769 686 1811 haberem,
713 1781 800 1814 quae
829 1771 1064 1814 interpolatae
1102 1772 1217 1804 sectae
1248 1782 1337 1804 unus
1377 1770 1435 1804 uel
1464 1781 1583 1804 omnes
1613 1771 1735 1804 contra

336 1825 550 1870 reliquorum
579 1837 783 1860 consensum
800 1827 993 1869 haberent,
1012 1828 1204 1862 maximam
1233 1829 1372 1872 partem
1401 1827 1586 1869 reieerem,
1621 1838 1734 1872 pauca

337 1893 446 1926 eaque
463 1883 670 1918 dubitanter
682 1884 878 1928 probarem.
