1912 3152
657 268 834 302 Testim.
862 269 909 309 ll,
938 269 1081 303 14—15.
1573 273 1622 313 81

123 368 333 422 accipietis
351 402 360 419 ‚
393 374 434 413 et
470 370 653 414 occident
689 371 810 413 illum
847 383 964 413 omne
1001 372 1152 426 uulgus
1188 384 1420 427 synagogae
1449 373 1626 416 filiorum

125 441 254 484 Israel
275 441 327 483 ad
349 453 559 493 uesperam
582 441 623 481 et
644 439 844 493 accipient
866 439 915 481 de
937 440 1134 494 sanguine
1155 440 1196 481 et
1216 442 1367 494 ponent
1388 455 1508 495 super
1528 443 1628 484 duos

124 511 258 564 postes
281 512 321 551 et
343 522 463 562 super
484 509 610 550 limen
632 508 673 549 in
695 508 904 558 domibus,
944 508 986 549 in
1008 508 1157 561 quibus
1179 522 1272 550 eum
1295 510 1416 552 edent
1445 510 1487 552 in
1508 511 1629 564 ipsis:

125 581 166 622 et
189 579 307 621 edent
335 590 474 619 carnes
510 577 591 619 ista
626 578 742 618 nocte
777 578 934 618 assatas
956 577 1044 631 igni
1067 578 1107 619 et
1127 590 1271 632 azyma
1291 591 1384 620 cum
1405 579 1630 632 picridibus

78 660 93 684 ε»
125 648 256 689 edent.
290 658 369 687 non
389 645 518 687 edetis
540 645 590 687 de
612 645 668 687 eis
690 645 860 687 crudam
881 658 1009 698 neque
1031 647 1188 688 coctam
1210 647 1252 688 in
1274 659 1396 700 aqua,
1419 647 1498 689 nisi
1520 661 1631 690 assa‘

126 718 189 758 tas
212 715 319 770 igni,
353 716 474 768 caput
496 727 587 756 curn
610 714 780 767 pedibus
803 715 843 755 et
865 714 1106 756 interaneis:
1138 715 1241 757 nihil
1270 717 1562 770 derelinquetis
1584 730 1630 759 ex

125 784 190 825 his
211 785 253 825 in
275 796 391 825 mane
413 785 453 825 et
474 795 611 824 ossum
633 794 710 824 non
732 782 997 837 confringetis
1034 783 1084 824 ab
1114 795 1171 825 eo.
1205 797 1309 837 quae
1331 787 1470 826 autem
1492 785 1631 827 relicta

127 853 279 895 fuerint
315 853 364 894 de
402 864 446 894 eo
482 864 608 905 usque
637 852 679 892 in
701 864 840 900 mane,
873 851 960 905 igni
982 853 1226 893 crementur.
1258 853 1316 894 sic
1337 854 1477 894 autem
1499 865 1632 895 come-

126 923 231 963 detis
253 934 367 963 eum:
402 921 534 962 lumbi
565 921 691 962 uestri
723 920 944 973 praecincti
977 922 1018 962 et
1040 921 1195 975 caligae
1216 923 1378 964 uestrae
1399 923 1441 963 in
1462 921 1634 975 pedibus

78 1003 113 1028 10
127 991 275 1033 uestris
306 992 347 1032 et
367 991 512 1032 bacula
534 991 669 1031 uestra
692 990 733 1031 in
755 989 945 1031 manibus
968 990 1135 1030 uestris:
1169 990 1209 1031 et
1237 991 1365 1032 edetis
1394 1004 1488 1032 eum
1517 992 1634 1033 festi-

127 1060 460 1114 nanter.‚pascha
481 1059 542 1100 est
571 1058 750 1100 Domini.
784 1058 915 1099 Item
947 1058 997 1099 in
1028 1058 1366 1113 Apocalypsi:
1400 1060 1453 1101 Et
1475 1060 1562 1101 uidi
1593 1060 1634 1102 in

127 1130 262 1172 medio
283 1128 421 1170 throni
444 1128 484 1169 et
506 1127 700 1180 quattuor
720 1126 962 1168 animalium
985 1128 1026 1168 et
1047 1127 1089 1168 in
1106 1127 1242 1169 medio
1259 1128 1464 1170 seniorum
1481 1142 1634 1183 agnum

128 1200 306 1241 stantem
327 1200 540 1249 tamquam
562 1195 765 1245 occisum,
798 1195 1032 1237 habentem*
1055 1207 1204 1237 cornua
1240 1197 1396 1250 septem
1429 1198 1470 1238 et
1498 1198 1635 1239 oculos

127 1269 305 1322 septem,
337 1267 408 1320 qui
430 1266 525 1307 sunt
546 1266 703 1317 septem
725 1265 896 1317 spiritus
919 1264 996 1306 Dei
1019 1264 1136 1305 missi
1166 1278 1237 1318 per
1258 1265 1398 1307 orbem
1420 1266 1561 1307 terrae.
1595 1267 1635 1308 et

82 1348 113 1372 15
129 1336 241 1379 uenit
263 1336 303 1377 et
325 1334 479 1387 accepit
501 1333 655 1374 librum
679 1333 727 1374 de
748 1333 914 1374 dextera
935 1333 1012 1374 Dei
1034 1333 1214 1375 sedentis
1231 1334 1273 1375 in
1289 1334 1446 1376 throno.
1480 1335 1520 1376 et
1541 1347 1634 1376 cum

129 1406 350 1459 accepisset
379 1405 554 1453 librum,
577 1404 771 1456 quattuor
792 1402 987 1444 animalia
1009 1403 1050 1444 et
1071 1402 1224 1457 uiginti
1246 1404 1440 1455 quattuor
1461 1403 1635 1445 seniores

128 1475 436 1529 prostrauerunt
465 1485 506 1514 se
535 1474 630 1513 ante
660 1485 811 1526 agnum
841 1471 1037 1513 habentes
1059 1471 1214 1526 singuli
1235 1485 1376 1514 aureas
1399 1472 1575 1514 citharas
1596 1473 1637 1513 et

127 1546 288 1597 pateras
309 1554 451 1584 aureas
472 1541 613 1594 plenas
635 1540 909 1582 odoramentis
926 1540 1285 1593 supplicationum,
1308 1553 1410 1594 quae
1431 1543 1526 1583 sunt
1547 1554 1636 1583 ora-

127 1613 259 1655 tiones
281 1612 533 1660 sanctorum,
557 1611 597 1651 et
619 1611 888 1651 cantauerunt
909 1610 1115 1651 canticum
1136 1622 1289 1652 nouum
1311 1611 1510 1652 dicentes:
1544 1610 1637 1665 dig-

81 1697 113 1723 20
127 1694 204 1723 nus
235 1694 276 1723 es
317 1680 499 1734 accipere
529 1678 683 1720 librum
706 1679 745 1720 et
774 1678 930 1732 aperire
963 1679 1175 1733 signacula
1210 1680 1316 1730 eius,
1357 1680 1548 1732 quoniam
1570 1691 1637 1720 oc-

127 1751 235 1793 cisus
257 1763 298 1792 es
320 1751 360 1792 et
382 1749 521 1791 emisti
542 1760 614 1790 nos
635 1748 685 1790 de
707 1749 904 1802 sanguine
926 1750 997 1790 tuo
1019 1760 1064 1789 ex
1089 1748 1200 1790 omni
1221 1749 1334 1790 tribu
1364 1750 1406 1790 et
1436 1749 1577 1803 lingua
1600 1748 1640 1790 et

128 1820 276 1874 populo
299 1820 337 1861 et
359 1818 542 1867 natione,
575 1818 615 1859 et
653 1829 718 1859 eos
751 1831 924 1873 regnum
953 1819 1038 1860 Deo
1073 1819 1208 1860 nostro
1240 1819 1549 1872 sacerdotesque
1577 1818 1638 1860 fe-

269 1933 311 1967 11
338 1933 442 1976 Apoe.
462 1933 494 1970 5,
511 1933 532 1965 6
550 1942 600 1974 sq.

200 2026 215 2058 1
244 2023 358 2058 omnis
378 2024 459 2057 MR
546 2023 688 2067 uulgus]
707 2023 856 2067 populus
872 2024 920 2057 M
987 2024 1008 2057 2
1033 2024 1264 2067 uesperumB
1335 2024 1512 2068 accipiant
1530 2024 1575 2057 M

131 2081 304 2126 sanguine
322 2081 397 2115 cius
408 2081 474 2114 Ma-
568 2092 673 2124 pones
688 2082 722 2115 A
817 2081 838 2115 3
864 2081 899 2114 in
918 2080 1046 2124 quibus
1064 2092 1129 2116 om.
1152 2082 1186 2114 Β
1256 2081 1360 2115 edent
1378 2093 1422 2115 επ
1438 2081 1523 2115 (lent
1541 2082 1574 2115 L

131 2140 166 2173 in
185 2150 250 2173 om.
268 2139 303 2172 Β
371 2139 394 2172 4
419 2139 507 2172 istas
526 2139 570 2177 A,
587 2139 681 2182 ipsas
702 2139 794 2175 MR,
813 2138 890 2182 ipsa
909 2149 927 2171 υ
998 2138 1113 2172 azima
1127 2139 1162 2172 A
1234 2139 1435 2183 pigridibus
1451 2139 1495 2181 L,
1515 2139 1646 2172 amari-

129 2197 252 2231 tudine
271 2197 370 2237 MR,
396 2196 544 2230 lactucis
562 2196 766 2240 agrestibus
783 2197 930 2240 scripsit
948 2196 1127 2230 Erasmus
1199 2197 1220 2229 5
1237 2196 1363 2241 edetis]
1383 2196 1520 2230 edentis
1538 2197 1573 2231 A

130 2266 169 2289 eo
187 2265 230 2289 ea·
248 2256 298 2287 eis
319 2254 365 2287 M
377 2265 418 2287 m.
436 2256 461 2287 2
532 2253 640 2287 cruda
659 2254 702 2293 Β,
723 2253 863 2287 crudam
884 2264 1023 2287 carnem
1039 2254 1085 2287 M
1155 2256 1253 2288 cocta
1269 2255 1302 2288 Β
1373 2266 1500 2298 aquam
1519 2255 1576 2288 M·

130 2313 279 2356 assatas]
315 2323 412 2346 assas
443 2312 493 2351 A,
536 2314 654 2345 assata
684 2312 773 2355 LB,
801 2315 955 2345 assatam
981 2313 1046 2345 Mc·
1163 2314 1183 2346 6
1209 2313 1375 2346 itcraneis
1393 2314 1427 2346 A
1544 2312 1650 2346 reliu-

131 2370 248 2414 quetis
270 2370 329 2404 M.
356 2369 643 2413 derelinquentes
662 2370 696 2403 A
769 2370 787 2403 7
814 2370 882 2413 his]
902 2370 952 2403 cis
971 2371 1027 2404 Rc
1098 2381 1216 2404 ossum
1237 2371 1346 2411 BM1,
1365 2381 1403 2404 os
1421 2371 1580 2405 ALM‘r

132 2427 190 2471 ab]
210 2438 250 2460 ex
271 2438 287 2461 ι·
358 2426 531 2460 derelicta
548 2427 593 2461 M
663 2430 684 2459 >5
710 2438 819 2471 usque
837 2439 902 2461 om.
924 2428 958 2461 R
1043 2427 1247 2472 comedetis]
1267 2428 1528 2462 manducabitis
1548 2429 1582 2462 Β

132 2486 153 2516 9
180 2484 326 2528 caligae]
346 2484 577 2518 calciamenta
595 2485 679 2518 MR
762 2488 882 2518 uestra
900 2485 983 2518 MR
1054 2486 1098 2518 10
1123 2485 1240 2519 baculi
1260 2486 1306 2519 M
1402 2488 1438 2519 et
1455 2486 1580 2519 bacula
1594 2514 1599 2519 .
1615 2515 1621 2520 .
1638 2513 1644 2519 .

135 2541 266 2575 uestris
285 2553 348 2575 om.
372 2541 405 2575 Β
481 2542 517 2575 11
547 2544 600 2575 est
619 2541 714 2575 enim
737 2542 792 2575 151·
868 2542 903 2575 in
920 2542 1014 2585 (post
1034 2542 1123 2583 uidi)
1141 2554 1205 2576 om.
1222 2543 1292 2576 AL
1371 2544 1412 2576 12
1429 2545 1465 2575 et
1483 2547 1583 2576 «rute
1600 2543 1651 2580 in)

134 2610 199 2632 (me.
219 2599 251 2632 Β
347 2599 388 2632 13
413 2600 595 2642 tanlquam
615 2600 667 2637 A,
695 2599 795 2642 quasi
817 2599 956 2633 LMRc
1068 2599 1114 2634 14
1140 2600 1258 2633 orbern
1277 2600 1405 2643 terrae]
1424 2610 1559 2633 ornnem
1580 2602 1651 2633 ter-

135 2667 209 2690 ram
227 2657 256 2689 A
356 2656 397 2689 15
422 2655 544 2689 dextra
563 2656 595 2689 Β
688 2656 756 2699 dei}
777 2668 841 2690 om.
854 2657 945 2693 MR.
965 2656 1006 2690 dc
1025 2657 1064 2690 in
1079 2657 1113 2691 L
1131 2668 1219 2690 erus.
1326 2657 1361 2690 in
1379 2656 1518 2700 throno]
1547 2667 1652 2700 supra

136 2714 302 2747 thronum
321 2714 354 2746 I}
427 2713 466 2746 1?
495 2724 618 2746 aureas
637 2725 701 2747 om.
719 2714 785 2747 Mo-
871 2715 912 2746 18
939 2713 1107 2757 phatcras
1126 2714 1170 2747 M
1242 2714 1532 2757 susplicationurn
1550 2716 1584 2747 A

140 2771 179 2805 19
207 2782 334 2805 nouum
349 2771 526 2804 canticum
539 2771 658 2804 LMR
729 2772 773 2804 20
797 2782 832 2805 cs
852 2770 990 2804 domine
1004 2783 1024 2805 v
1095 2771 1264 2814 accipere}
1284 2771 1418 2814 aperire
1432 2771 1463 2804 L
1534 2771 1652 2813 sigua-

136 2829 216 2863 cula
231 2829 276 2869 A,
295 2829 396 2872 signa
413 2829 496 2862 LM
497 2829 554 2863 131>
628 2830 670 2862 21
690 2828 870 2862 redemisti
886 2829 932 2862 M
936 2841 953 2863 ιτ
1023 2828 1078 2872 de]
1097 2828 1158 2862 deo
1177 2827 1222 2871 E,
1249 2839 1313 2862 om.
1333 2840 1349 2862 u
1421 2828 1464 2861 22
1489 2839 1546 2862 cos
1566 2829 1647 2869 AL,

137 2887 252 2921 fecisti
278 2897 339 2920 nos
358 2886 402 2919 M
408 2886 462 2919 Βι·
578 2886 645 2921 (1ηο
663 2887 698 2920 A
784 2885 981 2920 sacci-dotes
1002 2897 1090 2934 quae
1109 2886 1198 2925 AL,
1223 2887 1260 2919 et
1276 2885 1474 2920 sacerdotes
1500 2897 1588 2930 quac
1608 2886 1652 2921 B.

137 2947 172 2978 et
192 2944 421 2987 sacerdosque
436 2944 482 2977 M

277 3016 341 3044 111.
1357 3003 1382 3042 Γ)
