1912 3152
253 196 337 239 240
800 192 993 228 Caecilii
1019 192 1231 237 Cypriani

254 299 378 340 fuisse
399 309 478 339 non
498 297 636 350 potest
656 296 845 339 animus:
879 297 920 338 in
941 296 1157 350 prostratis
1179 295 1375 338 fratribus
1397 296 1438 337 et
1459 308 1525 337 me
1541 297 1766 349 prostrauit

256 367 455 409 adfectus.

216 449 237 488 5
311 434 513 478 Habenda
547 436 686 477 tamen
722 435 803 486 est,
835 434 984 477 fratres
1007 434 1289 486 dilectissimi,
1322 434 1426 476 ratio
1462 434 1650 476 ueritatis
1691 446 1763 476 nec

255 504 312 547 sic
348 506 530 546 mentem
567 504 688 546 debet
725 504 765 546 et
801 516 965 546 sensum
1001 503 1294 556 persecutionis
1338 504 1510 546 infestae
1552 503 1766 545 tenebrosa

254 573 386 628 caligo
409 585 612 624 caecasse,
636 574 682 614 ut
702 572 808 614 nihil
831 572 1074 614 remanserit
1095 572 1265 614 luminis
1287 573 1328 614 et
1348 573 1473 624 lucis,
1497 573 1602 614 unde
1624 573 1765 614 diuina
1781 589 1811 613 ⁷5

251 643 470 696 praecepta
505 642 681 696 perspici
716 641 885 694 possint.
920 641 954 682 si
990 641 1117 683 cladis
1157 654 1276 683 causa
1307 641 1582 696 cognoscitur,
1616 643 1656 683 et
1678 654 1766 683 me-

253 711 362 753 della
384 711 566 752 uulneris
589 711 811 752 inuenitur.
845 710 1047 751 Dominus
1068 710 1231 763 probari
1267 710 1471 752 familiam
1493 723 1610 752 suam
1631 711 1766 752 uoluit

253 782 294 823 et
315 780 412 834 quia
433 780 630 822 traditam
666 779 783 821 nobis
821 779 1023 820 diuinitus
1060 779 1322 833 disciplinam
1358 792 1434 832 pax
1469 780 1593 834 longa
1629 791 1766 821 corru-

252 851 379 903 perat,
402 850 606 891 iacentem
635 848 758 890 fidem
781 850 822 890 et
843 861 972 902 paene
995 848 1169 890 dixerim
1191 848 1462 890 dormientem
1485 861 1654 890 censura
1676 861 1766 890 eae-

252 919 369 961 lestis
399 919 546 969 erexit,
587 930 762 970 cumque
793 928 865 958 nos
896 918 1077 971 peccatis
1108 918 1259 959 nostris
1291 918 1469 971 amplius
1501 930 1763 966 mereremur,
1779 932 1813 956 10

254 987 599 1030 clementissimus
620 986 822 1028 Dominus
844 986 902 1028 sic
925 988 1070 1028 cuncta
1103 987 1339 1028 moderatus
1370 988 1450 1037 est,
1484 988 1529 1028 ut
1551 987 1626 1028 hoc
1647 999 1765 1029 omne

254 1057 361 1111 quod
383 1057 547 1112 gestum
568 1056 630 1097 est
653 1055 874 1108 exploratio
896 1055 1032 1108 potius
1055 1069 1180 1109 quam
1202 1055 1429 1109 persecutio
1451 1056 1673 1097 uideretur.

214 1131 238 1171 6
310 1125 538 1167 Studebant
560 1125 745 1179 augendo
767 1124 1018 1178 patrimonio
1041 1125 1194 1179 singuli
1217 1125 1258 1167 et
1279 1125 1399 1166 obliti
1423 1125 1520 1178 quid
1551 1125 1759 1167 credentes

253 1196 324 1236 aut
346 1195 420 1235 sub
443 1194 640 1248 apostolis
663 1194 756 1236 ante
778 1193 971 1235 fecissent
994 1194 1066 1235 aut
1088 1206 1249 1247 semper
1280 1193 1410 1235 facere
1439 1194 1632 1235 deberent
1654 1193 1763 1235 insa-

253 1264 391 1306 tiabili
414 1263 652 1316 cupiditatis
675 1262 818 1304 ardore
840 1263 1086 1315 ampliandis
1109 1262 1381 1304 facultatibus
1403 1262 1663 1304 incubabant.
1686 1275 1764 1304 non
1779 1276 1811 1301 15

254 1333 296 1375 in
318 1332 597 1375 sacerdotibus
619 1332 765 1386 religio
787 1332 960 1383 deuota,
994 1344 1073 1373 non
1110 1331 1152 1373 in
1188 1331 1432 1373 ministeriis
1469 1331 1568 1372 fides
1589 1332 1763 1386 integra,

254 1414 333 1444 non
363 1402 406 1444 in
438 1402 627 1455 operibus
658 1401 962 1451 misericordia,
1006 1413 1085 1442 non
1117 1401 1160 1442 in
1190 1400 1375 1442 moribus
1406 1400 1635 1453 disciplina.
1677 1413 1765 1442 cor-

254 1472 376 1524 rupta
406 1471 532 1512 barba
561 1471 603 1512 in
635 1470 759 1521 uiris,
792 1470 834 1512 in
865 1470 1029 1513 feminis
1061 1470 1192 1512 forma
1223 1470 1386 1513 fucata:
1419 1470 1644 1512 adulterati
1674 1473 1766 1523 post

253 1540 331 1581 Dei
352 1552 499 1581 manus
521 1540 648 1591 oculi,
682 1540 823 1594 capilli
852 1539 1065 1582 mendacio
1096 1540 1277 1582 colorati.
1312 1540 1363 1582 ad
1385 1540 1623 1593 decipienda
1644 1540 1766 1581 corda

255 1608 491 1661 simplicum
520 1608 695 1651 callidae
724 1609 908 1661 fraudes,
943 1609 1312 1651 circumueniendis
1342 1609 1541 1651 fratribus
1570 1608 1762 1651 subdola-e
1779 1613 1812 1639 ‘20

254 1677 500 1719 uoluntates.
532 1678 701 1732 iungere
733 1691 827 1719 cum
858 1677 1095 1720 infidelibus
1126 1679 1339 1721 uinculum
1361 1678 1637 1730 matrimonii,
1670 1689 1764 1731 pro-

254 1747 425 1788 stituere
460 1747 686 1801 gentilibus
722 1747 908 1789 membra
943 1746 1107 1789 Christi.
1142 1760 1221 1789 non
1252 1748 1385 1789 iurare
1416 1748 1580 1789 tantum
1611 1748 1763 1789 temere

255 1816 324 1857 sed
356 1816 488 1857 adhuc
518 1817 558 1857 et
587 1816 788 1869 peierare,
820 1816 1071 1870 praepositos
1103 1817 1276 1870 superbo
1307 1817 1467 1858 tumore
1499 1817 1766 1867 contemnere,

254 1886 454 1927 uenenato
492 1885 571 1926 sibi
608 1898 674 1927 ore
711 1885 973 1937 maledicere,
1007 1886 1112 1928 odiis
1140 1886 1417 1940 pertinacibus
1439 1885 1619 1927 inuicem
1641 1885 1766 1926 dissi-

256 1954 361 1996 dere.
395 1954 572 2007 episcopi
592 1954 763 2007 plurimi
785 1966 885 2008 quos
913 1956 954 1997 et
982 1956 1243 1997 hortamento
1266 1967 1352 1997 esse
1376 1956 1534 2008 oportet
1558 1954 1702 1996 ceteris
1726 1956 1765 1995 et
1781 1965 1812 1990 ‘25

255 2023 439 2077 exemplo
461 2023 602 2065 diuina
631 2024 914 2076 procuratione
945 2026 1178 2078 contempta
1208 2026 1490 2078 procuratores
1511 2037 1656 2079 regum
1678 2035 1767 2065 sae-

255 2092 458 2134 cularium
480 2092 587 2143 fieri,
619 2093 813 2135 derelicta
835 2094 1048 2145 cathedra,
1081 2094 1199 2147 plebe
1221 2094 1382 2136 deserta
1403 2106 1475 2147 per
1496 2093 1649 2135 alienas
1670 2104 1764 2145 pro-

324 2218 346 2251 4
371 2217 475 2251 debet
491 2218 644 2251 mentem
664 2217 694 2252 S
761 2218 893 2252 infesta
911 2220 946 2252 et
961 2219 997 2254 R
1078 2219 1099 2253 ἴ)
1124 2219 1212 2253 lucis
1231 2220 1267 2252 et
1284 2218 1431 2252 luminis
1450 2219 1499 2254 W
1501 2217 1536 2252 R
1542 2229 1558 2252 r·
1657 2216 1766 2251 untde

258 2274 300 2309 δ’
379 2275 399 2308 6
423 2276 572 2318 possunt
590 2275 654 2309 Wvl
731 2275 868 2309 medela
885 2287 905 2310 v
976 2276 998 2309 8
1023 2276 1059 2309 in
1078 2276 1179 2310 nobis
1199 2276 1241 2311 8¹
1320 2277 1340 2308 S>
1366 2286 1474 2319 paene
1492 2278 1533 2309 ut
1550 2276 1602 2308 ita
1618 2275 1768 2318 scripsit

258 2332 439 2366 Balacrus
526 2332 570 2365 10
594 2333 746 2376 amplius
763 2334 840 2377 pati
857 2334 1005 2377 scripsit
1024 2334 1204 2368 Erasmus
1307 2334 1350 2367 12
1376 2333 1557 2367 uideretur
1579 2333 1679 2373 WR,
1705 2332 1766 2366 du-

258 2391 393 2424 ceretur
412 2400 456 2423 ex
473 2389 647 2423 diceretur
664 2389 694 2423 S
710 2401 751 2423 m.
767 2392 792 2423 2
903 2391 946 2424 15
972 2390 1130 2435 cupidita
1148 2391 1382 2425 facultatibus
1405 2391 1465 2425 W¹
1585 2390 1627 2424 1⁴5
1654 2400 1766 2424 sacer-

258 2447 366 2482 dotiis
388 2447 433 2481 W
548 2447 759 2481 ministeriis
778 2448 908 2489 RW2,
940 2448 1136 2482 ministeris
1162 2450 1243 2492 W1,
1282 2449 1459 2482 ministris
1486 2448 1554 2491 Scy·
1582 2449 1628 2491 cf.
1654 2447 1764 2482 Gron.

258 2506 327 2540 obs.
341 2516 379 2548 p.
397 2506 464 2539 612
535 2504 617 2539 fidei
626 2506 661 2540 R
733 2506 776 2539 18
793 2505 964 2549 fugataR
1036 2507 1078 2541 19
1096 2507 1151 2540 dei
1165 2508 1214 2542 W
1229 2518 1255 2540 s.
1276 2507 1298 2541 l.
1318 2519 1360 2540 m.
1380 2501 1416 2540 2’
1476 2506 1700 2540 deicienda-R

258 2563 304 2597 ⁶20
329 2562 542 2607 simplicium
563 2573 600 2606 &5
627 2564 673 2606 ef.
693 2563 737 2597 (Ic
754 2564 832 2598 lzab.
851 2565 946 2609 πίνῃ.
962 2575 1000 2608 2).
1016 2567 1087 2599 196¹
1101 2565 1121 2598 Ζ.
1139 2567 1183 2598 14
1268 2565 1413 2599 subdole
1431 2564 1629 2599 uoluntatis
1650 2564 1691 2597 δ’

259 2620 303 2654 ‘23
318 2620 432 2655 adhuc
448 2621 528 2656 le.
540 2622 560 2656 l.
579 2633 620 2655 m.
632 2624 654 2655 2
717 2623 753 2655 et
771 2621 1042 2665 §getiamWRo
1106 2622 1304 2666 propositos
1316 2622 1358 2657 ,5¹
1429 2623 1472 2656 24
1491 2621 1702 2656 irenei-atolfi

259 2678 435 2713 dissedere
450 2679 480 2714 S
571 2680 615 2714 25
639 2682 843 2714 ornamento
862 2681 1019 2725 Auyus‘t.
1039 2685 1167 2715 contra
1192 2681 1422 2715 Creseonizcm
1441 2681 1499 2715 lib.
1522 2681 1595 2714 ΙΙΙ
1613 2691 1640 2714 e.
1655 2681 1701 2714 36

260 2739 295 2770 et
314 2747 378 2771 om.
398 2737 434 2772 R
527 2738 571 2772 26
596 2748 718 2782 regum
738 2737 834 2778 SW.
862 2749 977 2772 rerum
997 2739 1053 2773 Rv
1072 2743 1103 2773 et
1123 2750 1164 2772 m.
1186 2750 1252 2773 rec.
1275 2740 1309 2773 in
1332 2740 1382 2774 W
1473 2738 1514 2772 Ξῖ
1542 2737 1708 2771 derelicta
1726 2746 1769 2770 ex

261 2794 390 2829 delicta
410 2796 459 2831 W
475 2807 516 2829 m.
533 2798 556 2830 2
