1838 3152
576 238 783 283 Epistula
807 238 1243 274 XXXIlII.—XXXV.
1574 245 1654 286 571

165 344 271 386 circa
290 343 501 386 ministros
523 343 716 386 ecelesiae
737 343 962 385 constituat
983 346 1227 398 exemplum.
1267 347 1423 388 interea
1443 359 1485 388 se
1506 359 1529 388 a
1549 346 1659 388 diui-

164 412 275 454 sione
303 424 522 453 mensurna
550 412 716 453 tantum
737 412 971 454 contineant
998 424 1077 454 non
1099 414 1215 466 quasi
1236 427 1259 456 a
1280 415 1509 457 ministerio
1530 415 1659 457 ecele-

162 480 328 522 siastico
346 479 499 533 priuati
517 492 603 521 esse
621 479 855 534 uideantur,
873 479 943 521 sed
960 481 1007 521 ut
1023 481 1195 535 integris
1212 483 1401 524 omnibus
1413 483 1464 525 ad
1476 484 1659 524 nostram

161 548 435 602 praesentiam
455 548 709 590 differantur.
746 550 840 603 opto
863 561 947 603 uos,
970 548 1118 591 fratres
1140 550 1356 602 carissimi,
1379 563 1538 605 semper
1557 551 1659 593 bene

134 634 147 658 5
163 616 311 658 ualere.
334 615 635 658 fraternitatem
658 617 893 659 uniuersam
914 617 1103 659 salutate.
1125 617 1275 659 ualete.

479 808 992 882 EPISTVLA
1054 808 1345 881 XXXV.

160 943 426 980 CYPRIANVS
458 944 775 979 PRESBYTERIS
800 945 859 979 ET
884 945 1171 981 DIACONIBVS
1196 945 1358 981 ROMAE
1384 944 1658 980 CONSISTEN-

669 1002 807 1038 TIBVS
832 1003 1097 1039 FRATRIBVS
1122 1003 1155 1038 S.

215 1118 270 1159 Et
291 1117 456 1159 dilectio
478 1118 706 1160 communis
729 1120 770 1160 et
791 1118 897 1161 ratio
919 1119 1112 1172 exposcit,
1142 1118 1291 1161 fratres
1313 1118 1528 1168 carissimi,
1550 1119 1658 1160 nihil

114 1204 145 1230 ιο
159 1186 429 1228 conscientiae
457 1188 619 1228 uestrae
649 1187 887 1229 subtrahere
909 1188 957 1229 de
985 1187 1049 1228 his
1077 1200 1179 1241 quae
1209 1188 1317 1241 apud
1346 1199 1417 1228 nos
1446 1188 1656 1242 geruntur,

158 1255 205 1295 ut
234 1254 289 1296 sit
313 1254 429 1296 nobis
451 1255 558 1297 circa
579 1255 808 1297 utilitatem
830 1255 1129 1298 ecclesiasticae
1151 1256 1523 1298 administrationis
1545 1267 1657 1298 com-

157 1336 279 1365 mune
309 1324 540 1365 consilium.
571 1336 667 1368 nam
696 1326 960 1378 posteaquam
989 1325 1039 1366 ad
1061 1337 1133 1366 uos
1155 1324 1317 1366 litteras
1339 1324 1417 1366 feci
1439 1337 1538 1378 quas
1559 1324 1656 1366 misi

156 1404 227 1445 per
249 1391 443 1434 Saturum
464 1393 658 1435 lectorem
680 1394 720 1435 et
737 1392 938 1447 Optatum
964 1393 1293 1448 hypodiaconum
1313 1392 1461 1435 fratres
1482 1394 1654 1443 nostros,

156 1461 410 1513 quorundam
426 1461 632 1514 lapsorum
650 1462 879 1515 conspirata
894 1462 1120 1512 temeritas,
1139 1462 1207 1515 qui
1223 1462 1518 1515 paenitentiam
1535 1474 1656 1516 agere

109 1547 140 1572 15
155 1532 195 1572 et
217 1530 300 1571 Deo
322 1529 555 1572 satisfacere
576 1530 821 1581 detractant,
852 1531 1012 1572 litteras
1034 1530 1086 1572 ad
1107 1543 1173 1572 me
1194 1530 1390 1580 fecerunt,
1414 1542 1555 1584 pacem
1576 1542 1655 1572 non

156 1598 334 1640 dandam
364 1598 442 1640 sibi
472 1599 730 1652 postulantes
751 1600 821 1642 sed
843 1600 960 1653 quasi
981 1600 1066 1641 iam
1088 1600 1229 1642 datam
1250 1600 1517 1650 uindicantes,
1548 1599 1655 1653 quod

156 1667 294 1709 dicant
322 1668 500 1710 Paulum
529 1668 719 1710 omnibus
747 1682 890 1723 pacem
921 1668 1091 1719 dedisse,
1126 1669 1233 1711 sicut
1254 1669 1296 1710 in
1317 1668 1472 1710 litteris
1501 1681 1654 1722 eorum,

227 1815 245 1848 1
265 1814 461 1860 ministros]
479 1825 597 1850 omnes
616 1816 711 1849 uiros
734 1815 816 1851 VZz
915 1816 1111 1850 constitute
1133 1818 1165 1850 T
1254 1817 1389 1850 interea
1410 1817 1448 1856 T,
1467 1815 1600 1850 inserta
1616 1816 1659 1855 Z,

159 1872 303 1907 interim
322 1883 427 1916 φιυευ
544 1883 580 1907 se
597 1884 663 1907 om.
683 1886 712 1918 φ
828 1873 1017 1918 diuisione]
1036 1873 1172 1908 dicione
1190 1875 1240 1908 Zz
1364 1875 1385 1908 2
1402 1883 1566 1908 mensura
1588 1874 1620 1907 T
1618 1885 1659 1919 φ,

161 1941 280 1964 mense
298 1932 334 1964 et
350 1930 531 1964 orancium
548 1941 576 1971 ε,
595 1930 880 1965 mensurancium
898 1932 929 1964 Z
1006 1931 1218 1976 contingant
1235 1942 1266 1965 w
1340 1931 1424 1976 non]
1443 1933 1483 1965 ut
1499 1941 1567 1965 non
1585 1931 1617 1963 Z

159 1998 227 2022 non
246 1988 347 2032 quasi
364 1999 430 2022 om.
451 2001 479 2033 φ
572 1988 786 2033 ministerio]
804 1989 974 2032 mysterio
997 1989 1031 2022 V
1118 1989 1141 2023 4
1157 1989 1355 2023 diierantur
1378 1990 1410 2022 T
1498 1990 1581 2032 opto
1599 2014 1607 2022 .
1622 2015 1629 2021 .
1645 2013 1654 2022 .

161 2046 278 2079 ualete
297 2056 360 2079 om.
380 2056 398 2080 z
514 2047 677 2090 optamus
695 2046 726 2078 Z
840 2046 862 2080 5
879 2045 1144 2080 fraternitatem
1162 2057 1193 2080 u.
1214 2057 1240 2080 s.
1258 2046 1377 2080 ualete
1395 2056 1461 2080 om.
1479 2046 1511 2078 Z
1626 2047 1663 2079 et

160 2104 278 2138 ualete
298 2115 325 2139 v.
345 2123 387 2127 —-
406 2103 568 2147 Epistola
584 2102 744 2147 Cipriani
768 2102 811 2136 ad
829 2103 960 2137 clerum
980 2103 1022 2137 de
1042 2103 1093 2137 eis
1111 2103 1173 2147 qui
1190 2105 1321 2137 temere
1339 2103 1450 2147 lapsis
1469 2102 1662 2136 communi-

162 2163 331 2196 cauerunt
355 2163 391 2195 et
414 2161 456 2195 de
474 2160 682 2194 Philumino
707 2162 743 2194 et
760 2160 955 2195 Fortunato
985 2149 1257 2205 hypodiacffrset
1274 2160 1450 2195 Fauorino
1479 2161 1663 2195 acholitho

161 2218 308 2263 explicit
329 2220 368 2259 T,
385 2218 543 2262 Explicit
561 2218 605 2252 ad
623 2218 757 2252 clerum
775 2217 816 2251 de
831 2218 930 2263 Gayo
943 2218 1092 2253 Didensi
1110 2220 1146 2252 et
1163 2218 1238 2252 eius
1255 2217 1410 2263 dyacono
1427 2218 1489 2261 qui
1509 2228 1571 2263 pro
1588 2218 1664 2262 lap-

161 2276 210 2310 sis
228 2276 506 2310 communicauit
518 2287 546 2318 2,
566 2276 620 2311 Ad
638 2264 749 2321 pbr-os
760 2277 796 2309 et
813 2276 977 2310 diaconos
995 2275 1142 2319 explicit
1159 2275 1199 2316 Z,
1218 2286 1283 2310 om.
1303 2286 1379 2319 φιυ.
1400 2295 1437 2300 -

230 2333 341 2378 Epist.
361 2333 500 2368 XXXV.
525 2355 560 2359 -
583 2334 717 2379 Incipit
746 2334 899 2378 epistola
927 2334 1007 2375 (inc.
1034 2344 1085 2377 ep.
1116 2344 1182 2367 om.
1203 2335 1247 2377 w)
1265 2332 1424 2376 Cipriani
1454 2332 1497 2366 ad
1527 2332 1663 2377 presbi-

160 2394 254 2425 teros
273 2393 309 2425 et
325 2391 488 2426 diacones
507 2391 685 2430 (diaconos
703 2394 748 2436 w)
765 2392 895 2426 Romae
913 2391 1147 2426 consistentes
1168 2392 1242 2435 Tw,
1262 2390 1424 2435 Epistola
1440 2390 1599 2434 Cipriani
1619 2389 1662 2424 ad

160 2449 293 2483 clerum
310 2449 505 2484 Romanum
523 2449 563 2484 de
581 2450 692 2495 lapsis
717 2449 1021 2495 inpoenitentibus
1045 2449 1106 2493 qui
1131 2448 1412 2483 communionem
1430 2448 1506 2481 eius
1524 2448 1662 2491 expete-

162 2506 247 2540 bant
265 2519 305 2552 q,
329 2507 383 2541 Ad
402 2506 538 2542 eosdem
557 2521 594 2552 μ.
614 2528 657 2533 —
677 2508 695 2541 7
714 2507 911 2552 Cyprianus
929 2517 1020 2551 papa
1039 2520 1067 2550 φ
1192 2506 1213 2540 9
1231 2505 1381 2540 delectio
1403 2506 1436 2538 T
1555 2503 1661 2548 ratio]

159 2565 251 2599 ratio
271 2564 464 2599 communis
483 2578 511 2607 φ
605 2565 718 2609 poscit
735 2575 797 2609 φιο
903 2564 947 2598 10
963 2552 1083 2603 nffi‘w,
1102 2564 1180 2597 erat
1197 2565 1337 2597 uestrae
1356 2576 1383 2603 φ
1481 2562 1520 2595 11
1540 2562 1580 2594 ut
1599 2560 1660 2604 sit]

160 2623 277 2656 uisum
294 2623 348 2656 est
365 2635 389 2666 μ
492 2623 534 2657 13
549 2622 695 2657 fratrem
713 2624 871 2657 nostrum
891 2632 964 2665 φιυ,
979 2632 1044 2656 om.
1060 2632 1108 2665 μυ
1201 2620 1245 2654 14
1258 2618 1459 2663 conspirata
1476 2617 1663 2651 temeritas

161 2690 229 2714 om.
244 2693 280 2724 μ,
298 2680 500 2724 prospirata
516 2680 719 2714 temeritate
734 2690 796 2723 φω
877 2678 919 2713 de
937 2677 1156 2723 quorundam
1175 2679 1358 2721 prospecta
1374 2675 1578 2710 temeritate
1599 2686 1617 2708 υ

161 2737 235 2781 qui]
255 2748 366 2781 acqua
383 2750 408 2780 μ
525 2737 568 2772 15
585 2736 786 2771 detrectant
803 2747 851 2780 μυ
971 2735 1129 2770 fecerunt
1152 2736 1184 2768 T
1202 2745 1228 2768 s.
1248 2734 1282 2775 l.,
1308 2733 1395 2768 fecit
1413 2746 1448 2776 μ,
1467 2743 1532 2766 om.
1553 2746 1574 2771 ιι
1588 2742 1616 2765 w

162 2795 205 2829 16
224 2794 407 2838 postulans
431 2795 517 2839 Τφμ
645 2793 766 2828 datam
783 2792 852 2827 sibi
869 2804 890 2828 v
1020 2791 1205 2826 uindicans
1223 2805 1251 2834 φ
1381 2789 1422 2823 17
1440 2788 1537 2823 dicat
1558 2790 1615 2831 Υφ

161 2852 289 2897 paulus
307 2865 331 2897 μ
425 2862 546 2887 eorum
563 2862 629 2886 om.
647 2865 676 2895 φ
