1912 3152
249 205 331 246 :228
781 203 974 238 Caecilii
1000 204 1215 247 Cypriani

249 305 440 355 nefanda,
474 306 560 346 tam
596 306 739 360 grauia
775 319 951 360 peccare.
999 319 1129 360 neque
1167 306 1276 348 enim
1312 306 1507 348 confessio
1543 307 1754 348 inmunem

250 374 349 416 facit
385 374 434 415 ab
471 373 631 415 insidiis
669 375 823 417 diaboli
860 377 933 417 aut
969 376 1108 417 contra
1137 375 1427 428 temptationes
1449 376 1490 416 et
1510 375 1693 428 pericula
1715 376 1755 417 et

249 443 435 484 incursus
456 442 587 495 adque
608 443 786 496 impetus
808 444 1034 486 saeculares
1064 443 1196 485 adhuc
1218 444 1261 485 in
1282 444 1442 485 saeculo
1464 443 1644 496 positum
1666 456 1755 496 per-

248 512 371 565 petua
407 511 623 553 securitate
658 511 863 554 defendit:
898 513 1078 554 ceterum
1122 524 1348 565 numquam
1382 512 1424 553 in
1461 511 1755 553 confessoribus

250 580 413 622 fraudes
445 581 486 621 et
518 581 661 634 stupra
692 581 732 621 et
763 581 967 623 adulteria
986 579 1248 634 postmodum
1269 581 1502 622 uideremus
1524 593 1627 634 quae
1649 593 1755 621 nunc
1786 599 1800 623 5

249 649 291 690 in
321 649 567 702 quibusdam
603 650 790 691 uidentes
825 650 1141 703 ingemescimus
1177 650 1217 691 et
1253 649 1450 691 dolemus.
1484 650 1654 703 quisque
1684 649 1755 690 1116

250 718 452 760 confessor
489 719 550 759 est
580 717 792 759 Salomone
813 718 944 760 maior
965 719 1038 759 aut
1058 718 1203 759 melior
1224 718 1296 759 aut
1316 718 1400 759 Deo
1423 718 1551 759 carior
1571 731 1650 760 non
1672 719 1753 760 est:

250 787 319 841 qui
344 788 482 829 tamen
505 787 702 840 quamdiu
724 787 765 828 in
788 787 868 828 uiis
899 786 1067 828 Domini
1100 786 1352 838 ambulauit,
1385 787 1547 828 tamdiu
1577 787 1756 840 gratiam

248 869 372 910 quam
412 857 461 897 de
497 856 672 897 Domino
708 855 844 896 fuerat
873 856 1114 897 consecutus
1146 855 1346 905 obtinuit,
1391 856 1610 908 postquam
1639 855 1755 897 dere-

246 925 371 978 liquit
392 924 559 966 Domini
582 924 714 974 uiam,
747 924 928 977 perdidit
950 925 990 965 et
1012 924 1191 978 gratiam
1222 924 1403 965 Domini.
1436 925 1477 965 et
1507 924 1596 965 ideo
1629 924 1755 977 scrip-
1770 934 1802 958 10

246 995 337 1035 tum
359 994 442 1034 est:
475 993 592 1034 tene
624 993 754 1045 quod
786 992 963 1043 habes,
996 1005 1052 1034 116
1083 993 1221 1034 alius
1254 992 1484 1046 accipiat
1515 1004 1756 1034 coronam

246 1063 399 1103 tuam.
434 1062 541 1113 quod
574 1061 716 1114 utique
747 1061 950 1103 Dominus
981 1074 1060 1103 non
1081 1061 1308 1104 minaretur
1330 1061 1481 1103 auferri
1503 1073 1619 1115 posse
1643 1074 1755 1103 coro-

245 1145 342 1173 nam
364 1130 571 1181 iustitiae,
605 1130 684 1171 nisi
708 1130 803 1183 quia
825 1131 1036 1172 recedente
1066 1130 1229 1172 iustitia
1257 1132 1419 1173 recedat
1450 1143 1611 1172 necesse
1634 1132 1694 1172 est
1716 1132 1756 1172 et

247 1212 403 1241 corona.

178 1275 224 1314 ‘31
304 1269 509 1311 Confessio
533 1269 745 1311 exordium
767 1268 922 1323 gloriae
945 1270 1019 1319 est,
1048 1282 1127 1311 non
1150 1269 1348 1310 meritum
1370 1269 1454 1310 iam
1477 1281 1660 1319 coronae,
1683 1282 1800 1310 116615

245 1338 404 1392 perficit
440 1339 606 1380 laudem
643 1338 713 1380 sed
748 1338 891 1379 initiat
930 1338 1199 1392 dignitatem,
1234 1350 1406 1390 cumque
1441 1338 1642 1391 scriptum
1679 1338 1754 1379 sit:

247 1408 333 1461 qui
379 1407 801 1461 perseuerauerit
844 1420 1003 1459 usque
1034 1407 1084 1448 in
1117 1407 1271 1448 finem
1301 1407 1387 1448 1116
1419 1406 1603 1448 saluus
1636 1407 1754 1457 erit,

246 1476 441 1530 quicquid
473 1478 565 1518 ante
595 1476 719 1517 finem
750 1476 876 1517 fuerit
907 1476 1058 1530 gradus
1090 1477 1150 1517 est
1187 1488 1265 1529 quo
1295 1476 1347 1518 ad
1369 1475 1586 1530 fastigium
1609 1476 1755 1517 salutis

247 1545 500 1596 ascenditur,
533 1557 612 1587 non
648 1546 849 1587 terminus
889 1557 966 1598 quo
1004 1546 1088 1587 iam
1125 1545 1316 1586 culminis
1355 1558 1522 1586 summa
1553 1545 1753 1586 teneatur.

248 1615 450 1657 confessor
483 1615 566 1656 est:
600 1614 670 1656 sed
701 1615 792 1667 post
822 1614 1116 1656 confessionem
1137 1614 1365 1667 periculum
1386 1614 1521 1656 maius
1544 1614 1627 1664 est,
1660 1613 1756 1666 quia
1770 1629 1804 1655 20

247 1684 341 1738 plus
372 1683 630 1725 aduersarius
661 1684 906 1736 prouocatus
939 1684 1011 1725 est.
1046 1683 1251 1725 confessor
1282 1684 1362 1724 est:
1395 1683 1470 1724 hoc
1492 1683 1626 1737 magis
1649 1683 1756 1724 stare

249 1752 369 1794 debet
391 1765 483 1793 cum
505 1752 673 1793 Domini
695 1752 905 1807 euangelio
927 1765 998 1805 per
1019 1752 1280 1807 euangelium
1311 1752 1487 1806 gloriam
1519 1752 1756 1794 consecutus

248 1821 481 1863 aDomino.
531 1821 609 1862 cui
648 1821 876 1863 multum
908 1821 1082 1872 datur,
1130 1821 1354 1862 multum
1385 1821 1666 1874 quaeritur
1698 1820 1756 1862 ab

247 1902 322 1932 eo:
355 1892 402 1932 et
434 1890 515 1932 cui
547 1890 665 1943 plus
698 1890 985 1945 dignitatis
1016 1890 1363 1942 adscribitur,
1414 1890 1534 1943 plus
1565 1890 1627 1931 de
1658 1890 1756 1931 illo

384 2004 426 2037 11
452 2005 608 2049 Apoce,
629 2004 681 2038 11.
761 2004 803 2038 17
830 2003 960 2038 Matth.
982 2004 1036 2047 10,
1055 2005 1109 2038 22.
1182 2004 1227 2038 23
1251 2004 1335 2038 Luc.
1356 2005 1409 2046 12,
1426 2004 1480 2038 46.

316 2107 334 2140 1
361 2106 550 2141 innefanda
568 2108 652 2150 M1,
680 2108 817 2141 nefaria
840 2108 875 2142 V
955 2109 1102 2151 tamque
1125 2108 1173 2149 V,
1201 2118 1306 2152 quam
1323 2119 1344 2143 v
1438 2108 1458 2141 2
1483 2106 1573 2141 facit
1591 2117 1635 2141 esc
1653 2106 1756 2140 fassit

245 2163 281 2199 R
299 2175 341 2198 m.
359 2166 382 2198 2
476 2166 516 2198 ut
534 2176 578 2199 ex
596 2167 659 2199 aut
678 2166 713 2200 R
730 2177 774 2199 m.
794 2168 815 2199 2
922 2165 944 2199 4
969 2165 1173 2199 securitatis
1192 2166 1243 2201 ΕΙ
1335 2175 1601 2209 nonnumquam
1619 2165 1669 2199 M
1674 2168 1681 2185 ¹

244 2221 265 2255 5
283 2220 548 2267 uiderimusque
569 2222 600 2256 (τ’
666 2223 686 2257 6
704 2224 740 2257 et
758 2233 802 2257 ecc
819 2224 860 2256 ut
877 2222 909 2257 G
972 2223 1135 2267 quisquis
1156 2223 1275 2258 GM²2>
1339 2223 1357 2257 7
1377 2224 1413 2256 et
1431 2227 1519 2257 ante
1537 2222 1657 2256 salom.
1669 2221 1753 2255 add.

245 2278 298 2314 R²
385 2270 452 2313 dno
471 2280 515 2321 R,
536 2291 600 2315 om.
624 2293 641 2316 v
714 2282 737 2317 8
756 2280 937 2325 qua-mdiu]
957 2281 1097 2315 tamdiu
1113 2281 1144 2315 G
1214 2281 1235 2314 9
1259 2280 1476 2324 derelinquit
1493 2280 1562 2316 GR
1634 2280 1678 2314 io
1698 2270 1757 2313 dni

245 2336 340 2370 uiam
360 2347 403 2371 ezr:
421 2337 481 2371 diu
498 2338 593 2372 fama
614 2338 650 2373 R
669 2349 709 2372 m.
728 2341 752 2373 2
822 2338 939 2383 perdit
957 2339 1006 2373 M
1074 2340 1108 2372 et
1125 2338 1202 2372 ideo
1222 2339 1392 2382 scriptum
1413 2338 1478 2382 est]
1498 2348 1563 2371 om.
1589 2337 1637 2377 G,
1664 2336 1757 2370 sicut

245 2393 417 2437 Scriptum
437 2396 507 2428 est:
535 2397 571 2429 et
589 2396 762 2430 excitauit
779 2395 942 2430 (lominus
962 2396 1133 2430 Satanan]
1157 2395 1228 2440 ipsi
1246 2395 1435 2430 Salomoni.
1455 2395 1587 2438 etideo
1605 2394 1643 2429 in
1660 2395 1754 2438 Apo-

244 2453 379 2498 calypsi
397 2452 558 2487 dominus
577 2452 621 2487 ad
638 2453 808 2488 Ioannem
825 2453 986 2497 grauiter
1004 2454 1240 2488 comminatur
1265 2453 1299 2487 V
1315 2453 1416 2487 unde
1440 2452 1642 2487 Illanutz'us
1669 2455 1757 2486 teste

244 2511 409 2556 Riyaltz'o
430 2511 563 2554 recepit
636 2511 678 2544 12
705 2511 841 2544 auferre
860 2512 906 2546 M
976 2512 1095 2555 posset
1113 2511 1164 2546 Εἰ
1244 2511 1287 2544 13
1306 2511 1389 2554 quia
1407 2521 1451 2544 esc
1469 2509 1530 2554 qui
1545 2510 1650 2544 le.
1665 2512 1688 2543 2

242 2568 381 2602 recedat
395 2578 439 2602 cqc
454 2568 554 2602 redat
576 2568 607 2602 G
624 2579 669 2602 m.
685 2571 706 2602 2
779 2569 821 2602 15
839 2568 922 2612 iam]
939 2579 1021 2602 nam
1035 2569 1083 2603 M
1094 2569 1135 2603 in
1152 2579 1221 2602 ras,
1297 2568 1338 2602 16
1358 2567 1417 2601 sed
1432 2578 1475 2601 ex
1489 2568 1525 2600 et
1543 2567 1593 2602 W
1604 2577 1646 2600 m.
1663 2568 1688 2600 2

243 2626 368 2660 initiat
386 2628 421 2659 et
439 2626 475 2662 R
548 2627 588 2660 17
616 2627 735 2670 inquit
754 2638 863 2670 usque
881 2627 930 2661 M
999 2627 1050 2671 111]
1070 2626 1113 2660 ad
1137 2627 1207 2662 GR
1277 2627 1347 2671 hic]
1367 2626 1398 2659 is
1418 2627 1460 2659 W
1530 2625 1572 2658 18
1598 2635 1683 2668 quo*
1704 2624 1755 2658 fa-

244 2683 393 2727 stigium
412 2684 461 2719 M
578 2684 619 2717 19
646 2684 846 2717 escenditur
865 2684 993 2718 maluit
1013 2685 1194 2718 Baianus
1312 2694 1448 2718 summa
1466 2685 1610 2717 tenetur
1629 2682 1676 2715 M
1690 2692 1715 2715 s.
1732 2682 1752 2715 l.

245 2751 286 2774 m.
304 2742 327 2775 2
398 2741 441 2775 21
467 2741 546 2785 plus
564 2752 608 2775 esc
626 2742 704 2785 pius
724 2742 760 2777 R
777 2753 819 2775 m.
834 2744 858 2777 2
944 2742 988 2775 23
1006 2753 1026 2775 a
1044 2742 1198 2786 domino]
1220 2732 1299 2776 *dni
1318 2742 1354 2777 R
1424 2741 1492 2785 cui]
1513 2741 1566 2774 ait
1584 2740 1677 2774 enim
1695 2739 1753 2773 do-

242 2797 358 2832 minus
377 2797 432 2832 cui
453 2809 470 2833 v
543 2800 710 2842 queretur
730 2799 806 2834 WR
884 2799 927 2833 2-1
953 2801 989 2833 et
1009 2811 1072 2833 om.
1093 2800 1140 2834 ill
