1912 3152
557 262 615 296 De
640 261 929 295 mortalitate
962 272 987 295 c.
1016 262 1161 296 20—23.
1526 261 1608 304 311

111 366 191 409 tari
213 368 253 408 et
274 364 485 407 reformari
508 364 559 406 ad
580 364 734 406 Christi
756 365 934 418 speciem
956 366 996 406 et
1017 365 1068 407 ad
1090 365 1277 407 caelestis
1297 366 1453 420 gratiae
1471 365 1610 420 digni·

111 436 238 477 tatem
255 433 378 475 citius
394 434 584 486 exoptet?
605 433 735 475 Paulo
750 434 931 486 apostolo
948 434 1219 487 praedicante,
1242 448 1267 476 n
1277 447 1299 475 0
1309 447 1327 476 s
1339 436 1356 476 t
1367 448 1386 476 r
1396 448 1420 476 a
1441 448 1463 475 a
1473 448 1499 476 ιι
1510 437 1527 476 t
1538 448 1558 476 e
1567 449 1609 477 m

111 503 458 553 conuersatiO,
506 503 662 556 inquit,
695 505 744 545 in
777 503 936 545 caelis
969 505 1065 554 est,
1099 504 1228 545 unde
1259 505 1308 545 et
1339 504 1609 545 Dominum

109 574 435 626 expectamus
467 573 636 614 Iesum
659 573 870 615 Christu
884 587 926 615 m
957 574 1042 626 qui
1073 572 1480 615 transformabit
1508 584 1611 614 cor-

62 653 76 678 s
107 654 196 697 pus
226 641 553 684 humilitatis
584 645 790 684 nostrae
821 642 1200 684 conformatum
1231 641 1432 695 corpori
1464 640 1611 682 clari-

104 711 232 753 tatis
263 723 281 751 s
292 725 319 752 u
329 724 352 752 a
361 723 393 752 e.
436 710 539 752 tales
568 722 639 752 nos
670 711 830 752 futuros
858 713 900 753 et
930 710 1117 752 Christus
1146 710 1348 752 Dominus
1378 709 1610 763 pollicetur,

106 779 265 833 quando
298 781 343 820 ut
374 792 467 821 cum
499 779 571 820 illo
603 780 733 822 simus
756 780 797 822 et
818 792 911 821 cum
934 779 1004 820 illo
1026 779 1069 820 in
1091 779 1269 821 aeternis
1292 778 1457 820 sedibus
1480 778 1612 830 adque

104 849 145 890 in
180 848 314 903 regnis
367 848 610 890 caelestibus
656 849 910 903 gaudeamus
957 849 1116 901 patrem
1158 860 1229 900 pro
1268 847 1383 889 nobis
1422 848 1613 900 precatur

106 917 261 959 dicens:
285 919 453 970 pater,
487 929 616 971 quos
647 917 774 958 mihi
806 917 1006 958 dedisti
1038 917 1151 959 uolo
1183 918 1236 958 ut
1268 916 1352 958 ubi
1384 927 1472 970 ego
1504 928 1611 956 sum

60 988 157 1029 met
200 987 302 1039 ipsi
349 986 456 1027 sint
499 999 694 1028 mecum
741 988 789 1028 et
833 986 1050 1028 uideant
1103 986 1411 1028 claritatem
1461 998 1611 1038 quam

105 1055 237 1098 mihi
269 1055 469 1096 dedisti
508 1055 809 1108 priusquam
847 1055 1063 1096 mundus
1104 1054 1278 1096 fieret.
1325 1055 1524 1096 uenturus
1559 1052 1610 1095 ad

105 1124 256 1166 Christi
294 1124 431 1165 sedem
442 1156 451 1174 ,
497 1124 548 1165 ad
580 1136 798 1179 regnorum
830 1123 1068 1165 caelestium
1099 1123 1331 1165 claritatem
1362 1123 1501 1177 lugere
1531 1135 1611 1164 non

104 1193 224 1235 debet
262 1194 303 1234 et
344 1193 536 1247 plangere
582 1192 651 1234 sed
698 1192 834 1245 potius
881 1192 1104 1234 secundum
1144 1192 1486 1245 pollicitationem
1526 1192 1610 1232 Do-

105 1262 228 1311 mini,
259 1262 481 1303 secundum
503 1261 626 1303 fidem
648 1261 735 1303 ueri
757 1261 800 1302 in
820 1261 1069 1315 profectione
1090 1261 1166 1303 hac
1188 1274 1262 1303 sua
1282 1262 1323 1303 et
1343 1261 1611 1303 translatione

59 1345 90 1370 15
104 1330 291 1386 gaudere.

162 1398 228 1441 Sic
249 1399 422 1452 denique
444 1399 677 1441 inuem'mus
700 1399 741 1441 et
762 1399 900 1442 Enoch
922 1399 1174 1441 translatum
1196 1412 1282 1441 esse
1303 1400 1373 1452 qui
1403 1399 1489 1441 Deo
1519 1400 1607 1452 pla·
1623 1403 1676 1443 23

106 1469 210 1518 cuit,
242 1468 348 1509 sicut
378 1467 420 1509 in
452 1467 599 1510 Genesi
630 1469 806 1510 testatur
837 1469 878 1510 et
908 1468 1092 1522 loquitur
1123 1469 1327 1522 scriptura
1358 1468 1518 1509 diuina:
1560 1470 1609 1510 et

102 1537 302 1591 placuit
331 1537 501 1578 Enoch
532 1537 631 1578 Deo
663 1538 714 1578 et
743 1549 837 1579 non
868 1538 947 1578 cst
977 1538 1221 1580 inuentus
1252 1539 1417 1591 postm
1434 1537 1608 1587 odum,

103 1606 224 1660 quia
254 1607 357 1647 Deu
370 1617 387 1647 s
427 1605 582 1647 illum
623 1606 797 1648 transt
810 1606 928 1648 ulit.
976 1607 1050 1648 hoc
1086 1606 1166 1648 fuit
1202 1606 1403 1659 placuisse
1439 1607 1482 1648 in
1515 1618 1611 1648 con-

17 1693 20 1708 2
57 1684 90 1712 ὀ
102 1675 242 1727 spectu
263 1674 340 1716 Dei
362 1675 410 1715 de
431 1674 506 1715 hoc
527 1674 714 1729 contagio
737 1675 888 1716 saeculi
910 1675 1107 1717 meruisse
1125 1675 1352 1717 transferri.
1386 1676 1457 1717 sed
1478 1676 1519 1716 et
1539 1688 1611 1728 per

17 1713 22 1775 ἒ
102 1743 360 1786 Salomonem
380 1743 497 1785 docet
518 1741 698 1796 Spiritus
720 1744 884 1786 sanctus
906 1756 973 1786 eos
995 1744 1065 1798 qui
1088 1744 1173 1786 Deo
1194 1744 1382 1798 placeant
1403 1744 1609 1786 maturius

19 1787 23 1856 l
100 1812 222 1854 istinc
244 1811 367 1854 eximi
389 1813 430 1854 et
452 1812 576 1854 citius
597 1812 762 1854 liberari
778 1845 787 1863 ,
819 1826 869 1854 ne
890 1813 991 1854 dum
1011 1812 1054 1854 in
1075 1813 1155 1855 isto
1178 1813 1331 1855 mundo
1353 1813 1510 1855 diutius
1543 1813 1608 1854 in-

0 1884 1 1910 }
19 1867 25 1944 ᾖ
99 1882 310 1923 morantur
340 1880 484 1922 mundi
521 1880 777 1923 contactibus
806 1881 1064 1935 polluantur:
1113 1896 1132 1924 r
1144 1895 1201 1936 ap
1211 1883 1263 1924 tu
1274 1895 1291 1923 s
1323 1895 1343 1924 e
1354 1895 1371 1924 s
1384 1884 1402 1924 t
1441 1881 1605 1938 [inquit]

21 1951 26 2010 ξ
98 1962 158 1992 ne
178 1950 392 1992 malitia
413 1951 643 1992 mutaret
673 1950 1014 1992 intellectum
1045 1951 1213 1993 illius.
1246 1951 1445 2005 placita
1476 1950 1607 1993 enim

22 2011 213 2105 'Inerat
242 2020 345 2061 Deo
376 2019 544 2061 anima
574 2019 695 2061 eius,
742 2020 958 2073 propter
996 2020 1089 2061 hoc
1133 2020 1442 2074 properauit
1487 2021 1543 2062 ed
1558 2033 1607 2061 u-

23 2107 26 2127 1
100 2100 207 2131 cere
238 2102 350 2131 eum
383 2088 440 2130 de
471 2088 639 2130 media
670 2089 974 2142 iniquitate.
1008 2089 1067 2130 sic
1088 2089 1128 2130 et
1149 2090 1192 2131 in
1212 2089 1384 2143 psalmis
1406 2089 1457 2131 ad
1472 2089 1607 2130 Deum

24 2195 29 2255 i
233 2227 255 2260 2
280 2226 374 2260 Phil.
393 2226 424 2268 3,
443 2227 488 2260 20
502 2236 552 2270 sq.
626 2227 647 2260 9
674 2226 723 2260 lo.
739 2226 791 2267 17,
807 2226 861 2260 24.
936 2227 976 2260 17
997 2228 1082 2262 (iren.
1098 2228 1196 2268 5‚24.
1270 2227 1314 2261 23
1333 2227 1412 2271 Sap.
1430 2227 1463 2267 4,
1480 2227 1532 2267 11,
1552 2227 1606 2263 14.

26 2280 30 2326 1

169 2342 186 2375 1
213 2341 464 2376 transformari
482 2342 663 2376 Baluzius
769 2342 923 2386 gratiae]
941 2342 1076 2386 gloriae
1094 2354 1115 2378 v
1223 2343 1245 2377 2
1270 2342 1378 2377 citius
1398 2342 1427 2376 S
1433 2340 1606 2382 OWGV,

28 2391 32 2444 ᾗ
100 2400 222 2435 uenire
239 2400 346 2434 citius
363 2411 383 2435 v
454 2399 681 2444 praedicante
700 2401 736 2434 et
753 2399 894 2434 dicente
912 2412 934 2435 v
1003 2401 1026 2434 3
1050 2400 1088 2434 in
1105 2400 1214 2435 caelis
1233 2401 1300 2444 est]
1319 2399 1483 2434 caelestis
1504 2399 1537 2433 G

30 2502 32 2508 .
96 2456 118 2490 4
142 2457 413 2491 transformauit
431 2456 588 2492 SWGO
691 2457 713 2490 5
739 2457 1007 2491 comformatum
1026 2457 1071 2498 S,
1097 2457 1354 2502 configuratum
1373 2469 1394 2492 v
1500 2458 1521 2491 6
1549 2456 1604 2491 fu-

30 2518 33 2559 ξ
96 2514 194 2548 turos
210 2524 275 2548 om.
296 2514 328 2548 G
398 2513 579 2558 pollicitur
598 2514 628 2549 Ο
698 2514 717 2548 7
736 2514 792 2558 ut]
811 2516 847 2548 et
870 2514 903 2549 G
974 2526 1093 2549 sumus
1103 2514 1170 2549 SG
1240 2515 1332 2559 cum]
1351 2525 1429 2548 cum
1445 2514 1482 2548 in
1503 2513 1537 2548 G

30 2561 34 2582 ²
97 2570 237 2605 sedibus
245 2571 327 2607 SW
334 2570 413 2612 GV,
429 2571 568 2606 sedibus
581 2572 743 2605 uiuamus
757 2571 808 2607 Ov
872 2571 948 2616 adq.
966 2572 1002 2606 in
1014 2583 1041 2606 r.
1056 2572 1140 2607 cael.
1151 2582 1216 2607 om.
1233 2571 1267 2607 G
1329 2572 1350 2606 9
1368 2582 1445 2606 sum
1456 2571 1494 2611 S,
1508 2571 1605 2604 fuero

32 2632 34 2645 '
103 2627 247 2663 OWGv
319 2630 362 2663 10
386 2631 422 2663 et
439 2629 506 2673 ipsi
525 2629 599 2663 sint
617 2639 660 2663 ex
678 2629 792 2673 ipsint
812 2630 855 2662 W
867 2640 911 2663 m.
929 2632 953 2664 2
1026 2629 1068 2664 13
1092 2630 1140 2673 et]
1159 2640 1220 2663 nec
1237 2640 1258 2664 v
1336 2629 1379 2663 14
1404 2628 1493 2672 ueri]
1513 2627 1605 2662 ueri-

99 2684 239 2726 tatis'v‚
259 2684 359 2719 uerbi
376 2686 514 2730 aliquot
527 2686 666 2721 codices
676 2713 683 2727 ,
714 2686 814 2720 uerbi
828 2686 995 2721 ueritatis
1009 2686 1261 2731 reponendum
1279 2689 1397 2721 censet
1411 2685 1537 2720 Routh

33 2763 37 2792 3
99 2741 310 2786 professione
329 2742 358 2777 S
448 2742 514 2777 hac
541 2754 606 2778 om.
626 2744 656 2778 S
761 2743 1033 2779 translationem
1062 2743 1233 2788 gauderes
1256 2744 1286 2778 0
1378 2743 1424 2776 20
1448 2741 1520 2786 sed]
1553 2743 1604 2777 sic

34 2822 37 2828 -
99 2798 309 2844 Krabinyer
378 2800 419 2834 21
448 2799 662 2834 salamonem
685 2800 714 2835 Ο
784 2801 925 2845 placent
949 2801 1000 2835 G¹
1087 2801 1132 2835 22
1157 2801 1249 2834 stine
1268 2800 1297 2834 S
1381 2800 1604 2834 inmorantur

35 2848 38 2857 ’
106 2855 148 2887 W
161 2866 187 2890 s.
206 2856 228 2890 l.
246 2867 289 2891 m.
309 2858 334 2890 2
438 2857 482 2891 23
507 2857 778 2902 contagionibus
795 2859 846 2894 W
949 2858 1068 2903 inquit
1087 2869 1151 2892 om.
1172 2857 1202 2892 S
1209 2857 1330 2892 WGO
1441 2856 1486 2890 25
1511 2856 1601 2901 eius}

36 2928 38 2949 ³
106 2911 204 2947 illius
223 2912 252 2947 S
343 2913 387 2948 26
412 2913 454 2947 dc
477 2913 593 2949 media
621 2914 815 2959 iniquitate
844 2914 989 2950 educere
1020 2915 1122 2949 illum
1146 2914 1176 2949 O
1268 2913 1447 2948 dominum
1467 2912 1495 2948 S
1502 2916 1533 2948 ὐ
