1912 3152
282 201 365 242 282
826 196 1018 230 Caecilii
1044 196 1257 241 Cypriani

215 305 267 344 20
339 302 468 343 Docet
490 313 569 342 non
590 302 756 343 tantum
779 300 1091 342 contemnendas
1114 300 1183 341 sed
1217 299 1257 340 et
1287 300 1533 352 periculosas
1566 313 1650 342 esse
1682 301 1791 343 diui-

282 372 376 422 tias,
400 371 487 412 11116
505 384 592 413 6666
613 370 792 412 radicem
814 370 1018 410 malorum
1040 368 1355 419 blandientium,
1380 369 1618 410 caecitatem
1640 371 1791 412 mentis

281 440 483 481 humanae
505 440 664 481 occulta
687 438 921 491 deceptione
943 438 1191 479 fallentium.
1226 438 1331 478 unde
1354 439 1394 479 et
1417 438 1591 479 diuitem
1614 439 1792 480 stultum

283 508 508 550 saeculares
530 508 665 561 copias
687 508 937 562 cogitantem
969 508 1009 548 et
1031 520 1072 548 se
1096 507 1407 548 exuberantium
1429 508 1640 549 fructuum
1661 507 1791 562 largi-

283 578 368 619 tate
390 577 613 619 iactantem
634 577 847 631 redarguit
870 576 980 617 Deus
1003 576 1161 617 dicens:
1196 576 1384 625 stulte,
1417 576 1509 617 hac
1540 577 1687 618 nocte
1718 588 1793 617 ex—

282 646 585 699 postulatur
606 646 772 687 anima
794 647 892 686 tua.
928 657 1052 697 quae
1074 657 1197 699 ergo
1219 646 1421 697 parasti
1445 645 1591 686 cuius
1615 646 1793 686 erunt?

282 715 515 757 laetabatur
537 714 693 755 stultus
714 714 756 754 in
779 713 983 755 fructibus
1014 714 1131 755 nocte
1162 713 1388 756 moriturus
1421 715 1461 755 et
1494 714 1559 755 cui
1591 714 1679 755 uita
1710 713 1795 754 iam

283 785 422 826 deerat
444 783 578 823 uictus
601 781 898 823 abundantiam
916 782 1138 835 cogitabat.
1174 783 1313 823 contra
1330 784 1468 824 autem
1484 783 1686 824 Dominus
1703 794 1794 835 per-

283 852 438 895 fectum
469 853 510 894 et
541 853 875 893 consummatum
906 851 1023 892 docet
1053 851 1142 893 fieri
1174 852 1244 904 qui
1275 852 1464 893 omnibus
1497 852 1582 893 suis
1614 851 1794 892 uenditis

283 922 414 975 adque
436 922 478 963 in
509 934 631 962 usum
662 933 888 974 pauperum
921 920 1157 962 distributis
1189 921 1429 962 thesaurum
1462 921 1541 962 sibi
1574 920 1722 961 condat
1753 920 1842 960 inm

283 991 405 1032 caelo.
440 1004 532 1032 eum
565 989 666 1031 dicit
696 1001 813 1043 posse
846 1003 887 1031 se
920 990 1033 1042 sequi
1065 990 1106 1031 et
1138 989 1314 1044 gloriam
1344 990 1571 1032 dominicae
1593 989 1796 1043 passionis

284 1060 439 1102 imita-ri
472 1060 543 1112 qui
575 1059 788 1112 expeditus
821 1060 862 1100 et
895 1059 1127 1100 succinctus
1159 1059 1286 1100 nullis
1317 1059 1475 1112 laqueis
1497 1059 1557 1100 rei
1579 1058 1797 1100 familiaris

283 1129 534 1179 inuoluitur,
559 1129 628 1169 sed
651 1128 810 1170 solutus
834 1140 880 1170 ac
900 1128 1006 1169 liber
1028 1127 1246 1170 facultates
1270 1140 1362 1170 suas
1384 1129 1434 1169 ad
1456 1128 1682 1169 Dominum
1703 1127 1797 1168 ante

283 1196 527 1250 praemissas
548 1197 635 1249 ipse
657 1209 816 1250 quoque
839 1197 1074 1238 comitatur.
1109 1197 1160 1238 ad
1183 1197 1290 1250 quod
1308 1199 1355 1238 ut
1372 1198 1502 1249 possit
1518 1196 1798 1250 unusquisque

283 1267 470 1307 nostrum
491 1278 632 1319 parare
662 1278 726 1316 66,
760 1266 818 1307 616
849 1266 971 1308 discit
1003 1278 1115 1308 orare
1148 1268 1188 1308 et
1221 1266 1269 1307 de
1306 1265 1501 1307 orationis
1536 1265 1627 1319 lege
1665 1264 1798 1317 qualis
1811 1280 1844 1305 15

286 1347 371 1377 esse
395 1335 542 1376 debeat
564 1347 740 1376 noscere.

218 1411 266 1450 21
341 1404 483 1457 Neque
506 1404 616 1445 enim
639 1406 777 1446 deesse
801 1404 1052 1446 cottidianus
1075 1404 1190 1445 cibus
1221 1405 1358 1456 potest
1390 1403 1519 1455 iusto,
1553 1416 1647 1445 cum
1669 1403 1799 1455 scrip-

284 1476 376 1517 tum
398 1476 474 1516 sit:
506 1486 601 1516 non
633 1473 840 1516 occidet
871 1473 1120 1515 Dominus
1153 1472 1284 1514 fame
1316 1472 1540 1514 animam
1578 1472 1798 1522 iustam,

284 1546 325 1586 et
353 1545 526 1586 iterum:
575 1543 815 1584 iuuenior
858 1542 933 1584 1111
974 1543 1023 1584 61
1063 1543 1207 1584 senui
1248 1543 1296 1583 et
1327 1554 1423 1583 non
1456 1542 1569 1583 uidi
1601 1541 1799 1583 iustum

285 1613 596 1654 derelictum
627 1625 790 1666 neque
823 1625 989 1654 semen
1021 1612 1130 1655 eius
1163 1625 1413 1665 quaerens
1445 1624 1649 1665 panem,
1697 1611 1846 1656 item20

283 1681 486 1723 Dominus
522 1682 742 1736 promittat
779 1682 820 1723 et
856 1682 987 1724 dicat:
1039 1682 1213 1724 nolite
1255 1682 1496 1737 cogitare
1536 1681 1797 1722 dicentes:

286 1750 407 1804 quid
438 1750 643 1792 edemus
675 1752 761 1792 aut
792 1751 912 1804 quid
944 1751 1180 1793 bibemus
1212 1754 1299 1794 aut
1331 1751 1454 1804 quid
1486 1749 1801 1792 uestiemur?

284 1820 405 1861 haec
436 1819 569 1862 enim
599 1820 848 1862 nationes
881 1822 1150 1874 quaerunt.
1185 1821 1285 1863 scit
1324 1821 1495 1862 autem
1534 1819 1683 1872 pater
1722 1830 1802 1858 ue-

286 1890 399 1930 ster
430 1889 549 1942 quia
578 1889 755 1931 horum
786 1890 1007 1932 omnium
1046 1891 1319 1947 indigetis.
1367 1889 1603 1943 quaerite
1635 1888 1799 1938 primo

286 1970 496 2012 regnum
529 1958 582 2000 et
613 1958 884 2000 iustitiam
906 1960 1019 2014 Dei,
1052 1961 1257 2002 ethaeo
1288 1959 1454 2001 omnia
1476 1958 1855 2011 adponenturzs·

286 2026 443 2069 uobis,
478 2027 768 2080 quaerentibus
797 2040 970 2082 regnum
1003 2030 1044 2070 et
1074 2029 1282 2071 iustitiam
1313 2028 1391 2070 Dei
1423 2027 1560 2068 omnia
1589 2025 1799 2079 promittit

287 2095 448 2148 adponi.
482 2109 579 2138 nam
601 2108 694 2138 cum
715 2096 792 2137 Dei
815 2096 897 2138 sint
919 2097 1076 2149 omnia,
1109 2097 1278 2139 habenti
1300 2097 1435 2138 Deum
1456 2095 1562 2137 nihil
1583 2095 1732 2145 deerit,
1765 2094 1800 2135 si

423 2222 444 2255 5
462 2221 543 2255 Luc.
564 2221 618 2263 12,
635 2221 689 2256 20.
757 2222 800 2256 18
817 2222 919 2256 Ρ1·()11.
938 2222 990 2264 10,
1006 2222 1037 2256 3.
1104 2223 1146 2256 19
1165 2222 1220 2256 Ps.
1236 2222 1290 2264 36,
1307 2222 1361 2256 25.
1433 2222 1476 2255 21
1495 2221 1626 2255 Matth.
1643 2221 1672 2262 6,
1689 2220 1731 2254 31
1748 2230 1799 2264 sq.

357 2325 376 2358 1
402 2335 465 2358 nos
483 2336 551 2359 non
576 2324 610 2359 G
703 2325 724 2359 2
750 2325 902 2359 radicem
924 2336 998 2360 esse
1021 2326 1072 2361 W
1190 2325 1211 2359 3
1237 2325 1481 2369 deceptatione
1501 2326 1551 2360 W
1658 2324 1680 2358 4
1704 2324 1797 2358 11116-

286 2383 364 2415 tum
383 2381 411 2416 S
480 2382 502 2416 5
526 2373 591 2416 diss
613 2383 665 2418 W
734 2383 752 2416 7
779 2383 857 2427 ipsa
874 2385 975 2417 nocte
996 2394 1013 2418 v
1086 2383 1130 2417 10
1154 2382 1377 2417 distribuitis
1398 2383 1425 2418 S
1502 2383 1736 2417 thensaurum
1754 2392 1799 2416 ex

286 2439 474 2473 thensauri
493 2439 536 2480 S,
561 2439 746 2474 thesauros
770 2440 804 2474 V
910 2441 952 2474 11
979 2440 1088 2474 caelis
1113 2440 1145 2475 V
1254 2451 1288 2474 se
1308 2451 1370 2474 om.
1392 2442 1443 2476 W
1549 2440 1684 2484 gloriae
1703 2439 1732 2474 S

289 2496 332 2530 13
357 2496 460 2530 deum
478 2507 499 2531 υ
594 2497 638 2530 15
662 2498 822 2531 11061111111
841 2507 905 2532 om.
925 2508 945 2532 v
1039 2497 1090 2531 sic
1108 2507 1172 2532 om.
1190 2497 1218 2531 S
1311 2497 1428 2532 discat
1449 2509 1481 2539 υ,
1502 2497 1631 2531 didicit
1650 2508 1693 2531 esc
1711 2495 1798 2530 dicit

293 2553 325 2588 G
341 2565 386 2587 m.
400 2555 424 2588 2
510 2553 551 2588 (16
568 2564 634 2588 om.
655 2555 703 2589 W
790 2556 833 2589 18
858 2554 950 2589 fame
967 2546 1032 2588 (1116
1052 2555 1101 2589 W
1185 2554 1228 2588 19
1253 2554 1369 2589 iunior
1387 2554 1436 2590 Su
1529 2554 1574 2588 20
1597 2565 1659 2587 1166
1681 2554 1732 2589 W

286 2612 328 2645 21
356 2611 520 2645 dominus
538 2621 603 2646 om.
629 2611 663 2646 G
739 2612 971 2657 repromittat
988 2613 1039 2648 W
1121 2613 1283 2657 digentes
1303 2613 1365 2647 W¹
1451 2612 1496 2646 22
1520 2611 1683 2646 bibamus
1703 2611 1732 2645 S

287 2668 486 2703 uestiamur
504 2668 534 2703 S
626 2669 670 2703 23
696 2670 790 2703 6111111
813 2671 863 2706 W
877 2680 902 2704 s.
924 2670 945 2704 l.
964 2681 1008 2704 m.
1027 2672 1051 2704 2
1122 2671 1294 2714 quaerent
1313 2670 1340 2704 S
1428 2669 1563 2713 autem]
1582 2669 1675 2703 enim
1696 2667 1729 2703 G

287 2726 332 2760 24
357 2725 534 2771 inde-getis
554 2727 583 2761 S
675 2727 813 2771 querite
830 2727 983 2771 primum
1013 2727 1046 2762 G
1151 2728 1195 2762 25
1219 2738 1369 2773 regnum
1386 2727 1442 2762 dei
1460 2728 1495 2761 et
1513 2727 1596 2761 11161.
1617 2726 1690 2760 61116
1710 2737 1730 2761 υ

288 2782 331 2816 27
358 2783 431 2817 sint
450 2783 507 2818 dei
525 2785 576 2820 W
669 2774 756 2819 <lons
768 2785 797 2820 S
891 2786 921 2819 61
940 2796 983 2820 ea:
1002 2786 1076 2820 sine
1101 2785 1133 2820 G
1151 2797 1194 2820 m.
1212 2787 1238 2819 2
