1838 3152
155 206 240 249 650
694 178 890 241 caecini
915 205 1133 250 Cypriani

153 309 341 351 tractabo
364 321 458 350 cum
480 309 657 363 singulis
678 309 853 363 plenius,
885 309 933 350 ut
955 309 1004 350 de
1026 321 1070 351 eo
1093 310 1202 362 quod
1223 309 1490 352 consuluistis
1513 310 1667 365 figatur

154 377 262 430 apud
292 389 365 419 nos
395 378 435 418 et
463 377 712 419 rescribatur
741 378 859 420 uobis
887 377 1007 419 firma
1039 378 1244 420 sententia
1270 379 1500 420 multorum
1530 391 1665 420 sacer-

154 446 299 487 dotum
340 445 506 487 consilio
546 446 780 500 ponderata.
823 447 917 500 opto
949 458 1034 500 uos,
1071 447 1218 488 fratres
1254 446 1469 498 carissimi,
1507 459 1667 500 semper

154 515 257 556 bene
278 514 428 555 ualere.

521 707 1017 780 EPISTVLA
1064 707 1293 780 LVII.
1683 753 1700 778 ⁵

347 844 613 879 CYPRIANVS
638 843 888 880 LIBERALIS
917 844 1185 879 CALDONIVS
1211 843 1484 880 NICOMEDES

155 901 404 937 CAECILIVS
437 901 603 935 IVNIVS
635 902 910 937 MARRVTIVS
944 902 1089 936 FELIX
1122 901 1375 937 SVCCESSVS
1403 902 1669 937 FAVSTINVS

154 958 467 993 FORTVNATVS
498 958 673 994 VICTOR
700 959 1003 994 SATVRNINVS
1027 959 1168 993 ALIVS
1195 959 1497 994 SATVRNINVS
1522 959 1668 995 ROGA-

154 1015 329 1050 TIANVS
370 1015 643 1052 TERTVLLVS
684 1017 920 1052 LVCIANVS
959 1016 1152 1051 SATTIVS
1192 1016 1491 1052 SECVNDINVS
1528 1017 1668 1052 ALIVS

160 1072 461 1107 SATVRNINVS
501 1073 747 1108 EVTYCHES
787 1074 965 1108 AMPIVS
1005 1073 1145 1108 ALIVS
1188 1074 1486 1108 SATVRNINVS
1523 1075 1666 1109 AVRE-
1682 1083 1717 1108 lo

154 1129 260 1164 LIVS
307 1129 502 1165 PRISCVS
549 1131 898 1166 HERCVLANEVS
951 1131 1229 1166 VICTORICVS
1271 1131 1476 1175 QVINTVS
1518 1132 1667 1168 HONO—

156 1186 308 1221 RATVS
367 1187 700 1223 MANTHANEVS
760 1189 1125 1224 HORTENSIANVS
1186 1189 1428 1223 VERIANVS
1487 1190 1668 1225 IAMBVS

156 1243 379 1279 DONATVS
408 1245 686 1280 POMPONIVS
716 1245 1019 1280 POLYCARPVS
1052 1246 1323 1281 DEMETRIVS
1349 1247 1490 1281 ALIVS
1518 1247 1668 1283 DONA-

156 1302 243 1336 TVS
298 1302 625 1337 PRIVATIANVS
674 1303 986 1338 FORTVNATVS
1034 1304 1252 1339 ROGATVS
1300 1304 1359 1338 ET
1407 1304 1668 1339 MONNVLVS

682 1361 889 1396 CORNEIO
916 1360 1093 1395 FRATRI
1119 1361 1151 1395 S.
1683 1368 1717 1393 15

123 1477 140 1517 1
216 1474 504 1517 Statueramus
535 1476 702 1529 quidem
730 1476 902 1529 pridem,
933 1476 1061 1518 frater
1083 1476 1308 1528 carissime,
1338 1476 1586 1529 participato
1608 1477 1672 1518 in-

158 1544 291 1586 uicem
322 1544 535 1586 nobiscum
558 1545 727 1587 consilio
749 1543 795 1586 ut
818 1546 888 1599 qui
909 1546 952 1587 in
973 1546 1267 1599 persecutionis
1289 1545 1551 1587 infestatione
1574 1545 1672 1587 sub-

156 1613 336 1667 plantati
365 1613 416 1655 ab
446 1614 678 1656 aduersario
710 1615 750 1656 et
778 1614 885 1667 lapsi
914 1614 1089 1656 fuissent
1119 1615 1159 1656 et
1188 1614 1398 1656 sacrificiis
1428 1627 1470 1656 se
1498 1614 1672 1656 inlicitis

155 1682 445 1733 maculassent,
478 1683 646 1737 agerent
677 1683 748 1724 diu
778 1683 1075 1737 paenitentiam
1105 1683 1272 1736 plenam
1304 1684 1345 1724 et
1376 1683 1410 1724 si
1440 1683 1670 1736 periculum

156 1750 416 1792 infirmitatis
438 1752 645 1805 urgueret,
668 1764 810 1805 pacem
832 1752 906 1794 sub
929 1752 1016 1793 ictu
1036 1752 1182 1793 mortis
1206 1752 1448 1805 acciperent.
1471 1764 1544 1793 nec
1561 1751 1721 1794 enimzo

156 1818 220 1861 fas
242 1820 330 1861 erat
350 1821 422 1861 aut
442 1820 714 1873 permittebat
735 1821 905 1874 paterna
924 1821 1058 1875 pietas
1080 1821 1121 1862 et
1138 1821 1281 1862 diuina
1302 1821 1521 1863 clementia
1544 1821 1671 1863 eccle-

230 1968 249 2001 1
267 1968 436 2013 figssaeatur
453 1969 509 2009 M,
528 1969 703 2003 referatur
719 1970 759 2003 F
870 1971 892 2004 2
909 1971 1125 2004 sententiam
1144 1971 1179 2004 B
1289 1981 1309 2004 a
1325 1970 1519 2004 multorum
1536 1970 1625 2005 LP²

154 2025 177 2059 3
201 2025 433 2070 ponderatam
456 2026 493 2059 B
630 2028 711 2071 opto
813 2028 932 2062 ualere
957 2039 1021 2062 om.
1041 2028 1181 2062 BLN1.
1208 2048 1251 2052 —
1275 2027 1330 2062 Ad
1356 2027 1527 2072 (Explicit
1552 2027 1597 2061 ad
1621 2028 1671 2071 P)

161 2082 400 2116 Fortunatum
419 2085 454 2117 et
472 2085 605 2117 ceteros
623 2083 665 2118 dc
682 2084 739 2118 his
757 2083 814 2128 (de
831 2084 889 2118 his
903 2095 969 2119 om.
984 2085 1147 2130 BLNP)
1166 2085 1227 2129 qui
1245 2096 1304 2129 per
1323 2085 1406 2128 (om.
1421 2085 1472 2128 B)
1490 2086 1669 2119 tormenta

160 2141 363 2184 (tormentis
378 2141 426 2180 B)
445 2143 657 2186 superantur
674 2142 849 2186 (superati
867 2144 951 2176 sunt
966 2143 1014 2186 Β)
1033 2143 1179 2186 explicit
1197 2144 1279 2186 (om.
1296 2143 1346 2186 P)
1367 2142 1607 2177 BFLMNP.
1625 2162 1667 2168 ——

229 2197 344 2241 Epist.
364 2197 477 2232 LVII.
503 2219 546 2222 —
571 2199 705 2243 Incipit
734 2199 778 2233 ad
796 2199 998 2234 Cornelium
1029 2200 1071 2234 de
1099 2199 1212 2244 lapsis
1232 2200 1312 2241 LP,
1344 2199 1480 2244 Incipit
1511 2199 1668 2234 eiusdem

157 2254 309 2289 secunda
326 2254 365 2300 Q,
391 2255 527 2300 Incipit
545 2256 588 2290 ad
602 2255 803 2291 Cornelium
822 2257 985 2301 (feliciter
1003 2257 1088 2291 add.
1110 2257 1151 2301 C)
1175 2256 1249 2292 GR.
1269 2277 1312 2283 ψ-
1330 2258 1351 2291 6
1369 2256 1573 2301 calydonius
1595 2257 1624 2303 Q

158 2311 178 2345 7
197 2311 318 2346 iunius
336 2313 531 2347 marrutius
549 2324 613 2347 om.
634 2314 686 2348 Ρι
780 2315 976 2348 mari-unius
997 2315 1092 2359 DQ,
1119 2314 1315 2349 ina-ruscius
1335 2314 1366 2350 C'
1455 2315 1477 2348 8
1495 2314 1588 2349 alius
1608 2341 1616 2348 .
1632 2341 1638 2347 .
1655 2341 1663 2348 .

155 2369 319 2403 lucianus
338 2380 402 2404 om.
427 2370 494 2405 CR
586 2371 607 2405 9
624 2371 781 2405 tertulus
805 2371 834 2416 Q
928 2372 1042 2405 satius
1060 2373 1105 2412 P,
1124 2372 1272 2406 stattius
1292 2372 1328 2406 R
1423 2372 1466 2406 10
1483 2372 1665 2416 eutyches]

157 2427 313 2461 aurelius
340 2429 548 2462 saturninus
574 2431 716 2473 eutyces
747 2428 776 2474 Q
916 2430 1069 2474 ampius]
1097 2430 1236 2473 amplus
1263 2430 1343 2471 LP,
1376 2429 1517 2464 iambus
1546 2429 1576 2474 Q

158 2484 201 2518 11
219 2484 446 2519 herculanius
470 2485 537 2529 ΩΒ
561 2486 787 2530 (herculanus
806 2487 868 2530 M)
1011 2487 1054 2521 12
1071 2488 1277 2521 mantanius
1295 2487 1339 2528 R,
1367 2487 1571 2521 montanius
1596 2487 1625 2522 C

159 2541 203 2576 13
219 2542 428 2586 pomponius
452 2554 484 2587 p.
505 2542 537 2577 d.
558 2554 589 2577 a.
607 2543 760 2577 donatus
777 2554 843 2578 om.
869 2544 899 2579 Ο
1037 2545 1081 2579 14
1098 2546 1134 2578 et
1151 2556 1217 2579 om.
1238 2545 1272 2579 L
1412 2544 1604 2579 munnulus
1628 2543 1667 2588 Q,

156 2599 321 2633 monulus
346 2600 382 2641 C,
410 2600 592 2635 montulus
611 2601 654 2641 P,
674 2602 865 2635 mannulus
882 2613 903 2636 v
1036 2602 1079 2636 16
1098 2601 1242 2645 quidem
1259 2602 1331 2636 iam
1353 2601 1405 2647 Qv
1528 2601 1668 2645 pridem

159 2666 223 2690 om.
248 2656 313 2691 CR
415 2646 568 2691 ffsvkiffi
589 2658 627 2700 C,
642 2647 722 2692 kffie
739 2659 776 2693 R
886 2660 927 2693 17
945 2659 1189 2703 persecutione
1211 2660 1294 2695 C¹R
1403 2659 1447 2694 18
1463 2658 1573 2693 fuisse
1596 2659 1625 2694 C

158 2713 207 2757 et]
226 2724 266 2748 ac
290 2713 389 2758 OQR
506 2715 549 2750 19
566 2726 670 2760 agere
687 2716 793 2761 LPQ
908 2717 954 2751 20
970 2718 1139 2761 urgerent
1162 2727 1284 2761 pacem
1309 2717 1338 2752 G
1449 2716 1514 2750 sub
1532 2716 1602 2750 icto
1627 2715 1666 2760 Q,

160 2770 318 2806 subiecto
335 2772 379 2813 L,
399 2772 599 2807 subiectum
621 2773 650 2808 O
753 2773 796 2807 21
815 2773 882 2818 fas]
901 2784 982 2807 ucre
999 2773 1053 2807 fas
1071 2765 1116 2816 R',
1136 2763 1271 2808 ueritas
1293 2774 1322 2809 0
1420 2773 1670 2818 permittebat]

158 2827 331 2862 mittebat
349 2829 383 2863 L
477 2830 527 2873 et]
546 2841 585 2864 ac
608 2830 673 2866 GR
768 2830 959 2865 aecclesiae
982 2832 1010 2867 C
