1838 3152
668 211 879 256 Epistula
901 210 1134 246 LX.—LXI.
1564 213 1648 255 695

153 316 502 370 deprecationibus
542 315 704 357 crebris.
746 314 846 356 haec
880 315 976 356 sunt
1011 315 1119 355 enim
1154 315 1271 356 nobis
1306 326 1420 357 arma
1456 315 1649 357 caelestia

153 398 256 439 quae
285 385 393 426 stare
414 384 455 425 et
475 395 734 438 perseuerare
762 382 925 425 fortiter
953 382 1121 424 faciunt.
1153 383 1253 424 haec
1274 384 1370 424 sunt
1391 383 1650 425 munimenta

152 453 358 507 spiritalia
379 453 419 494 et
440 453 524 494 tela
545 452 688 494 diuina
709 465 813 506 quae
833 452 1068 506 protegunt.
1099 463 1298 493 memores
1319 452 1448 493 nostri
1470 452 1646 494 inuicem

153 522 295 572 simus,
327 521 541 563 concordes
570 521 701 574 adque
733 520 958 571 unanimes,
991 519 1214 572 utrubique
1246 531 1317 573 pro
1346 520 1464 562 nobis
1491 532 1650 574 semper

126 601 329 640 soremuS‚
362 601 569 642 pressuras
591 590 631 631 et
652 589 864 644 angustias
896 588 1042 630 mutua
1073 587 1245 630 caritate
1275 588 1518 638 releuemus,
1552 590 1594 631 et
1614 589 1649 630 si

151 658 242 712 quis
272 658 393 699 istinc
422 659 606 699 nostrum
635 658 746 711 prior
774 657 937 699 diuinae
960 656 1211 711 dignationis
1233 656 1443 698 celeritate
1464 669 1650 710 praeces-

150 727 262 777 serit,
291 728 522 781 perseueret
551 726 660 779 apud
681 726 906 767 Dominum
927 726 1065 767 nostra
1085 724 1264 775 dilectio,
1294 736 1366 777 pro
1389 725 1586 766 fratribus
1608 726 1651 767 et

151 795 356 838 sororibus
392 795 542 837 nostris
578 795 685 848 apud
721 795 1044 836 misericordiam
1076 794 1206 848 patris
1239 806 1316 835 uon
1347 795 1476 836 cesset
1507 794 1651 836 oratio.

152 866 247 920 opto
266 865 321 915 te,
343 864 469 906 frater
490 863 713 914 carissime,
735 875 895 916 semper
915 864 1016 905 bene
1038 863 1186 905 ualere.

106 1116 139 1141 ω
531 1056 1024 1129 EPISTVLA
1074 1056 1266 1130 LXI.

366 1192 636 1228 CYPRIANVS
666 1192 763 1228 CVM
790 1184 1017 1229 COLLEGIS
1043 1194 1183 1230 LVCIO
1209 1193 1385 1228 FRATRI
1411 1193 1443 1227 S.

208 1307 262 1348 Et
283 1320 410 1362 nuper
430 1309 597 1361 quidem
618 1308 710 1359 tibi,
733 1308 859 1350 frater
888 1309 1111 1361 carissime,
1141 1309 1341 1363 gratulati
1371 1321 1526 1359 sumus,
1556 1320 1650 1350 cum
1669 1312 1684 1352 1

150 1378 192 1418 te
213 1376 361 1418 honore
382 1377 592 1432 geminato
614 1377 655 1418 in
677 1377 871 1420 ecclesiae
892 1390 989 1420 suae
1005 1377 1362 1419 administratione
1379 1376 1650 1419 confessorem

149 1447 304 1500 pariter
324 1447 365 1487 et
385 1446 639 1488 sacerdotem
666 1446 882 1488 constituit
903 1446 1044 1488 diuina
1065 1446 1260 1496 dignatio.
1292 1445 1363 1488 sed
1385 1448 1426 1487 et
1446 1458 1552 1488 nunc
1571 1459 1651 1488 non

105 1533 137 1557 ιε
152 1515 290 1556 minus
312 1514 390 1556 tibi
411 1515 452 1555 et
473 1514 693 1556 comitibus
713 1514 797 1556 tuis
817 1514 948 1568 adque
981 1515 1194 1557 uniuersae
1225 1514 1478 1556 fraternitati
1508 1515 1650 1569 gratu-

149 1583 285 1626 lamur
317 1583 424 1636 quod
453 1596 548 1625 cum
577 1584 719 1625 eadem
750 1583 882 1638 gloria
915 1585 955 1625 et
990 1583 1181 1625 laudibus
1210 1583 1359 1625 uestris
1390 1584 1558 1625 reduces
1578 1595 1651 1624 uos

148 1652 279 1694 denuo
315 1653 366 1694 ad
403 1664 496 1694 suos
532 1652 675 1695 fecerit
709 1653 887 1707 benigna
921 1653 1091 1695 Domini
1127 1654 1168 1695 et
1203 1652 1320 1707 larga
1354 1652 1567 1706 protectio,
1605 1654 1651 1693 ut

147 1721 346 1775 pascendo
377 1721 495 1776 gregi
527 1723 666 1774 pastor
687 1722 727 1763 et
749 1722 1034 1776 gubernandae
1065 1722 1160 1763 naui
1191 1721 1440 1776 gubernator
1467 1723 1509 1763 et
1540 1720 1651 1774 plebi

147 1790 345 1844 regendae
373 1791 504 1831 rector
524 1789 760 1832 redderetur
781 1792 823 1832 et
843 1791 1054 1844 appareret
1075 1791 1367 1846 relegationem
1388 1791 1569 1832 uestram
1591 1790 1649 1831 sic

103 1858 352 1903 2odiuinitus
375 1871 460 1900 esse
491 1857 746 1912 dispositam,
776 1871 855 1901 non
883 1860 930 1900 ut
960 1859 1169 1912 episcopus
1201 1859 1406 1914 relegatus
1436 1859 1477 1900 et
1506 1858 1649 1911 pulsus

152 1927 346 1970 eeclesiae
368 1927 538 1981 deesset,
561 1928 632 1969 sed
653 1929 700 1969 ut
720 1928 771 1969 ad
792 1927 1005 1970 ecclesiam
1027 1928 1157 1969 maior
1178 1927 1342 1970 rediret.

207 1996 347 2050 Neque
369 1996 478 2038 enim
499 1996 541 2037 in
563 1996 696 2038 tribus
717 1996 858 2050 pueris
880 1997 1012 2038 minor
1033 1995 1115 2038 fuit
1130 1996 1320 2050 martyrii
1338 1996 1530 2051 dignitas,
1554 1995 1650 2049 quia
1664 1997 1688 2036 2

147 2066 277 2106 morte
310 2064 508 2107 frustrata
529 2065 578 2107 de
599 2065 757 2107 camino
780 2065 887 2119 ignis
910 2066 1133 2108 incolumes
1155 2066 1339 2107 exierunt
1361 2069 1431 2106 aut
1453 2076 1530 2106 non
1553 2076 1649 2106 con-

219 2201 236 2233 1
256 2202 340 2234 sunt
357 2211 421 2235 om.
446 2201 512 2236 CR
579 2221 587 2226 ν
700 2201 721 2235 2
738 2201 956 2235 monimenta
979 2202 1025 2236 0²
1213 2201 1235 2235 3
1252 2201 1432 2246 spiritalia
1449 2211 1514 2234 om.
1539 2200 1604 2235 CR

150 2257 180 2291 si
198 2268 368 2292 memores
389 2258 419 2291 T
596 2258 618 2292 4
636 2257 759 2302 simus]
778 2269 897 2292 sumus
916 2258 989 2293 LT
1163 2257 1329 2293 concorde
1348 2269 1391 2292 ex
1408 2268 1464 2291 cor
1481 2256 1582 2291 corde
1602 2256 1648 2297 R,

149 2314 251 2349 corde
272 2315 305 2348 Τ
419 2315 628 2359 utrubrique
645 2315 690 2356 R,
709 2315 850 2359 utrique
868 2326 912 2350 ex
930 2317 1118 2359 utrumque
1139 2316 1169 2349 C
1291 2315 1313 2348 5
1331 2314 1526 2349 reuelemus
1545 2314 1595 2349 L¹

152 2372 174 2405 6
190 2371 273 2405 istic
297 2372 326 2407 C
439 2372 640 2407 caeliritate
659 2372 694 2407 R
818 2373 836 2406 7
855 2361 931 2407 diss
936 2373 969 2407 L
1091 2373 1113 2406 8
1130 2372 1258 2406 sororis
1281 2372 1323 2407 G*
1448 2372 1469 2406 9
1486 2373 1568 2416 opto
1589 2399 1595 2404 .
1613 2399 1617 2403 .
1634 2396 1642 2404 .

150 2429 269 2463 ualere
298 2440 362 2464 om.
387 2430 451 2464 CL
633 2432 669 2465 te
695 2441 739 2464 ea:
764 2441 825 2464 uos
844 2431 887 2465 P.
908 2450 949 2455 —
968 2429 1023 2464 Ad
1046 2429 1219 2474 (Explicit
1244 2429 1287 2463 ad
1305 2430 1354 2472 P)
1380 2428 1581 2464 Cornelium
1606 2427 1648 2461 de

154 2486 369 2520 confessione
394 2487 469 2521 eius
494 2487 640 2532 explicit
663 2489 745 2531 (om.
766 2488 815 2531 P)
834 2487 914 2528 LP,
941 2487 995 2521 Ad
1013 2487 1214 2522 Cornelium
1232 2487 1248 2520 I
1266 2486 1322 2531 (de
1340 2486 1558 2520 confessione
1575 2485 1647 2529 epi·

149 2544 245 2578 stula
269 2543 384 2588 prima
406 2544 449 2589 Q)
474 2545 618 2589 explicit
639 2544 713 2590 TQ,
743 2545 796 2579 Ad
814 2545 1014 2580 Cornelium
1034 2544 1114 2579 ·111·
1139 2544 1285 2588 explicit
1302 2544 1346 2584 R,
1379 2543 1533 2587 Explicit
1558 2542 1647 2576 liber

150 2600 230 2634 ·111·
249 2600 357 2636 Cecili
375 2600 543 2646 Cypriani
562 2601 606 2636 ad
623 2602 824 2637 Cornelium
848 2602 885 2636 C.
905 2622 948 2627 ——

219 2658 329 2703 Epist.
350 2658 440 2693 LXI.
460 2679 501 2684 —
520 2659 656 2704 Incipit
673 2662 754 2703 (om.
779 2661 824 2703 T)
841 2660 885 2694 ad
903 2660 1051 2695 Lucium
1070 2659 1128 2703 (ad
1146 2659 1295 2693 Lucium
1322 2670 1387 2693 om.
1412 2659 1458 2701 L)
1477 2658 1517 2691 de
1542 2657 1647 2691 exilio

148 2726 326 2750 reuersum
343 2715 527 2761 FLPQT.
548 2736 591 2741 -—
610 2717 654 2750 13
671 2717 1019 2751 administrationem
1041 2717 1071 2762 Q
1243 2716 1287 2750 15
1303 2715 1527 2760 gratulemur
1545 2714 1596 2748 L¹

150 2774 193 2807 16
210 2773 327 2807 eodem
345 2773 385 2807 F
531 2773 672 2809 reduces
689 2777 724 2808 et
748 2774 792 2808 T*
950 2775 993 2808 19
1011 2773 1259 2817 religationem
1279 2773 1322 2814 P,
1342 2772 1549 2816 religionem
1573 2772 1602 2816 Q,

148 2829 194 2863 20
211 2830 383 2874 religatus
402 2829 436 2864 P
574 2831 619 2865 22
636 2831 733 2875 quia]
752 2842 823 2875 qua
841 2831 876 2867 L
