1912 3152
273 189 356 230 358
808 186 996 222 Caecilii
1022 187 1237 232 Cypriani

273 293 344 332 aut
367 290 538 332 libidine
560 290 738 332 incestus
760 291 831 332 aut
853 291 1095 332 crudelitate
1119 290 1343 332 uiolentus:
1377 292 1416 332 et
1440 291 1602 332 miraris
1626 291 1666 332 in
1687 303 1782 344 poe-

272 371 344 400 nas
367 359 524 413 generis
546 360 717 401 humani
739 359 843 400 iram
866 359 942 400 Dei
965 372 1163 409 crescere,
1189 371 1281 400 611111
1304 361 1458 401 crescat
1482 359 1650 401 cottidie
1673 361 1780 412 quod

273 428 497 480 puniatur?
529 428 690 470 hostem
712 428 893 481 quereris
916 440 1129 482 exurgere,
1165 427 1282 480 quasi
1312 428 1389 469 etsi
1413 428 1541 469 hostis
1565 428 1672 470 desit
1693 441 1779 470 esse

273 509 350 550 pax
367 497 474 538 inter
490 497 598 550 ipsas
616 499 733 552 togas
750 497 879 551 possit
898 496 1079 549 [hostem
1097 497 1277 549 quereris
1296 498 1524 551 exurgere],
1549 497 1666 549 quasi
1689 509 1779 547 non,

273 566 350 606 etsi
372 566 536 607 externa
557 565 605 607 de
627 565 813 606 barbaris
835 577 949 606 arma
971 567 1011 606 et
1035 564 1216 618 pericula
1239 565 1571 618 conprimantur,
1606 565 1779 607 ferocius
1814 577 1829 601 5

273 635 383 676 intus
406 636 446 676 et
468 636 635 690 grauius
659 635 708 676 de
730 634 947 677 calumniis
971 636 1011 675 et
1034 634 1196 675 iniuriis
1216 634 1448 687 potentium
1467 634 1620 676 ciuium
1641 634 1782 675 dome-

273 703 399 745 sticae
429 703 738 758 inpugnationis
761 703 843 744 tela
867 704 1128 757 grassentur:
1162 703 1211 744 de
1235 702 1460 744 sterilitate
1482 715 1528 744 ac
1552 703 1661 744 fame
1684 716 1782 756 que-

272 772 387 823 reris,
411 773 527 825 quasi
549 772 701 813 famem
723 772 922 813 maiorem
944 772 1108 813 siccitas
1131 784 1256 825 quam
1279 772 1481 824 rapacitas
1504 771 1641 821 faciat,
1665 773 1782 825 quasi

273 854 352 883 non
388 841 435 882 de
473 841 649 894 captatis
688 852 941 881 annonarum
977 840 1243 882 incrementis
1279 842 1320 881 et
1356 840 1583 893 pretiorum
1605 840 1782 882 cumulis

274 910 516 964 flagrantius
547 909 706 963 inopiae
730 909 850 950 ardor
872 910 1097 950 excrescat:
1131 909 1310 962 quereris
1333 909 1444 951 cludi
1467 909 1670 951 imbribus
1694 922 1783 951 cae-
1799 918 1831 943 10

273 978 373 1029 lum,
407 992 501 1020 cum
537 978 594 1019 sic
630 979 772 1020 horrea
795 978 1014 1020 eludantur
1036 978 1077 1019 in
1107 978 1247 1019 terris:
1281 979 1460 1031 quereris
1493 980 1628 1020 minus
1660 980 1784 1031 nasci,

275 1048 392 1100 quasi
423 1061 525 1101 quae
556 1049 655 1089 nata
678 1049 774 1089 sunt
795 1048 1080 1102 indigentibus
1105 1047 1395 1101 praebeantur:
1429 1049 1588 1101 pestem
1611 1050 1651 1090 et
1673 1048 1786 1090 luem

275 1117 524 1167 61111111111113,
560 1130 653 1159 611111
686 1118 797 1170 peste
831 1117 916 1170 ipsa
939 1118 977 1157 et
1001 1117 1067 1157 lue
1091 1116 1157 1158 uel
1180 1117 1341 1158 detecta
1364 1116 1449 1158 sint
1472 1117 1538 1158 uel
1562 1117 1682 1158 aucta
1705 1117 1784 1158 cri-

274 1185 386 1227 mina
407 1185 686 1240 singulorum,
721 1187 820 1227 dum
856 1199 926 1227 nec.
962 1185 1138 1226 infirmis
1177 1185 1392 1227 exhibetur
1428 1185 1708 1227 misericordia
1746 1187 1785 1227 et

275 1253 479 1296 defunctis
501 1255 676 1296 auaritia
697 1255 828 1297 inhiat
851 1266 896 1295 ac
920 1254 1074 1307 rapina.
1110 1253 1220 1295 idem
1257 1255 1306 1295 ad
1343 1254 1512 1307 pietatis
1545 1255 1786 1307 obsequium
1803 1270 1832 1294 ιε,

274 1323 434 1374 timidi,
465 1323 516 1365 ad
538 1323 665 1377 impia
688 1324 801 1365 lucra
819 1323 1046 1371 temerarii,
1072 1322 1276 1377 fugientes
1296 1323 1560 1365 morientium
1582 1323 1726 1365 funera
1749 1324 1788 1365 et

274 1393 509 1445 adpetentes
528 1393 657 1446 spolia
675 1394 943 1442 mortum-um,
968 1392 1014 1432 ut
1032 1394 1223 1445 appareat
1242 1393 1282 1433 in
1299 1392 1557 1446 aegritudine
1575 1405 1647 1434 sua
1665 1393 1790 1434 mise-

275 1473 340 1502 ros
370 1461 421 1502 ad
452 1461 525 1503 hoc
549 1461 719 1504 forsitan
756 1463 795 1503 et
827 1461 1042 1504 derelict-os
1075 1474 1160 1502 esse
1190 1475 1238 1503 116
1270 1463 1432 1514 possent
1464 1462 1563 1502 dum
1595 1462 1789 1503 curantur

276 1530 465 1572 euadere:
489 1543 583 1571 nam
605 1531 735 1584 perire
758 1544 927 1585 aegrum
950 1531 1081 1572 uoluit
1104 1531 1174 1584 qui
1197 1543 1361 1572 censum
1383 1531 1590 1584 pereuntis
1614 1531 1784 1572 inuadit.

210 1601 257 1642 ll
334 1600 488 1641 Tantus
511 1599 691 1641 cladium
712 1601 841 1642 terror
862 1600 957 1641 dare
980 1611 1059 1641 non
1080 1602 1218 1653 potest
1239 1600 1494 1641 innocentiae
1517 1600 1781 1653 disciplinam
1798 1617 1831 1643 20

274 1670 314 1710 et
335 1668 442 1710 inter
462 1669 660 1722 populum
682 1668 886 1722 frequenti
909 1670 1045 1723 strage
1067 1669 1313 1710 morientem
1335 1681 1453 1710 nemo
1476 1669 1707 1711 considerat·
1739 1670 1778 1711 et

274 1749 315 1778 se
337 1750 422 1780 esse
445 1738 673 1779 mortalem.
708 1738 861 1791 passim
884 1738 1150 1788 discurritur,
1183 1738 1363 1791 rapitur,
1397 1740 1640 1791 occupatur:
1663 1751 1781 1791 prae-

272 1806 395 1848 dandi
432 1806 708 1849 dissimulatio
741 1807 874 1852 nulla.
909 1807 1022 1848 nulla
1059 1807 1286 1849 cunctatio:
1335 1807 1449 1860 quasi
1487 1807 1630 1858 liceat,
1664 1808 1780 1860 quasi

273 1876 477 1929 oporteat,
510 1875 626 1929 quasi
656 1876 725 1916 ille
764 1876 834 1928 qui
870 1888 949 1916 non
985 1876 1094 1929 rapit
1117 1877 1318 1917 damnum
1340 1877 1379 1917 et
1403 1876 1664 1929 dispendium
1686 1888 1781 1929 pro-

272 1945 409 1999 prium
431 1945 600 1989 sentiat.
634 1945 692 1986 sic
714 1945 993 1999 unusquisque
1015 1958 1154 1999 rapere
1186 1945 1367 1987 festinat.
1401 1945 1443 1987 in
1465 1945 1694 1987 latronibus
1718 1946 1779 1986 est
1794 1961 1826 1986 25

272 2015 494 2067 utcumque
516 2014 654 2067 aliqua-
676 2014 875 2056 scelerum
897 2015 1163 2063 uerecundia,
1197 2014 1311 2056 anias
1348 2013 1485 2056 fauces
1522 2015 1562 2055 et
1601 2014 1780 2055 desertas

272 2084 514 2126 solitudines
536 2084 741 2138 diligunt,
764 2085 804 2125 et
826 2085 883 2125 sic
907 2084 994 2125 illic
1016 2084 1283 2137 delinquitur,
1307 2086 1353 2126 ut
1376 2085 1515 2126 tamen
1540 2084 1780 2136 delinquen-

272 2153 381 2195 tium
402 2153 560 2195 facinus
582 2153 759 2194 tenebris
781 2154 822 2195 et
844 2155 959 2195 nocte
983 2154 1155 2195 ueletur.
1190 2153 1364 2194 auaritia
1402 2153 1540 2207 palam
1571 2153 1702 2195 saeuit
1741 2156 1781 2195 et

274 2223 363 2276 ipsa
384 2222 552 2264 audacia
582 2235 655 2264 sua
677 2223 768 2264 tuta
791 2223 833 2263 iu
855 2223 932 2263 fori
956 2223 1045 2265 luce
1067 2223 1264 2276 abruptae
1288 2223 1529 2275 cupiditatis
1552 2235 1665 2264 arma
1688 2235 1781 2276 pro-

344 2336 363 2368 1
389 2336 532 2380 poenas]
551 2336 676 2380 plagas
701 2336 749 2378 V,·
777 2337 824 2379 cf.
844 2338 926 2370 354.
948 2339 989 2371 13
1059 2337 1080 2370 4
1106 2336 1243 2370 hostem
1262 2346 1294 2380 q.
1313 2346 1479 2380 exurgere
1503 2346 1568 2370 om.
1586 2336 1614 2370 S
1684 2337 1701 2370 7
1728 2336 1779 2380 ac]

275 2395 311 2428 et
325 2403 344 2427 v
407 2393 428 2427 8
446 2393 601 2437 siccitas]
621 2393 796 2427 sterilitas
816 2394 847 2428 V
906 2395 926 2427 9
946 2394 1206 2437 praetiosumR
1270 2394 1313 2428 10
1331 2393 1541 2438 flagrantius
1555 2394 1697 2437 scripsi,
1712 2393 1782 2427 fra-

276 2450 412 2495 glantis
431 2451 474 2491 S,
492 2451 722 2495 flagrantium
736 2451 785 2485 W
793 2477 800 2491 ,
828 2451 1037 2495 flagrantior
1050 2451 1107 2487 Ru
1123 2451 1186 2485 sed
1203 2463 1241 2485 or
1258 2452 1299 2486 in
1327 2452 1360 2486 R
1377 2462 1467 2486 corr.
1543 2452 1585 2485 11
1611 2462 1700 2485 nunc
1717 2452 1782 2485 mi-

276 2519 342 2542 nus
362 2520 380 2543 υ
441 2509 482 2542 12
501 2508 574 2542 sint
585 2508 613 2542 S
677 2509 718 2542 13
736 2508 848 2552 pestis
866 2509 962 2553 ipsa*
982 2511 1016 2543 et
1035 2509 1155 2544 luesR
1219 2509 1304 2554 sint]
1326 2509 1401 2545 siR
1467 2510 1508 2543 15
1526 2509 1714 2544 inhiantR

277 2566 320 2600 16
344 2566 512 2600 temerari
526 2566 667 2601 SW¹R
765 2566 804 2599 17
832 2568 1022 2611 appear-eat
1042 2567 1083 2601 5¹
1186 2577 1285 2601 sua-m
1305 2566 1333 2601 S
1438 2567 1479 2601 18
1505 2567 1668 2601 forsitam
1686 2566 1715 2601 S

276 2626 312 2657 et
328 2634 393 2658 om.
411 2635 432 2659 v
502 2628 643 2668 possent
658 2624 723 2659 SR
731 2624 776 2665 V,
805 2625 944 2669 possint
964 2625 1032 2659 1va
1115 2625 1159 2659 20
1185 2626 1325 2658 tantum
1346 2624 1381 2659 R
1463 2624 1623 2669 gladium
1642 2635 1686 2659 ex
1703 2625 1780 2669 gla-

276 2680 360 2715 dum
374 2681 465 2716 Rm.
480 2684 503 2715 2
572 2682 615 2715 ⁶21
634 2682 788 2716 alterum
809 2683 843 2716 et
861 2692 927 2716 om.
949 2693 967 2717 υ
1038 2682 1081 2715 ²23
1107 2682 1288 2716 simulatio
1308 2693 1327 2716 v
1390 2681 1489 2715 nulla
1507 2692 1571 2716 orm.
1589 2682 1637 2717 W
1644 2685 1650 2703 ¹
1728 2683 1782 2715 est

277 2739 456 2773 cunctatio
475 2738 516 2779 S,
544 2738 723 2773 cunctatio
742 2739 841 2773 nulla
858 2738 1009 2773 formido
1027 2740 1081 2772 est
1098 2750 1118 2774 v
1189 2739 1233 2773 2⁴3
1262 2738 1466 2773 uericundia
1493 2738 1522 2772 S
1587 2738 1631 2773 27
1656 2738 1781 2773 solitu-

275 2795 374 2830 dines
391 2796 562 2840 diligunt]
582 2797 805 2831 ualetudincs
823 2796 955 2831 delines
973 2796 1185 2840 delinquunt-
1202 2796 1231 2831 S
1298 2797 1342 2831 2&
1362 2796 1513 2831 ucllctur
1533 2797 1577 2831 W
1583 2800 1589 2818 ¹
1665 2796 1708 2830 ‘29
1727 2795 1781 2830 lu-

276 2864 347 2887 cem
363 2853 412 2889 R·
492 2853 637 2888 abrutac
659 2854 687 2888 S
