1912 3152
585 256 641 291 De
667 257 954 292 mortalitate
980 268 1006 291 c.
1034 258 1156 293 9—11.
1522 261 1606 304 303

108 360 328 415 temptauit
350 360 508 402 dicens:
557 361 644 402 ubi
689 361 810 402 sunt
850 360 1096 403 iustitiae
1128 362 1273 403 tuae?
1319 375 1430 405 ecce
1473 376 1606 417 quae

107 429 313 486 pateris.
346 430 389 471 at
410 429 481 471 ille
502 430 609 471 circa
629 430 821 471 timorem
844 429 922 471 Dei
943 431 1107 472 stabilis
1130 432 1171 473 et
1192 430 1336 474 firmus
1366 434 1406 474 et
1434 433 1485 474 ad
1515 446 1604 475 om-

106 512 196 542 nem
226 498 489 540 tolerantiam
525 499 724 551 passionis
760 499 838 540 fide
874 499 1085 554 religionis
1124 501 1308 542 armatus
1343 501 1607 555 temptationi

107 567 242 610 uxoris
273 567 479 608 inualidae
510 567 551 609 in
572 567 710 609 dolore
731 579 810 609 non
833 567 976 619 cessit,
1009 568 1079 609 sed
1099 569 1232 623 magis
1253 570 1387 611 Deum
1408 570 1608 623 patientia

0 644 1 650 ’
58 656 75 680 ⁵
108 637 260 679 maiore
279 636 528 688 promeruit,
562 648 683 689 quem
706 636 967 689 postmodum
991 637 1176 691 Raphael
1198 638 1369 693 angelus
1391 639 1608 681 conlaudat

106 707 146 748 et
166 705 286 746 dicit:
319 716 468 758 opera
499 705 590 746 Dei
622 705 861 747 reuelare
892 707 942 746 et
972 706 1219 748 confiteri
1251 707 1608 750 honorificum

106 775 195 816 est.
240 787 348 816 nam
381 774 579 827 quando
610 774 794 815 orabas
826 776 880 816 tu
921 775 968 816 et
1006 774 1158 817 Sarra
1188 788 1278 831 ego
1309 777 1481 830 optuli
1513 790 1608 819 me-

107 843 320 886 moriam
367 843 622 885 orationis
665 844 869 885 uestrae
914 844 963 885 in
1009 846 1287 898 conspectu
1338 846 1608 888 claritatis

106 913 217 955 Dei:
265 914 312 954 et
354 925 467 955 cum
510 913 761 967 sepelires
806 915 860 955 tu
906 914 1139 956 mortuos
1179 914 1529 968 simpliciter,
1563 917 1609 958 et

61 982 226 1036 ioquia
270 995 370 1024 non
420 995 468 1025 es
521 983 796 1025 cunctatus
855 996 1106 1037 exurgere
1152 986 1201 1026 et
1246 984 1610 1038 derelinquere

106 1051 385 1106 prandium
419 1053 563 1093 tuum
595 1053 644 1093 et
682 1052 846 1094 abisti
893 1054 940 1094 et
987 1052 1283 1095 condidisti
1330 1054 1609 1102 mortuum,

107 1123 155 1163 et
183 1121 372 1163 missus
404 1134 510 1162 sum
531 1122 789 1174 temptare
819 1121 888 1162 te:
922 1123 970 1163 et
1001 1121 1189 1164 iterum
1212 1135 1284 1164 me
1306 1123 1452 1164 misit
1473 1124 1610 1165 Deus

107 1202 280 1233 curare
325 1191 373 1231 tc
420 1192 470 1231 et
515 1189 727 1232 Sari-am
766 1203 946 1231 nurum
978 1192 1141 1232 tuam:
1188 1203 1275 1246 ego
1322 1192 1458 1234 enim
1504 1205 1611 1234 sum

106 1258 353 1312 Raphael,
402 1272 528 1301 unus
560 1272 618 1300 ex
649 1259 846 1312 septem
877 1259 1083 1314 angelis
1115 1261 1319 1303 sanctis
1358 1261 1446 1314 qui
1477 1262 1611 1303 adsi-

62 1329 292 1371 =⁵stimus
324 1330 371 1371 et
402 1341 770 1371 conuersamur
801 1329 919 1371 ante
951 1328 1254 1372 claritatem
1285 1330 1392 1372 Dei.

164 1399 281 1440 Hanc
297 1398 562 1440 tolerantiam
583 1398 687 1440 iusti
708 1410 867 1452 semper
887 1398 1140 1449 habuerunt,
1163 1398 1267 1440 hanc
1288 1400 1463 1453 apostoli
1485 1399 1612 1442 disci·
1631 1393 1676 1434 ll

111 1467 267 1521 plinam
289 1467 339 1508 de
358 1467 526 1509 Domini
547 1467 636 1522 lege
656 1468 879 1509 tenuerunt
899 1479 979 1508 non
999 1467 1221 1509 mussitare
1253 1468 1295 1509 in
1326 1468 1510 1510 aduersis
1541 1469 1614 1510 sed

107 1548 384 1589 quaecumque
415 1539 455 1577 in
484 1536 643 1578 saeculo
679 1536 871 1578 accidunt
908 1535 1069 1578 fortiter
1104 1536 1145 1577 et
1180 1537 1382 1590 patienter
1418 1537 1612 1590 excipere,

109 1616 201 1646 cum
238 1605 481 1646 Iudaeorum
513 1606 689 1658 populus
726 1605 821 1647 hinc
842 1618 1001 1658 semper
1022 1605 1255 1656 offenderit,
1289 1605 1396 1658 quod
1418 1606 1614 1648 aduersus

60 1674 241 1715 20Deum
264 1674 516 1727 frequentius
538 1676 840 1724 murmuraret,
873 1675 981 1717 sicut
1016 1676 1195 1717 testatur
1229 1675 1271 1716 in
1307 1673 1500 1716 Numeris
1531 1676 1614 1717 Do-

110 1743 245 1784 minus
282 1742 391 1785 Deus
428 1744 586 1786 dicens:
633 1744 833 1786 desinat
878 1744 1229 1785 murmuratio
1261 1757 1435 1786 eorum
1466 1756 1490 1785 a
1520 1756 1613 1792 me,

113 1813 160 1854 et
191 1824 284 1854 non
316 1814 620 1855 morientur.
668 1814 1013 1855 murmurandum
1033 1826 1113 1855 non
1134 1814 1195 1855 est
1218 1813 1261 1854 in
1282 1812 1485 1863 aduersiS,
1532 1812 1616 1854 fra-

112 1882 192 1924 tres
230 1882 513 1932 dilectissimi,
561 1883 631 1924 sed
666 1883 869 1937 patienter
902 1883 943 1924 et
984 1882 1148 1924 fortiter
1180 1882 1379 1935 quidquid
1421 1881 1615 1924 acciderit

117 1951 420 2001 sustinendum,
453 1964 546 1992 cum
568 1951 767 2004 scriptum
790 1951 864 1993 sit:
898 1951 1228 1993 sacrificium
1260 1951 1359 1992 Deo
1392 1950 1615 2003 spiritus

66 2020 530 2062 ncontribulatus:
579 2033 660 2062 cor
699 2021 983 2063 contritum
1027 2022 1075 2062 et
1114 2019 1450 2061 humiliatum
1481 2019 1615 2061 Deus

113 2100 209 2130 non
240 2088 295 2130 de
309 2090 445 2143 spici
461 2091 490 2131 t.
524 2089 566 2130 in
586 2090 902 2131 Deuteronomio
925 2101 1083 2142 quoque
1104 2090 1243 2130 monet
1264 2088 1512 2143 perMoysen
1525 2087 1617 2140 Spi-

250 2228 266 2261 1
285 2227 368 2262 Tob.
388 2228 421 2264 2,
443 2228 492 2261 14.
566 2228 587 2260 6
605 2226 687 2261 Tob.
711 2227 762 2268 12,
784 2228 820 2261 11
844 2238 895 2271 sq.
967 2228 1010 2262 21
1030 2227 1134 2261 Num.
1155 2227 1208 2267 17,
1227 2227 1281 2261 25.
1354 2227 1398 2261 24
1417 2228 1472 2262 Ps.
1489 2228 1544 2267 50,
1564 2228 1617 2262 19.

114 2400 136 2433 4
160 2399 339 2434 dominum
364 2402 397 2435 V
464 2401 485 2433 ἴ)
511 2401 643 2435 maiore
662 2412 726 2435 om.
750 2401 783 2435 V
867 2401 888 2434 ⁴3
913 2400 1069 2434 releuare
1089 2400 1118 2435 S
1204 2402 1238 2434 et
1256 2401 1415 2435 confiteri
1433 2411 1498 2435 om.
1519 2400 1552 2436 G

113 2457 133 2491 7
158 2468 256 2492 sarra
280 2459 437 2493 SOWG
447 2460 492 2496 Γ,
527 2470 624 2493 sarra
652 2470 759 2493 nurus
776 2462 839 2493 tua
856 2469 876 2494 v
992 2458 1014 2491 9
1041 2458 1230 2503 sepelieres
1249 2458 1292 2500 S,
1319 2459 1500 2503 sepellires
1524 2459 1553 2494 O

113 2516 335 2561 simpliciter]
355 2516 522 2551 similiter
539 2517 848 2561 coni.Ri9altius;
867 2516 913 2560 cf.
928 2527 966 2561 p.
985 2518 1069 2557 291,
1093 2518 1114 2550 5
1187 2516 1230 2550 10
1247 2516 1345 2560 quia]
1364 2515 1502 2560 quando
1521 2515 1553 2551 G

115 2573 155 2607 11
174 2573 288 2608 abiste
311 2576 341 2609 Ο
434 2573 587 2608 condisti
603 2574 774 2609 SOWG¹
883 2574 927 2608 12
944 2576 980 2608 et
997 2585 1062 2609 om.
1086 2573 1141 2609 Gv
1235 2584 1312 2608 sum
1336 2573 1405 2609 Gs.
1426 2574 1446 2608 l.
1466 2585 1508 2609 m.
1529 2575 1554 2609 2

115 2621 179 2666 (1ῃέ
202 2631 235 2666 G
322 2632 363 2666 13
380 2634 416 2666 te
438 2633 487 2667 W
501 2644 546 2666 m.
564 2635 587 2666 2
676 2633 719 2667 14
743 2631 930 2677 raphaelus
954 2631 984 2666 O
1069 2632 1213 2666 sanctus
1232 2631 1260 2666 S
1342 2631 1383 2665 17
1411 2631 1447 2666 in
1463 2630 1622 2665 aduersis

116 2699 182 2724 non
200 2690 413 2724 musitantes
437 2690 466 2723 Ο
576 2691 619 2724 18
644 2689 821 2735 accidunt]
841 2689 991 2724 aderunt
1012 2689 1042 2725 Ο
1151 2689 1307 2734 accipere
1325 2700 1345 2724 τ
1448 2689 1490 2723 19
1514 2689 1623 2723 offen-

115 2745 217 2781 deret
235 2747 264 2781 S
347 2747 392 2781 20
416 2749 676 2782 murmurarent
699 2748 757 2788 W,
784 2748 1016 2781 murmoraret
1038 2747 1068 2782 O
1084 2746 1135 2781 ita
1152 2747 1174 2781 l.
1192 2748 1251 2785 21,
1268 2749 1315 2781 22
1400 2746 1444 2780 23
1468 2745 1623 2791 fortiter]

117 2803 266 2838 fimiter
282 2804 311 2839 O
383 2804 553 2849 quicquid
569 2806 618 2845 W,
637 2805 667 2838 si
685 2804 769 2850 quid
793 2804 825 2839 G
896 2803 1070 2839 accederit
1093 2804 1122 2839 O
1199 2804 1243 2838 25
1269 2804 1474 2848 contritum]
1494 2804 1624 2838 contri·

118 2859 278 2896 balatum
297 2861 326 2896 S
428 2862 473 2896 26
495 2861 665 2907 despiciet
690 2862 736 2896 W
754 2863 837 2904 (non
855 2861 1006 2906 despicit
1023 2861 1106 2896 deus
1128 2860 1174 2903 G)
1277 2862 1416 2894 moneat
1430 2860 1577 2896 OWGz-

27 2275 40 2695 x
179 2343 200 2376 2
225 2342 268 2376 ad
289 2344 316 2377 S
386 2343 440 2377 illi
465 2344 493 2377 O
575 2344 596 2375 :5
622 2343 864 2377 tollerantiam
891 2343 920 2377 Ο
1006 2345 1042 2376 et
1060 2342 1126 2376 fide
1150 2343 1182 2377 G
1268 2343 1499 2388 timptationc
1523 2343 1552 2379 O

36 2698 47 2984 x
119 2917 266 2961 spiritus
284 2921 426 2954 sanctus
444 2930 509 2954 om.
531 2918 562 2954 G
