1912 3152
273 224 356 264 3ῖὸ
812 220 1004 256 Caecilii
1029 220 1249 265 Cypriani

273 327 381 367 esset
413 326 453 367 et
484 326 664 376 mortua,
699 326 750 367 ad
782 326 953 366 cadauer
986 325 1191 366 exanimae
1223 324 1374 365 Petrus
1406 323 1560 365 accitus
1592 325 1664 366 est.
1711 324 1781 376 qui

275 407 369 435 cum
391 394 552 448 inpigre
574 407 647 446 pro
669 393 892 446 apostolica
913 393 1172 434 humanitate
1195 393 1396 443 uenisset,
1420 393 1780 434 circumsteterunt

272 476 367 503 euin
391 463 539 504 uiduae
561 463 704 505 fientes
728 464 768 504 et
789 464 1000 516 rogantes,
1042 462 1170 515 pallia
1203 463 1243 503 et
1273 462 1435 503 tunicas
1468 463 1509 503 et
1540 462 1675 503 omnia
1707 462 1780 503 illa

274 544 376 584 quae
398 532 512 584 prius
536 533 799 584 sumpserant
821 531 1066 572 indumenta
1087 531 1362 572 monstrantes
1392 543 1465 572 nec
1496 542 1567 583 pro
1590 531 1781 572 defuncta

272 601 357 641 suis
380 601 550 642 uocibus
573 601 644 642 sed
666 601 795 654 ipsius
815 600 1003 652 operibus
1022 600 1296 652 deprecantes.
1331 599 1458 640 sensit
1479 599 1627 640 Petrus
1649 600 1780 653 impe·
1814 612 1828 634 f»

269 669 370 710 trari
401 681 518 722 posse
549 670 656 722 quod
689 669 746 710 sic
778 669 993 722 petebatur
1024 682 1095 710 nec
1128 668 1368 710 defuturum
1391 667 1546 710 Christi
1578 668 1779 709 auxilium

269 738 407 779 uiduis
444 738 774 791 deprecantibus,
818 738 977 791 (mando
1001 738 1107 779 esset
1129 738 1171 778 in
1194 737 1331 778 uiduis
1354 737 1441 790 ipse
1463 738 1651 778 uestitus,
1687 749 1780 778 cum

269 808 409 861 itaque
431 808 604 862 genibus
626 808 745 848 nixus
768 807 922 848 orasset
945 808 986 848 et
1018 806 1240 847 uiduarum
1272 819 1317 847 ac
1347 819 1573 859 pauperum
1607 806 1776 847 idoneus

270 877 493 918 aduocatus
515 877 675 930 legatas
698 876 777 917 sibi
799 888 937 929 preces
961 876 1012 917 ad
1035 876 1260 917 Dominum
1282 876 1533 928 pertulisset,
1558 887 1777 916 conuersus

271 947 322 988 ad
346 958 490 999 corpus
514 945 622 998 quod
644 946 687 986 in
709 945 852 987 tabula-
873 945 957 986 iam
979 945 1113 986 lotum
1136 944 1315 994 iacebat,
1351 945 1382 984 T
1397 945 1594 994 abitha‚
1629 944 1776 996 inquit,
1795 960 1826 983 10

270 1027 462 1067 exurge
494 1015 546 1055 in
577 1014 779 1055 nomine
811 1013 925 1054 Iesu
958 1012 1171 1054 Christi.
1218 1026 1291 1054 nec
1313 1013 1445 1055 defuit
1468 1013 1591 1054 Petro
1614 1013 1778 1066 quomi-

270 1096 346 1125 nus
370 1083 515 1124 statim
537 1084 738 1136 perferret
763 1083 966 1124 auxilium
989 1082 1058 1135 qui
1081 1082 1123 1123 in
1145 1082 1356 1137 euangelio
1375 1082 1463 1123 dari
1482 1083 1639 1124 dixerat
1659 1082 1775 1135 quic-

270 1153 369 1206 quid
392 1152 538 1194 fuisset
560 1153 647 1194 eius
670 1153 833 1194 nomine
856 1152 1127 1205 postulatum.
1161 1164 1270 1192 mors
1292 1152 1432 1204 itaque
1456 1152 1718 1204 suspenditur
1740 1153 1780 1193 et

269 1222 441 1275 spiritus
473 1222 662 1263 redditur
695 1222 734 1262 et
766 1221 1014 1262 mirantibus
1047 1233 1092 1261 ac
1124 1221 1387 1274 stupentibus
1422 1221 1577 1261 cunctis
1601 1221 1651 1261 ad
1674 1221 1776 1262 hanc

268 1291 413 1332 mundi
446 1291 576 1331 denuo
608 1291 745 1332 lucem
767 1290 1002 1331 rediuiuum
1025 1302 1169 1342 corpus
1192 1290 1411 1331 animatur.
1446 1291 1611 1330 tantum
1633 1291 1777 1342 potue-
1792 1304 1823 1327 15

268 1360 364 1401 runt
397 1359 700 1401 misericordiae
733 1359 901 1408 merita,
935 1360 1100 1400 tantum
1135 1371 1256 1411 opera
1279 1359 1390 1400 iusta
1412 1359 1642 1399 ualuerunt.
1676 1371 1777 1411 quae

267 1429 549 1470 laborantibus
587 1428 726 1470 uiduis
764 1428 918 1482 largita
957 1428 1090 1469 fuerat
1128 1428 1311 1469 subsidia
1341 1428 1508 1468 uiuendi
1541 1427 1693 1468 meruit
1726 1428 1776 1468 ad

268 1498 402 1540 uitam
425 1498 646 1539 uiduarum
670 1498 868 1551 petitione
892 1497 1086 1539 reuocari.

229 1563 252 1603 7
328 1568 472 1620 Itaque
503 1568 545 1608 in
575 1567 786 1621 euangelio
808 1567 1010 1607 Dominus
1035 1566 1174 1607 doctor
1196 1566 1305 1607 uitae
1329 1567 1494 1607 nostrae
1517 1567 1555 1607 et
1578 1566 1777 1620 magister

270 1637 418 1678 salutis
441 1637 625 1678 aeternae
648 1637 863 1677 uiuificans
887 1636 1142 1678 credentium
1164 1636 1363 1689 populum
1382 1637 1422 1677 et
1440 1636 1664 1678 uiuificatis
1683 1648 1776 1677 con·
1793 1655 1826 1680 20

271 1706 407 1747 sulens
439 1706 481 1747 in
513 1707 725 1748 aeternum
749 1706 855 1747 inter
878 1718 949 1747 sua
971 1707 1167 1747 mandata
1198 1706 1339 1747 diuina
1373 1706 1412 1747 et
1444 1707 1657 1759 praecepta
1689 1697 1778 1748 cae-

271 1775 389 1816 lestia
410 1776 515 1817 nihil
538 1776 717 1817 crebrius
740 1776 908 1817 mandat
931 1777 971 1817 et
993 1776 1192 1829 praecipit
1209 1789 1331 1828 quani
1350 1776 1395 1816 ut
1413 1776 1654 1817 insistamus
1673 1777 1778 1818 elee-

270 1846 452 1899 mosynis
485 1845 634 1887 dandis
666 1858 737 1886 nec
770 1845 943 1886 terrenis
975 1845 1300 1898 possessionibus
1332 1845 1573 1886 incubemus
1596 1846 1665 1886 sed
1689 1858 1778 1887 cae-

270 1916 395 1958 lestes
417 1916 631 1957 thesauros
653 1916 792 1968 potius
814 1915 1093 1956 recondamus.
1135 1915 1365 1965 uendite,
1398 1915 1555 1968 inquit,
1589 1928 1666 1956 res
1699 1928 1777 1957 ue-

270 1986 406 2026 stras
440 1986 487 2026 et
520 1986 637 2026 date
671 1985 1072 2038 eleemosynam,
1122 1986 1162 2025 et
1199 1985 1372 2026 iterum:
1419 1984 1588 2026 nolite
1628 1984 1824 2025 uobis2³

271 2053 488 2096 condere
520 2055 796 2096 thesauros
829 2066 977 2106 super
1008 2056 1219 2103 terram,
1253 2054 1341 2095 ubi
1373 2053 1512 2095 tinea
1543 2054 1591 2094 et
1623 2066 1780 2095 come-

271 2125 421 2166 stura
453 2124 770 2166 exterminat
802 2125 850 2165 et
885 2124 971 2165 ubi
1003 2124 1145 2165 fures
1193 2123 1467 2165 effodiunt
1513 2125 1560 2165 et
1607 2123 1779 2164 furan-

406 2262 449 2294 lo
474 2261 551 2295 Act.
579 2261 609 2302 9,
630 2261 685 2295 40.
759 2261 803 2295 ‘24
831 2261 913 2295 Luc.
934 2261 986 2300 12,
1010 2261 1063 2294 33.
1136 2261 1180 2294 ‘25
1205 2261 1335 2295 Matth.
1356 2262 1386 2302 (ὅ,
1408 2261 1449 2294 19
1469 2273 1519 2304 sq.

338 2376 355 2409 1
383 2377 474 2409 esset
493 2387 536 2409 esc
554 2378 607 2409 est
628 2376 660 2410 G
673 2387 716 2409 m.
731 2377 756 2410 ἑ)
835 2376 1020 2409 exanimae
1038 2375 1150 2416 SW¹‚
1171 2375 1328 2409 exanime
1346 2376 1454 2411 FW2
1468 2375 1520 2409 Ge
1592 2375 1779 2409 accisssssstus

272 2433 322 2474 G,
343 2433 589 2467 accersitusF
655 2433 676 2466 3
702 2433 805 2478 palca
823 2434 872 2467 W
939 2434 960 2467 ἵ)
986 2433 1059 2466 suis
1077 2445 1141 2467 om.
1162 2434 1201 2467 F
1269 2434 1357 2477 ipsis
1376 2433 1415 2467 F
1482 2435 1503 2467 ὃ
1529 2433 1655 2477 genuis
1679 2434 1710 2468 G

267 2491 361 2524 nixis
386 2491 419 2524 V
487 2492 522 2525 et
541 2502 605 2525 om.
625 2502 645 2525 v
739 2491 760 2524 9
785 2491 997 2534 protulisset
1021 2491 1053 2526 G
1141 2492 1183 2524 l()
1207 2491 1371 2525 tabulam
1391 2490 1420 2525 S
1490 2491 1642 2525 dabitha
1664 2492 1714 2526 W

270 2549 311 2582 11
339 2548 480 2582 nomine
498 2537 574 2582 dffii
591 2549 621 2583 S
690 2549 766 2582 iesu
784 2560 848 2583 om.
876 2549 909 2583 G
994 2550 1036 2583 1⁶2
1061 2548 1234 2593 perferret
1253 2549 1303 2590 F,
1331 2548 1440 2582 ferret
1460 2548 1602 2583 ›S‘WGv
1674 2559 1779 2583 euan-

267 2606 362 2649 gelio
382 2616 442 2639 suo
467 2606 498 2640 G
572 2606 614 2640 14
639 2607 706 2640 hac
726 2606 755 2641 S
831 2607 874 2640 16
900 2617 1023 2650 operae
1042 2606 1158 2640 iustae
1179 2606 1218 2640 F
1309 2606 1350 2639 17
1378 2607 1522 2640 fucrant
1539 2606 1579 2640 F
1667 2605 1723 2650 ad]
1743 2606 1779 2639 in

267 2663 360 2697 hanc
377 2664 416 2697 F
483 2664 528 2698 20
553 2663 774 2698 credentium
791 2664 963 2708 populum
983 2666 1017 2697 et
1036 2663 1244 2708 uiuificatis]
1265 2665 1300 2697 et
1319 2663 1347 2697 S
1362 2664 1446 2706 fort.
1468 2664 1603 2697 rectius
1674 2663 1717 2697 21
1744 2664 1779 2696 et

266 2720 391 2755 diuina
415 2721 447 2755 G
535 2721 580 2756 22
607 2721 788 2765 p1·ac=cel·›it
806 2721 870 2755 ΠΠ
965 2721 1134 2754 sistamus
1155 2720 1184 2754 S
1267 2721 1312 2754 24
1336 2720 1549 2755 thensauros
1569 2720 1677 2761 Sum,
1702 2720 1778 2754 ‘che-

268 2789 389 2812 sauros
409 2779 489 2820 ΠΗ,
517 2780 570 2812 ita
599 2779 620 2812 l.
639 2790 734 2822 seqq.
749 2783 901 2822 ‘uterque
922 2779 993 2812 nisi
1011 2778 1107 2822 quod
1130 2779 1190 2813 ΠΓΙ
1212 2778 1365 2812 thesaur.
1486 2779 1530 2812 25
1556 2778 1660 2812 datae
1681 2777 1709 2811 S

267 2836 496 2869 aelimosinas
513 2836 544 2870 G
627 2836 670 2870 ‘26
689 2847 792 2880 super
807 2836 952 2880 terram]
971 2836 1115 2869 interra
1132 2835 1163 2870 G
1249 2838 1351 2869 tenca
1362 2836 1390 2870 S
1470 2836 1513 2870 27
1541 2835 1777 2870 exterminant

274 2893 328 2928 Vr
402 2894 436 2926 et
455 2893 557 2937 (ante
577 2893 652 2937 ubi)
671 2893 756 2927 aad.
783 2894 847 2927 11⁷2

267 2992 283 3008 8
