1912 3152
513 234 571 269 De
597 234 759 269 habitu
785 233 1010 278 uirginum
1035 244 1062 268 c.
1090 233 1195 270 6—8.
1562 233 1645 276 193

134 341 244 384 culi
277 353 402 393 quae
444 351 537 380 non
576 338 698 380 sunt
739 351 763 379 a
801 338 949 391 patre
990 338 1079 380 sed
1120 350 1174 380 ex
1216 336 1645 391 concupiscentia

133 409 344 452 saeculi.
379 409 427 450 et
457 407 675 449 mundus
706 405 961 447 transibit
983 406 1031 447 et
1052 406 1479 459 concupiscentia
1505 405 1641 456 eius,

133 477 219 531 qui
251 478 419 519 autem
451 475 643 518 feeerit
664 474 989 516 uoluntatem
1010 474 1127 525 Dei,
1150 473 1386 516 manebit
1406 473 1453 516 in
1476 474 1642 515 aeter-

130 560 267 595 num,
300 545 548 599 quomodo
577 545 626 585 et
656 544 792 585 Deus
823 542 1058 584 manebit
1088 543 1137 584 in
1167 543 1444 584 aeternum.
1476 543 1643 584 aeterna

84 633 98 658 ⁵
131 615 261 670 igitur
282 616 323 655 et
343 614 487 655 diuina
508 612 700 654 sectanda
721 612 820 653 sunt
841 611 881 652 et
902 611 1040 653 omnia
1062 611 1111 652 de
1132 611 1210 653 Dei
1227 611 1440 652 uoluntate
1456 609 1644 652 facienda,

130 686 245 734 sunt,
278 683 324 724 ut
344 681 511 723 Domini
533 680 662 723 nostri
684 680 864 734 uestigia
884 681 925 721 et
944 679 1186 734 magisteria
1215 681 1420 721 sectemur
1449 679 1520 733 qui
1550 691 1642 721 mo-

128 752 220 793 nuit
242 752 283 793 et
304 750 432 792 dixit:
465 762 561 791 non
592 748 835 791 descendi
867 748 923 789 de
955 749 1116 800 caelo,
1149 749 1207 790 ut
1238 747 1426 792 faciam
1459 748 1638 790 uolun-

129 821 291 861 tatem
338 831 495 861 meam
539 818 623 859 sed
669 816 994 859 uoluntatem
1047 818 1162 859 eius
1215 817 1301 870 qui
1347 829 1421 858 me
1472 817 1636 858 misit.

128 888 271 941 quodsi
294 901 374 930 non
395 889 458 929 est
479 887 610 929 maior
630 886 793 928 domino
816 898 889 927 suo
910 898 1052 928 seruus
1074 887 1116 927 et
1137 886 1349 927 liberatori
1378 886 1500 927 debet
1519 885 1638 927 obse-

0 957 21 975 ¹¹
81 974 112 998 10
128 956 270 1009 quium
304 956 522 1006 liberatus,
570 955 640 1008 qui
682 967 769 996 esse
809 954 999 1008 cupimus
1040 953 1254 996 christiani
1293 954 1489 996 debemus
1529 954 1637 1007 quod

127 1024 313 1066 Christus
335 1025 440 1066 dixit
460 1023 632 1065 imitari.
663 1024 863 1076 scriptum
899 1024 961 1064 est
993 1024 1034 1064 et
1064 1023 1220 1078 legitur
1251 1024 1293 1065 et
1323 1023 1491 1065 auditur
1522 1024 1564 1065 et
1593 1024 1636 1064 in

127 1093 359 1146 exemplum
399 1093 528 1135 nostri
569 1092 763 1134 ecclesiae
806 1104 873 1133 ore
917 1092 1165 1134 celebratur:
1217 1106 1241 1146 q
1252 1093 1302 1134 ui
1333 1093 1359 1135 d
1369 1093 1383 1134 i
1393 1106 1414 1135 c
1425 1093 1439 1134 i
1452 1093 1471 1134 t
1501 1105 1519 1134 s
1529 1106 1550 1135 e
1581 1093 1631 1134 111

125 1161 335 1203 Christo
380 1174 579 1203 manere
619 1161 770 1203 debet
809 1161 1063 1214 quomodo
1108 1161 1205 1203 ille
1252 1161 1547 1203 ambulauit
1585 1163 1634 1204 et

124 1230 172 1284 ip
184 1243 202 1272 s
215 1243 235 1272 e
266 1244 290 1272 a
300 1244 343 1272 m
353 1230 378 1272 b
391 1230 442 1272 ul
455 1244 478 1272 a
488 1242 548 1272 re.
601 1230 900 1272 ambulandum
931 1230 993 1271 est
1024 1229 1215 1285 uestigiis
1245 1230 1413 1282 paribus
1425 1263 1435 1281 ‚
1468 1231 1634 1273 aemula

77 1311 108 1335 1⁵
123 1299 374 1354 ingressione
395 1299 622 1341 nitendum.
654 1300 752 1340 tunc
780 1298 1041 1351 respondebit
1071 1298 1122 1340 ad
1162 1297 1287 1340 fidem
1327 1298 1505 1341 nominis
1545 1311 1632 1342 sec-

122 1368 224 1410 tatio
246 1367 438 1410 ueritatis
459 1369 501 1410 et
522 1368 702 1409 credenti
732 1367 961 1421 praemium
990 1367 1131 1418 datur,
1172 1367 1207 1409 si
1237 1367 1344 1421 quod
1378 1368 1560 1410 creditur
1590 1369 1632 1410 et

122 1440 300 1493 geratur.

178 1507 442 1560 Locupletem
464 1507 506 1548 te
527 1505 629 1547 diois
651 1506 692 1546 et
714 1505 901 1547 diuitem.
934 1505 1004 1546 sed
1032 1504 1195 1547 diuitiis
1215 1504 1300 1547 tuis
1312 1505 1468 1547 Paulus
1489 1517 1630 1548 occur·
1646 1509 1669 1547 8

120 1576 175 1617 rit
196 1576 237 1617 et
258 1575 308 1616 ad
331 1575 489 1616 cultum
512 1574 643 1627 adque
664 1574 854 1616 ornatum
869 1575 989 1615 tuum
1010 1574 1118 1615 iusto
1140 1573 1219 1615 fine
1239 1574 1533 1616 moderandum
1556 1587 1631 1617 sua

19 1650 21 1699 ξ
74 1658 106 1683 20
120 1656 216 1686 uoce
238 1643 491 1698 praescribit.
540 1643 670 1693 sint,
703 1643 858 1696 inquit,
891 1642 1139 1684 mulieres
1170 1654 1280 1683 cum
1312 1644 1629 1687 verecundia

119 1714 167 1755 et
197 1713 466 1767 pudicitia
497 1724 651 1765 conpo
665 1714 843 1754 nentes
874 1725 944 1763 se,
975 1712 1154 1754 nonin
1192 1712 1242 1753 to
1256 1712 1354 1754 rtis
1396 1712 1628 1755 crinibus

118 1795 208 1835 neq
224 1795 281 1823 ue
311 1794 429 1824 auro
461 1794 619 1834 neque
640 1781 950 1835 margaritis
972 1782 1061 1823 aut
1083 1781 1226 1823 ueste
1254 1781 1518 1834 pretiosa,
1540 1782 1626 1824 sed

119 1852 173 1892 ut
217 1851 364 1893 (lecet
406 1851 591 1892 mulier
605 1863 654 1892 es
685 1850 934 1903 promitte
948 1850 1063 1892 ntes
1095 1850 1401 1892 castitatem
1431 1863 1517 1905 per
1547 1851 1628 1892 bo-

19 1963 21 1969 .
116 1932 226 1960 nani
258 1931 279 1960 0
291 1932 383 1960 01111
398 1921 534 1960 ersat
549 1919 661 1960 ione
674 1932 727 1959 m.
761 1919 863 1960 item
885 1918 1032 1959 Petrus
1055 1918 1105 1959 ad
1127 1919 1227 1960 haec
1249 1919 1390 1961 eadem
1413 1921 1629 1973 praecepta.

12 1983 21 2038 f
70 2001 101 2026 25
116 1987 316 2029 consentit
338 1988 378 2028 et
400 1987 520 2029 dicit:
555 1987 626 2029 sit
657 1987 707 2028 111
729 1986 951 2028 muliere
973 1998 1068 2028 non
1090 1988 1321 2029 exterior
1341 1989 1627 2030 ornamenti

19 2041 21 2056 ⁴
116 2058 202 2098 aut
232 2056 343 2098 auri
375 2058 463 2098 aut
494 2056 663 2098 uestis
698 2057 871 2098 cultus
903 2056 988 2097 sed
1026 2057 1207 2099 cultus
1238 2058 1425 2100 cordis.
1480 2059 1625 2112 quodsi

116 2124 185 2166 ille
207 2125 399 2166 muheres
417 2138 575 2179 quoque
592 2126 783 2167 admonet
799 2126 1040 2167 coercendas
1063 2128 1102 2167 et
1123 2127 1174 2168 ad
1196 2127 1517 2170 ecclesiasticam
1538 2130 1624 2171 dis-

115 2193 309 2246 ciplinam
333 2195 525 2250 religiosa
546 2195 827 2237 obseruatione
856 2196 1124 2237 moderandas
1153 2209 1255 2249 quae
1276 2210 1463 2239 excusare
1486 2199 1625 2241 cultus

252 2308 269 2340 7
301 2308 343 2341 10.
361 2310 392 2348 (ἱ,
405 2310 460 2342 38.
537 2310 577 2342 12
603 2309 620 2342 1
640 2308 688 2342 Io.
703 2310 734 2349 2,
750 2309 781 2342 6.
854 2310 898 2343 20
924 2309 940 2342 I
959 2309 1048 2343 ’1“1111.
1064 2310 1095 2350 2,
1111 2310 1132 2343 9
1148 2320 1198 2354 sq.
1273 2312 1318 2345 25
1342 2311 1358 2344 1
1379 2311 1472 2346 Petr,
1487 2313 1519 2352 3,
1534 2314 1555 2347 3
1569 2323 1621 2357 sq.

183 2423 197 2455 1
226 2426 308 2456 sunt
327 2423 368 2464 S,
394 2425 447 2457 est
465 2422 516 2463 D,
543 2435 606 2457 om.
628 2424 678 2457 W
788 2423 841 2467 ex]
860 2434 880 2456 a
904 2424 951 2458 W
1071 2423 1354 2468 concupiscentia
1378 2426 1509 2460 saeculi
1529 2427 1620 2469 SW,

113 2480 239 2515 inundo
256 2481 308 2522 1),
336 2492 427 2515 00110.
448 2481 570 2514 1111111111
595 2481 627 2515 V
708 2481 729 2514 4
755 2483 875 2514 manet
894 2481 951 2516 Do
1045 2483 1066 2516 6
1092 2481 1303 2526 magisteria
1324 2482 1497 2524 SWDV,
1523 2495 1615 2528 mag.

112 2538 232 2572 diuina
255 2551 271 2573 v
359 2542 380 2571 8
407 2549 518 2572 meam
544 2539 592 2573 W
606 2550 632 2572 s.
652 2539 671 2572 I.
698 2550 740 2572 m.
759 2541 785 2572 2
856 2540 877 2572 9
902 2538 932 2572 si
950 2538 988 2573 1)
1003 2550 1030 2573 s.
1049 2539 1071 2573 l.
1091 2550 1133 2573 m.
1152 2542 1176 2573 2
1271 2539 1409 2574 domine
1427 2551 1488 2574 suo
1506 2542 1617 2575 maior

122 2595 166 2628 W
270 2596 307 2628 11
328 2594 432 2639 dixit}
452 2594 539 2629 fecit
559 2595 614 2629 uel
632 2594 725 2629 dixit
743 2598 779 2629 et
798 2595 886 2629 fecit
902 2596 962 2630 uel
979 2596 1066 2630 fecit
1082 2598 1119 2630 et
1135 2596 1256 2630 docuit
1275 2608 1294 2631 υ
1405 2597 1446 2631 14
1472 2600 1527 2631 est
1546 2597 1616 2642 igi-

111 2654 167 2685 tur
188 2663 205 2684 v
302 2652 341 2684 15
368 2652 550 2686 nitendum
569 2654 622 2686 est
641 2652 728 2687 WD
823 2653 1004 2697 respondit
1021 2654 1074 2694 1),
1102 2654 1288 2698 respondet
1308 2666 1326 2689 υ
1432 2656 1474 2688 16
1499 2656 1617 2691 crede-

109 2709 167 2741 tur
186 2708 216 2742 S
297 2709 342 2742 2⁰
368 2708 571 2743 ucricuudia,
590 2709 631 2750 S,
659 2710 863 2744 uirecundia
876 2711 915 2745 J)
999 2711 1041 2745 21
1070 2711 1245 2756 puditicia
1261 2711 1299 2745 l)
1384 2712 1420 2745 in
1438 2724 1502 2746 om.
1520 2713 1550 2747 S

107 2766 152 2798 22
170 2765 345 2808 praetiosa
362 2766 500 2808 &Wa-
521 2767 573 2801 ita
590 2767 631 2801 in
648 2767 714 2801 hac
734 2778 818 2802 uoce
835 2772 1046 2802 constanter
1114 2768 1159 2802 25
1177 2768 1226 2802 sit
1243 2780 1287 2802 eu:
1305 2768 1378 2802 sint
1401 2770 1446 2804 W
1461 2781 1504 2803 m.
1522 2773 1545 2804 2

108 2821 150 2854 27
178 2822 233 2855 illi
248 2843 290 2847 —
306 2822 493 2856 admonent
513 2835 530 2858 c
606 2825 651 2858 2⁸
677 2824 879 2869 religiosam
900 2825 931 2859 S
997 2825 1110 2859 cultos
1129 2826 1166 2859 Ι)

244 2893 306 2922 111.
1286 2884 1336 2925 13
