1912 3152
596 239 660 275 Ad
687 240 905 275 Donatum
929 250 957 275 c.
976 239 1131 276 10—12.
1548 242 1601 283 13

94 344 267 387 fallendi
298 356 440 399 sapore
469 344 673 386 medicato
703 343 896 398 poculum
927 343 1093 385 uidetur
1122 355 1228 394 esse,
1260 342 1368 396 quod
1398 343 1600 385 sumitur:

94 413 166 455 ubi
188 414 306 467 epota
326 426 389 456 res
410 413 492 463 est,
513 412 712 466 pernicies
732 412 880 454 hausta
900 412 1121 466 grassatur.
1154 411 1303 465 quippe
1324 411 1447 452 illum
1468 410 1603 459 uides,

95 482 166 535 qui
197 482 353 523 amictu
385 481 553 523 clariore
584 481 822 534 conspicuus
852 479 1011 535 fulgere
1041 479 1120 521 sibi
1150 480 1317 521 uidetur
1336 479 1379 521 in
1399 491 1599 532 purpura:

95 550 244 604 quibus
264 550 339 592 hoc
361 549 547 592 sordibus
576 550 701 601 emit,
733 551 781 591 ut
810 548 989 603 fulgeat,
1021 560 1121 602 quos
1152 548 1442 603 adrogantium
1473 548 1605 589 fastus

67 618 208 672 sprius
243 618 435 672 pertulit,
467 630 567 672 quas
598 618 792 671 superbas
820 617 925 659 fores
946 617 1176 659 matutinus
1205 617 1408 659 salutator
1429 615 1603 664 obsedit,

96 688 194 740 quot
233 687 484 729 tumentium
529 686 822 728 contumeliosa
859 686 1037 741 uestigia
1082 685 1259 739 stipatus
1306 685 1348 727 in
1389 684 1605 727 clientium

96 768 241 798 cuneos
272 757 366 798 ante
395 756 635 810 praecessit,
667 756 715 797 ut
744 755 880 808 ipsum
911 755 1037 796 etiam
1067 755 1296 797 salutatum
1326 766 1461 797 comes
1491 756 1606 807 post-

97 824 265 866 modum
300 837 448 879 pompa
476 825 751 878 praecederet,
784 824 955 867 obnoxia
988 835 1068 866 non
1100 823 1257 866 homini
1287 824 1357 866 sed
1394 823 1605 878 potestati.

98 905 227 947 neque
249 894 357 935 enim
391 893 470 936 coli
501 893 685 935 moribus
715 893 867 935 meruit
887 892 958 934 ille
988 892 1058 934 sed
1088 891 1281 934 fascibus.
1313 892 1459 933 horum
1491 891 1606 933 deni-

52 974 85 1000 10
99 974 175 1015 que
193 962 332 1004 uideas
354 962 485 1004 exitus
501 963 652 1015 turpes.
676 974 769 1004 cum
783 973 929 1015 auceps
945 962 1178 1015 temporum
1193 961 1382 1015 palpator
1397 960 1607 1007 abscessit,

99 1043 192 1073 cum
212 1030 368 1084 priuati
388 1030 497 1072 latus
517 1030 675 1072 nudum
691 1030 872 1072 desertor
888 1030 1049 1072 adsecla
1065 1029 1269 1072 foedauit:
1292 1031 1391 1071 tunc
1406 1028 1607 1071 laceratae

99 1099 244 1141 domus
264 1100 411 1154 plagae
432 1099 724 1142 conscientiam
745 1099 917 1150 feriunt,
948 1100 1048 1141 tunc
1068 1099 1126 1141 rei
1148 1098 1368 1141 familiaris
1389 1098 1608 1140 exhaustae

100 1168 248 1210 damna
268 1169 502 1219 noscuntur,
525 1168 675 1221 quibus
696 1169 931 1222 redemptus
953 1167 1070 1210 fauor
1090 1167 1208 1223 uulgi
1230 1168 1272 1210 et
1293 1167 1456 1210 caducis
1477 1167 1609 1219 adque

100 1236 290 1278 inanibus
311 1236 419 1278 uotis
440 1236 647 1290 popularis
670 1249 769 1278 aura
790 1237 974 1290 quaesita
994 1237 1067 1278 est.
1102 1236 1231 1278 stulta
1258 1247 1422 1290 prorsus
1444 1236 1484 1277 et
1505 1247 1605 1276 uana

55 1317 87 1343 1⁵
101 1305 279 1356 iactura,
311 1305 547 1347 frustrantis
569 1305 792 1359 spectaculi
813 1305 1025 1359 uoluptate
1045 1304 1089 1346 id
1108 1317 1250 1358 parare
1271 1305 1471 1355 uoluisse,
1503 1304 1609 1357 quod

101 1387 174 1417 nec
194 1374 367 1428 populus
390 1373 591 1427 acciperet
612 1374 653 1415 et
673 1374 859 1427 perderet
879 1373 1163 1429 magistratus.

158 1442 235 1485 Sed
256 1444 297 1485 et
317 1454 417 1497 quos
438 1443 590 1485 diuites
612 1443 788 1496 opinaris
818 1443 1102 1485 continuantes
1130 1442 1306 1484 saltibus
1328 1441 1461 1484 saltus
1491 1442 1531 1483 et
1560 1441 1609 1482 de
1629 1446 1676 1486 12

102 1512 272 1554 confinio
294 1511 540 1566 pauperibus
562 1511 734 1553 exclusis
755 1511 916 1553 infinita
946 1524 992 1554 ac
1023 1512 1109 1554 sine
1140 1511 1328 1553 terminis
1358 1523 1455 1553 rura
1484 1510 1609 1551 latius

102 1580 367 1635 porrigentes,
386 1580 534 1634 quibus
548 1580 708 1635 argenti
720 1581 761 1622 et
772 1580 860 1622 auri
877 1580 1104 1622 maximum
1115 1580 1272 1634 pondus
1290 1581 1331 1622 et
1346 1578 1609 1633 pecuniarum

56 1668 90 1694 20
102 1649 334 1704 ingentium
350 1648 416 1691 uel
433 1649 629 1691 exstructi
644 1661 813 1704 aggeres
831 1649 898 1690 uel
914 1649 1097 1691 defossae
1111 1650 1256 1699 strues,
1274 1648 1346 1690 hos
1364 1648 1491 1691 etiam
1506 1648 1612 1689 inter

102 1716 272 1760 diuitias
293 1730 386 1759 suas
407 1717 586 1771 trepidos
607 1717 867 1772 cogitationis
896 1717 1073 1760 incertae
1104 1717 1340 1760 sollicitudo
1374 1715 1611 1764 discruciat,

101 1799 151 1828 ne
171 1786 320 1839 praedo
341 1787 496 1836 uastet,
518 1798 567 1828 ne
588 1798 800 1840 percussor
819 1786 1000 1837 infestet,
1022 1800 1072 1829 ne
1092 1786 1262 1829 inimica
1282 1786 1478 1839 cuiusque
1499 1785 1612 1827 locu-

103 1855 288 1910 pletioris
318 1855 476 1897 inuidia
507 1855 770 1898 calumniosis
802 1856 947 1898 litibus
982 1856 1193 1910 inquietet.
1225 1867 1304 1898 non
1334 1855 1449 1897 cibus
1471 1866 1611 1896 securo

103 1936 321 1966 somnusue
343 1924 556 1979 contingit,
579 1924 759 1977 suspirat
789 1924 861 1966 ille
882 1925 925 1966 in
945 1925 1154 1976 conuiuio,
1177 1925 1294 1967 bibat
1315 1924 1413 1966 licet
1433 1936 1612 1978 gemma,

57 2005 88 2031 2⁵
103 1995 144 2035 et
165 2005 259 2034 cum
281 1992 412 2046 epulis
440 1992 672 2034 marcidum
701 2004 845 2046 corpus
866 1994 981 2036 torus
1002 1994 1166 2036 mollior
1186 1994 1271 2035 alto
1293 1993 1385 2035 sinu
1416 1993 1613 2041 condidit,

102 2061 254 2117 uigilat
275 2061 317 2103 in
338 2062 479 2114 pluma
499 2073 572 2103 nec
592 2061 801 2116 intellegit
817 2062 963 2113 miser,
986 2063 1166 2116 speciosa
1186 2062 1267 2104 sibi
1288 2074 1376 2104 esse
1397 2062 1614 2116 supplicia,

103 2142 200 2173 auro
222 2142 264 2172 se
284 2130 503 2185 alligatum
524 2130 653 2172 teneri
683 2131 724 2172 et
754 2130 952 2184 possideri
982 2131 1130 2186 magis,
1153 2143 1276 2185 quam
1305 2130 1511 2185 possidere
1535 2128 1614 2187 [di-

174 2265 194 2301 1
221 2264 313 2309 quod
331 2264 360 2300 S
372 2264 436 2300 sed
452 2264 475 2299 d
494 2276 538 2299 m.
557 2266 584 2299 2
654 2265 678 2302 2
704 2267 809 2311 epota
824 2276 880 2301 res
898 2268 953 2301 est
967 2266 1050 2308 SW,
1076 2267 1223 2311 epotata
1247 2277 1304 2301 res
1321 2269 1376 2302 est
1393 2267 1465 2307 Pr,
1492 2270 1613 2311 epota-

102 2321 197 2356 ueris
213 2322 267 2357 vel
292 2323 474 2367 epotatum
491 2323 547 2356 est
564 2333 585 2358 v
673 2322 696 2359 6
721 2325 808 2367 quot
825 2324 944 2365 PW2,
971 2323 1063 2368 quod
1095 2323 1186 2359 SW¹
1264 2324 1420 2369 stipatus
1437 2334 1500 2359 om.
1527 2335 1547 2358 r

103 2379 122 2413 7
148 2379 268 2413 cuncis
286 2380 342 2414 Pv
359 2379 530 2424 (stipatus
548 2380 590 2414 61.
609 2381 728 2414 cuneis
746 2381 879 2415 maluit
894 2381 1124 2426 Krabinqer,
1163 2382 1299 2424 confert
1328 2392 1400 2416 non
1428 2385 1520 2416 recte
1537 2392 1575 2425 p.
1593 2383 1614 2415 5

102 2435 126 2472 l.
147 2435 209 2480 16)
293 2436 528 2471 salutantium
546 2437 728 2472 Erasmus
813 2437 862 2474 10
886 2448 1013 2482 auceps
1038 2438 1130 2479 WP,
1156 2448 1295 2483 amceps
1314 2437 1355 2479 S,
1383 2449 1509 2483 anceps
1529 2449 1547 2472 r

104 2493 148 2529 11
176 2492 362 2528 adsaeeula
383 2494 461 2529 SW
529 2494 574 2530 13
599 2496 705 2539 atque
730 2495 806 2529 WP
885 2496 932 2533 15
958 2495 1148 2529 frustantis
1181 2494 1222 2530 S¹
1294 2495 1346 2531 20
1369 2498 1505 2530 estrues
1521 2496 1551 2530 S

103 2549 153 2586 23
180 2561 320 2585 securus
338 2561 358 2585 v
420 2551 472 2587 24
496 2552 652 2596 contigit
676 2552 722 2586 W
731 2556 737 2573 ¹
813 2552 965 2596 gemma]
984 2563 1142 2596 gemmas
1159 2552 1360 2598 Riyaltius5
1377 2542 1455 2596 ⁵cfr.
1478 2553 1617 2597 Veryilae-

109 2606 237 2652 Geory.
258 2608 311 2642 II.
332 2610 428 2643 506:
455 2610 495 2642 ut
526 2619 667 2653 gemma
697 2608 799 2643 bibat
816 2613 849 2643 et
867 2609 968 2644 pun·
987 2611 1019 2643 k.
1033 2621 1070 2644 π.
1090 2609 1293 2644 ΧΧΧΙΙΙ.
1312 2612 1333 2644 5
1422 2609 1472 2647 25
1497 2609 1614 2644 condi-

103 2663 230 2700 deritv
315 2666 365 2701 26
391 2666 543 2710 suplicia
563 2666 606 2707 S,
646 2666 820 2711 subplitia
849 2667 885 2701 P
970 2666 1021 2703 27
1048 2668 1085 2700 et
1102 2677 1166 2701 om.
1188 2667 1218 2702 S
1298 2666 1475 2711 possidere
1500 2667 1615 2711 magis

103 2732 209 2767 quam
226 2723 398 2767 possideri
415 2723 564 2758 diuitias
583 2725 671 2759 coni.
698 2724 911 2759 Gronouz'us
939 2725 960 2759 l.
980 2737 1004 2759 c.
1020 2736 1060 2769 p.
1079 2727 1155 2759 264
1241 2724 1391 2759 diuitias
1410 2724 1536 2765 SWP,
1562 2724 1615 2758 di·

103 2779 214 2814 uitias
231 2782 337 2824 atque
354 2791 436 2825 opes
453 2792 490 2822 v;
504 2782 611 2815 uncis
627 2792 689 2826 eyo
706 2782 841 2816 inclusi
855 2783 934 2825 (cfr.
951 2782 1051 2816 Pztn.
1071 2782 1091 2816 l.
1112 2782 1184 2829 IX.
1204 2782 1305 2825 epist.
1325 2785 1394 2816 30:
1420 2792 1461 2815 ea
1479 2781 1614 2816 inuasit

103 2835 262 2871 homines
296 2837 449 2872 habendi
485 2837 628 2882 cupido,
670 2840 711 2872 ut
739 2838 911 2883 possideri
936 2839 1051 2883 magis
1077 2850 1183 2883 quam
1217 2838 1394 2883 possidere
1425 2838 1613 2873 uideantur

111 2894 219 2939 Gypr.
253 2894 298 2929 de
326 2894 440 2939 lapsi-s
469 2906 497 2930 c.
516 2898 581 2930 12:
608 2894 790 2940 possidere
816 2906 852 2930 36
882 2895 1031 2932 credunt
1063 2896 1124 2941 qui
1148 2896 1268 2940 potius
1305 2895 1544 2941 possidentur)
