1838 3152
166 197 251 238 496
698 193 886 228 Caecilii
921 193 1136 237 Cypriani

162 299 278 340 nobis
310 297 360 338 ad
397 297 574 338 salutem
611 297 801 338 caelestia
832 297 1026 337 mandata
1057 309 1278 337 seruamus.
1342 296 1439 337 fecit
1470 298 1670 339 Dominus

164 369 300 410 noster
320 368 579 409 uoluntatem
600 367 742 419 patrm,
772 367 812 408 et
834 379 905 407 nos
927 379 1006 407 non
1027 365 1202 407 facimus
1225 366 1299 406 Dei
1321 366 1575 407 uoluntatem
1598 379 1671 419 pa-

165 437 358 478 trimonio
382 437 423 477 et
443 436 556 477 lucro
579 436 802 485 studentes,
837 435 1071 487 superbiam
1093 436 1307 488 sectantes,
1342 436 1610 476 aemulationi
1631 436 1672 476 et

166 505 409 547 dissensioni
441 506 645 558 uacantes7
679 504 959 557 simplicitatis
992 505 1031 545 et
1066 504 1161 545 fidei
1192 504 1474 558 neglegentes,
1513 504 1672 545 saeculo

164 575 300 616 uerbis
323 575 419 616 solis
442 575 481 616 et
502 586 581 615 non
602 573 722 614 factis
744 573 1038 623 renuntiantes,
1062 573 1340 626 unusquisque
1362 573 1441 613 sibi
1463 573 1668 625 placentes
1684 588 1698 613 5

166 644 206 684 et
243 643 430 684 omnibus
464 642 735 696 displicentes.
788 642 1035 694 uapulamus
1067 642 1207 695 itaque
1239 643 1285 683 ut
1313 655 1537 693 meremur,
1581 655 1675 683 cum

167 712 369 765 scriptum
391 712 472 753 sit:
514 724 698 752 seruus
730 711 900 751 autem
932 711 1025 751 ille
1065 711 1152 763 qui
1193 711 1459 764 cognoscit
1498 711 1675 752 uolun-

166 781 325 822 tatem
371 780 567 821 domini
615 779 693 820 sui
735 780 782 820 et
826 792 920 820 non
959 779 1200 832 paruerit
1238 780 1512 821 uoluntati
1545 781 1675 831 eius,

167 849 442 902 uapulabit
472 849 681 890 multas,
726 860 825 901 quas
849 849 988 889 autem
1004 848 1160 902 plagas,
1185 861 1286 901 quae
1308 849 1478 890 uerbera
1494 861 1574 890 non
1590 863 1677 891 me-

168 932 318 969 remur,
352 918 510 971 quando
532 930 604 958 nec
627 916 873 958 confessores
896 917 966 970 qui
989 918 1171 970 exemplo
1205 918 1348 959 ceteris
1372 918 1422 959 ad
1443 918 1568 959 bonos
1588 930 1677 959 mo—
1692 933 1722 958 ιο

171 1001 234 1029 res
267 1001 351 1029 esse
383 987 607 1028 debuerant
638 987 803 1027 teneant
835 986 1128 1039 disciplinam?
1179 986 1317 1040 itaque
1349 987 1448 1028 dum
1482 988 1680 1040 quosdam

172 1056 395 1097 insolenter
412 1055 573 1097 extollit
590 1055 851 1096 confessionis
870 1068 966 1096 suae
983 1056 1144 1096 tumida
1160 1056 1199 1097 et
1216 1056 1487 1097 inuerecunda
1503 1057 1682 1110 iactatio,

169 1125 376 1166 tormenta
411 1126 631 1178 uenerunt,
675 1125 715 1166 et
751 1125 955 1165 tormenta
991 1125 1076 1165 sine
1113 1124 1191 1166 fine
1227 1125 1412 1175 tortoris,
1448 1126 1533 1166 sine
1570 1125 1681 1166 exitu

170 1193 460 1246 damnationis,
495 1194 580 1234 sine
602 1194 751 1235 solacio
773 1193 931 1247 mortis,
964 1194 1170 1235 tormenta
1192 1207 1293 1247 quae
1316 1195 1367 1236 ad
1389 1206 1577 1235 coronam
1598 1206 1677 1235 non

170 1262 292 1304 facile
315 1262 531 1303 dimittant
554 1262 622 1303 sed
644 1262 806 1304 tamdiu
836 1263 1052 1315 torqueant
1084 1262 1280 1316 quamdiu
1310 1263 1498 1313 deiciant,
1533 1263 1614 1303 nisi
1645 1262 1679 1303 si
1693 1279 1724 1303 15

171 1332 322 1385 aliquis
345 1331 488 1372 diuina
511 1332 747 1386 dignatione
779 1331 1012 1373 subtractus
1034 1332 1140 1373 inter
1170 1332 1260 1386 ipsa
1291 1332 1569 1374 cruciamenta
1589 1343 1683 1385 pro-

171 1400 337 1454 fecerit,
383 1399 555 1452 adeptus
591 1399 767 1452 gloriam
801 1410 881 1440 non
916 1399 1090 1440 termino
1128 1399 1320 1453 supplicii
1357 1399 1427 1441 sed
1463 1399 1682 1440 uelocitate

175 1469 389 1512 moriendi.

134 1546 157 1585 2
230 1539 343 1580 Haec
371 1538 557 1592 patimur
589 1537 737 1579 delicto
769 1539 809 1578 et
840 1537 987 1579 merito
1020 1539 1170 1591 nostro,
1204 1538 1310 1579 sicut
1340 1538 1599 1590 praemonuit
1621 1538 1685 1578 di-

174 1608 273 1649 uina
295 1620 463 1649 censura
484 1608 642 1649 dicens:
676 1607 718 1649 si
751 1606 1134 1660 dereliquerint
1165 1607 1334 1661 legem
1366 1619 1524 1647 meam
1557 1607 1604 1648 et
1634 1606 1731 1651 in2o

173 1677 391 1719 iudiciis
430 1677 560 1718 meis
601 1689 695 1718 non
726 1676 1133 1725 ambulauerint‚
1177 1675 1219 1716 si
1257 1675 1686 1717 iustificationes

175 1758 313 1787 meas
344 1745 745 1799 profanauerint
784 1746 831 1786 et
861 1745 1145 1798 praecepta
1183 1757 1287 1786 mea
1317 1757 1413 1786 non
1445 1745 1687 1786 obserua-

179 1816 375 1869 uerint7
416 1815 649 1856 uisitabo
681 1815 731 1855 in
762 1815 920 1868 uirga
951 1815 1183 1856 facinora
1223 1826 1395 1856 eorum
1427 1814 1476 1855 et
1507 1814 1558 1854 in
1589 1813 1685 1854 fla-

177 1884 307 1938 gelli
323 1897 340 1925 s
373 1884 570 1926 delicta
601 1896 789 1925 eorum.
837 1884 975 1938 uirgas
997 1883 1128 1937 igitur
1149 1884 1189 1924 et
1210 1883 1376 1938 flagella
1398 1883 1597 1924 sentimus
1619 1882 1689 1935 qui

179 1953 265 1995 Deo
286 1966 359 1995 nec
380 1953 496 1995 bonis
519 1953 638 1994 factis
659 1954 869 2006 placemus
890 1966 963 1994 nec
985 1965 1056 2006 pro
1077 1952 1255 2005 peccatis
1289 1951 1578 1993 satisfacimus.
1622 1963 1687 1992 ro-
1701 1963 1733 1988 25

318 2090 336 2123 7
355 2089 436 2124 Lue.
456 2090 509 2131 12,
528 2090 583 2124 47.
656 2089 701 2124 20
717 2090 776 2124 Ps.
795 2090 851 2130 88,
869 2089 1017 2123 31—33.

250 2205 269 2238 1
287 2204 375 2238 facit
392 2205 427 2238 P
530 2205 551 2238 2
567 2204 682 2247 patris
705 2232 712 2238 .
727 2232 732 2237 .
750 2230 759 2238 .
779 2204 1005 2238 uoluntatem
1023 2214 1086 2237 om.
1103 2201 1138 2236 R
1232 2201 1368 2236 domini
1390 2202 1439 2236 Gv
1532 2202 1553 2235 3
1572 2211 1690 2245 super-

180 2261 278 2296 biam
310 2263 485 2296 sectantes
516 2272 579 2296 om.
606 2262 635 2296 Ο
737 2261 760 2295 4
784 2263 958 2306 uagantes
984 2260 1021 2305 Q,
1052 2261 1211 2294 uitantes
1235 2260 1264 2294 G
1356 2258 1628 2303 simplicitatem
1651 2257 1689 2302 Q,

182 2319 430 2363 simplicitatis
449 2330 493 2353 ex
511 2320 753 2363 unusquisque
779 2320 808 2354 Ο
900 2319 1004 2353 fidem
1028 2318 1056 2362 Q
1161 2319 1181 2352 5
1201 2318 1284 2351 solis
1303 2317 1337 2351 L
1354 2328 1380 2351 s.
1400 2317 1420 2351 Z.
1440 2328 1483 2350 m.
1503 2318 1528 2350 2
1620 2315 1692 2349 tibi

184 2377 236 2411 L¹
331 2378 351 2410 6
384 2378 553 2421 uapulare
576 2378 605 2412 G
696 2379 736 2411 ut
765 2387 830 2411 om.
855 2378 884 2412 C
979 2377 998 2410 7
1029 2376 1195 2420 cognouit
1218 2376 1247 2411 G
1350 2375 1371 2409 9
1400 2373 1588 2418 uapulauit
1612 2373 1694 2407 MR

186 2434 391 2479 (uapulabit
414 2434 457 2479 Q)
544 2435 671 2468 multis
688 2447 709 2470 v
803 2435 847 2468 10
865 2436 998 2468 ceteros
1017 2435 1052 2468 P
1145 2434 1187 2467 12
1206 2433 1399 2467 insolentes
1420 2433 1448 2465 Ο
1539 2431 1692 2475 tumida]

184 2509 292 2542 timor
316 2509 346 2544 Ο
415 2509 588 2543 iactantia
606 2509 643 2543 in
666 2509 695 2544 G
764 2509 807 2543 13
831 2510 1004 2543 uenerunt
1022 2519 1065 2542 ecc
1082 2509 1248 2542 uerentur
1266 2507 1314 2541 M
1325 2518 1369 2541 m.
1387 2509 1410 2541 2
1429 2507 1616 2550 (uenerunt
1639 2505 1693 2550 Q),

186 2568 374 2600 uerterunt
398 2567 428 2601 C'
520 2567 556 2600 et
573 2577 638 2601 om.
663 2566 693 2601 G
784 2567 820 2600 et
836 2567 1014 2600 tormenta
1038 2576 1128 2600 eras.
1147 2566 1188 2599 in
1206 2565 1248 2598 N
1338 2565 1381 2599 15
1399 2564 1596 2598 demittant
1619 2564 1647 2608 Q

186 2625 230 2659 16
263 2624 431 2659 defecerit
451 2624 570 2691 tOoeon.
666 2625 708 2658 17
727 2624 771 2658 ad
801 2625 941 2668 tempus
965 2624 1109 2668 gloria*
1134 2623 1162 2668 Q
1180 2622 1342 2667 (adeptus
1372 2622 1524 2666 gloriam
1543 2621 1603 2666 M)

189 2699 233 2733 19
257 2709 464 2754 praemoneo
493 2699 521 2733 C
611 2698 656 2733 20
689 2698 965 2743 derelinquerint
986 2699 1013 2732 Ο
1104 2698 1140 2731 in
1166 2708 1230 2732 om.
1250 2697 1347 2731 L¹N
1434 2697 1476 2730 21
1507 2696 1538 2729 si
1563 2694 1693 2729 iustifi-

188 2756 345 2791 cationes
366 2785 373 2790 .
388 2783 395 2790 .
413 2784 419 2790 .
440 2755 707 2790 obseruauerint
726 2766 790 2790 om.
816 2755 859 2791 0¹
945 2756 990 2789 24
1012 2756 1133 2800 uirgas
1152 2766 1270 2789 eorum
1288 2755 1323 2789 R
1407 2754 1451 2788 25
1468 2742 1555 2787 dffi
1561 2752 1641 2787 0¹13

188 2815 264 2859 nec]
283 2825 353 2848 non
371 2814 451 2856 LP,
472 2813 514 2848 de
532 2814 567 2848 R
