1838 3152
543 255 778 300 Epistulae
802 256 1028 292 LXXIIII.
1055 268 1081 292 c.
1108 259 1208 293 2-3.
1539 261 1619 303 801

129 358 332 400 infamare
363 358 566 410 apostolos
599 359 759 409 debeat,
793 359 910 412 quasi
942 360 1006 402 illi
1039 360 1334 404 haereticorum
1369 363 1622 416 baptismata

126 425 388 478 probauerint
423 428 496 468 aut
531 427 589 468 eis
623 427 709 469 sine
739 428 932 469 ecclesiae
973 428 1175 482 baptismo
1213 432 1620 483 communicauerint‚

126 495 286 547 quando
315 494 416 536 talia
437 495 485 536 de
507 495 723 538 haereticis
751 496 924 549 apostoli
953 497 1217 550 scripserunt,
1249 500 1290 540 et
1310 499 1385 541 hoc
1407 512 1499 540 cum
1522 512 1618 541 non-

128 562 226 604 dum
264 562 490 605 haereticae
525 564 660 616 pestes
698 564 874 606 acriores
914 565 1210 618 prorupissent,
1250 568 1424 609 necdum
1465 580 1622 620 quoque

95 631 307 673 sMarcion
340 631 534 673 Ponticus
566 631 614 673 de
649 631 781 674 Ponto
814 632 1058 681 emersisset,
1092 633 1209 675 cuius
1239 635 1438 688 magister
1467 634 1622 676 Cerdou

123 699 199 741 sub
221 699 387 754 Hygino
408 700 593 753 episcopo
615 700 685 753 qui
704 700 746 741 in
769 700 867 742 urbe
887 712 1016 742 nonus
1037 700 1118 742 fuit
1140 701 1311 743 Romam
1338 703 1471 744 uenit:
1502 715 1622 755 quem

123 768 307 810 Marcion
329 769 494 810 secutus
515 768 670 810 additis
692 769 744 810 ad
761 769 915 811 crimen
937 769 1171 823 augmentis
1193 770 1457 822 inpudentius
1478 772 1624 812 ceteris

126 838 168 878 et
188 836 405 890 abruptius
426 836 468 878 in
486 836 618 878 Deum
640 838 803 890 patrem
825 838 1048 879 creatorem
1072 837 1355 891 blasphemare
1377 838 1562 880 instituit
1583 840 1624 879 et

127 904 381 946 haereticum
410 903 589 946 furorem
620 905 832 959 sacrilegis
863 905 987 947 armis
1018 907 1160 947 contra
1189 906 1401 947 ecclesiam
1423 906 1625 948 rebellan-

82 987 115 1011 ιο
127 974 212 1014 tem
235 973 475 1014 sceleratius
497 974 538 1014 et
558 973 727 1027 grauius
749 974 942 1015 armauit.

183 1042 299 1093 Quod
330 1041 364 1083 si
393 1041 580 1084 haereses
611 1044 772 1084 constat
803 1043 1066 1096 postmodum
1097 1044 1235 1097 plures
1263 1056 1310 1086 ac
1338 1045 1492 1097 peiores
1522 1042 1664 1086 exiti-3

125 1111 223 1152 tisse
255 1111 296 1152 et
327 1110 361 1151 si
393 1112 500 1152 retro
538 1123 742 1164 nusquam
777 1111 942 1153 omnino
978 1113 1242 1165 praeceptum
1277 1114 1340 1154 est
1371 1125 1500 1165 neque
1532 1123 1627 1153 con-

126 1180 341 1233 scriptum,
372 1181 418 1221 ut
438 1180 642 1222 haeretico
674 1192 820 1222 manus
842 1181 1004 1221 tantum
1026 1180 1068 1221 in
1089 1181 1383 1233 paenitentiam
1410 1181 1628 1233 inponatur

132 1250 174 1291 et
194 1249 253 1290 sic
274 1249 311 1290 ei
333 1249 670 1298 communicetur,
701 1249 798 1290 etsi
820 1248 1027 1302 baptisma
1054 1261 1134 1290 non
1163 1250 1244 1291 nisi
1273 1263 1400 1291 unum
1430 1251 1493 1291 est
1520 1250 1627 1302 quod

82 1331 115 1357 1⁵
131 1317 241 1372 apud
270 1330 342 1359 nos
374 1319 436 1359 est
458 1319 499 1359 et
520 1318 632 1360 intus
664 1319 726 1359 est
747 1320 789 1359 et
810 1318 887 1359 soli
919 1317 1115 1360 ecclesiae
1145 1317 1194 1359 de
1214 1318 1356 1360 diuina
1390 1318 1627 1372 dignatione

134 1398 368 1429 concessum
405 1388 480 1440 est,
522 1399 625 1439 quae
666 1387 747 1428 ista
787 1386 1010 1428 obstinatio
1050 1387 1114 1428 est
1154 1399 1308 1439 quaeue
1348 1387 1627 1439 praesumptio

128 1455 354 1497 humanam
411 1455 678 1497 traditionem
737 1454 902 1496 diuinae
951 1454 1210 1507 dispositioni
1260 1456 1504 1508 anteponere
1553 1468 1627 1497 nec

129 1524 455 1565 animaduertere
485 1523 692 1578 indignari
724 1524 765 1564 et
793 1523 916 1565 irasci
938 1524 1085 1573 Deum,
1120 1523 1308 1576 quotiens
1339 1523 1480 1565 diuina
1510 1536 1627 1577 prae-

129 1594 246 1645 cepta
275 1592 402 1634 soluit
424 1593 465 1634 et
485 1592 683 1646 praeterit
712 1592 893 1633 humana
912 1592 1095 1645 traditio,
1126 1591 1233 1634 sicut
1254 1604 1324 1644 per
1345 1592 1512 1633 Esaiam
1533 1604 1627 1645 pro-

80 1661 295 1714 2ophetam
316 1661 471 1702 clamat
492 1662 533 1702 et
553 1660 677 1702 dicit:
709 1660 928 1714 populus
958 1660 1059 1701 iste
1087 1660 1245 1702 labiis
1275 1660 1630 1702 honorificant

126 1743 219 1779 me,
260 1742 341 1772 cor
371 1741 489 1771 uero
520 1741 692 1771 eorum
724 1729 873 1783 longe
904 1729 1199 1782 separatum
1230 1730 1310 1770 est
1339 1741 1363 1769 a
1392 1741 1479 1770 me.
1521 1729 1628 1769 sine

128 1811 281 1840 causa
319 1799 487 1840 autem
518 1798 694 1839 colunt
725 1810 798 1838 me
828 1798 1068 1839 mandata
1098 1799 1147 1838 et
1178 1797 1441 1838 doctrinas
1472 1796 1628 1838 homi-

129 1881 244 1909 num
271 1867 522 1909 docentes.
556 1866 656 1908 item
680 1866 880 1907 Dominus
901 1866 943 1907 in
966 1865 1179 1920 euangelio
1201 1866 1410 1917 increpans
1433 1864 1629 1906 similiter

129 1939 171 1978 et
210 1936 431 1991 obiurgans
472 1936 586 1988 ponit
625 1937 665 1976 et
696 1935 818 1976 dicit:
859 1934 1066 1976 reicitis
1108 1934 1402 1975 mandatum
1445 1933 1535 1974 Dei
1576 1934 1630 1974 ut

264 2084 310 2118 20
337 2083 394 2117 Es.
420 2083 475 2123 29,
503 2082 555 2117 13.
651 2083 695 2117 24
720 2083 826 2116 Marc.
855 2082 886 2120 7,
914 2082 965 2115 13.

202 2222 220 2256 1
240 2221 397 2266 apostolo
413 2220 446 2255 L
583 2221 605 2254 3
623 2219 829 2264 scripserint
848 2219 1062 2254 BCL¹PTv
1201 2228 1278 2252 cum
1296 2217 1362 2272 hoc
1380 2217 1409 2252 C
1546 2226 1630 2250 non-

129 2295 225 2340 dum]
247 2305 316 2329 non
334 2294 447 2329 adhuc
469 2295 498 2329 G
642 2295 664 2328 ἴ)
680 2293 837 2327 marcian
863 2293 904 2328 C·
1050 2270 1213 2337 pontizu:
1232 2302 1269 2326 se
1287 2292 1317 2326 C
1462 2290 1504 2324 de
1522 2293 1631 2334 ponto

129 2363 194 2387 om.
219 2352 249 2389 C
340 2352 521 2386 mersisset
539 2353 575 2385 et
601 2351 630 2386 C
721 2351 893 2394 magister
912 2349 1053 2394 cerdon]
1071 2349 1264 2384 mercedem
1284 2349 1314 2383 C
1404 2348 1425 2382 6
1443 2347 1571 2391 hycino
1585 2347 1629 2387 L,

133 2409 267 2453 hygino
285 2411 368 2442 tunc
387 2409 443 2443 Bv
561 2407 682 2441 urbem
701 2407 774 2442 LT
891 2407 909 2440 7
929 2407 1081 2451 secutus]
1101 2406 1240 2440 secuius
1259 2405 1294 2439 B
1410 2403 1578 2447 additisq.
1602 2404 1635 2438 T

131 2477 164 2510 q.
182 2477 207 2500 s.
229 2467 264 2509 l.,
284 2465 417 2500 additit
434 2465 464 2500 G
578 2465 739 2499 criminis
758 2475 802 2498 ex
820 2455 906 2497 crim
925 2464 955 2498 C
1069 2465 1297 2507 augmentum
1317 2462 1362 2497 C²
1488 2463 1511 2495 8
1527 2461 1630 2494 abru-

130 2523 206 2557 tius
229 2524 260 2557 T
407 2523 428 2557 9
446 2522 611 2567 furorem]
631 2522 798 2566 pudorem
818 2522 851 2555 B
1000 2521 1044 2554 10
1061 2520 1203 2564 gracius
1222 2520 1264 2554 0¹
1414 2519 1455 2552 11
1474 2517 1630 2552 haeresis

131 2580 307 2616 BC'LZvl
424 2579 542 2624 plures
559 2582 596 2613 et
613 2590 657 2613 ex
675 2579 815 2623 plurum
835 2589 870 2612 se
893 2579 922 2613 C
1038 2578 1080 2611 12
1097 2577 1128 2610 si
1146 2588 1211 2611 om.
1231 2576 1266 2610 B
1384 2576 1426 2609 13
1443 2574 1631 2616 haeretico]

132 2637 353 2681 rebaptizato
372 2638 408 2670 et
425 2646 495 2670 non
513 2636 598 2670 add.
618 2635 654 2669 B
803 2636 946 2668 tantum
964 2644 1089 2668 manus
1112 2634 1198 2668 GTv
1336 2631 1536 2676 penitentia
1559 2630 1588 2664 C

133 2694 176 2728 14
193 2693 285 2737 quod
303 2704 382 2737 eaep.
399 2693 433 2727 L
526 2691 618 2736 quod
636 2703 666 2728 a.
685 2703 719 2725 n.
737 2694 792 2725 est
808 2702 873 2725 om.
894 2692 923 2725 C
1015 2691 1057 2724 16
1074 2688 1350 2723 obstinationem
1369 2689 1449 2730 (om.
1468 2688 1535 2725 est)
1559 2686 1588 2721 0

134 2752 175 2786 17
193 2751 428 2795 dispositione
450 2750 495 2784 Τ*
577 2750 619 2783 18
636 2752 672 2783 et
689 2748 870 2793 indignari
888 2750 923 2782 et
946 2748 975 2783 C
989 2748 1144 2781 alterum
1160 2749 1196 2780 et
1211 2756 1240 2780 s.
1260 2746 1280 2779 l.
1355 2745 1397 2779 19
1417 2744 1532 2777 soluet
1551 2743 1586 2777 Β

134 2810 267 2843 eseiam
286 2809 321 2842 P
520 2806 564 2840 20
583 2797 792 2841 honorificat
809 2805 1001 2841 CL²1¹T²v
1195 2803 1240 2837 23
1256 2804 1291 2836 et
1308 2802 1394 2836 item
1418 2802 1448 2835 T
1463 2802 1499 2835 ct
1515 2810 1543 2835 s.
1562 2799 1584 2833 l.

133 2866 178 2900 24
195 2864 363 2908 obiurgat
381 2865 416 2899 B
555 2863 723 2897 mandata
745 2864 778 2898 T
907 2866 990 2906 post
1007 2861 1063 2895 dei
1082 2870 1152 2895 ras.
1171 2862 1309 2895 20-24
1329 2859 1395 2892 litt.
1416 2858 1455 2891 in
1478 2857 1509 2891 T

273 2936 335 2963 ιιι.
1302 2917 1354 2958 51
