1838 3152
186 205 273 247 404
674 203 866 239 Caecilii
892 204 1105 249 Cypriani

187 308 435 361 parricidam
456 321 535 349 non
567 308 725 349 resistit
755 321 828 350 nec
858 309 1103 358 reluctatur,
1137 309 1206 350 sed
1228 309 1398 350 humilis
1421 310 1461 350 et
1481 309 1597 351 mitis
1619 322 1693 362 pa-

188 377 339 418 tienter
360 377 570 418 occiditur.
605 377 662 417 sic
683 377 896 418 Abraham
918 378 1003 419 Deo
1026 378 1190 418 credens
1213 378 1253 418 et
1274 377 1454 419 radicem
1477 391 1521 419 ac
1543 378 1693 419 funda-

189 447 374 487 mentum
411 445 505 486 fidei
537 445 695 498 primus
727 446 949 487 instituens
982 447 1210 499 temptatus
1240 446 1282 486 in
1313 446 1399 487 filio
1430 459 1509 487 non
1531 446 1695 487 dubitat

189 526 320 567 neque
342 515 581 564 cunctatur,
617 514 685 556 sed
723 514 953 568 praeceptis
992 515 1067 555 Dei
1104 515 1192 556 tota
1227 515 1430 568 patientia
1465 515 1694 556 deuotionis

190 583 439 635 obsequitur.
473 584 512 623 ct
548 583 657 624 Isaac
689 583 739 624 ad
769 583 927 624 hostiae
960 582 1186 624 dominicae
1209 583 1527 624 similitudinem
1550 581 1696 636 praefi-
1728 596 1741 621 5

191 652 364 705 guratus
387 652 547 704 quando
580 665 602 692 a
633 653 749 705 patre
770 651 1050 693 immolandus
1073 651 1262 702 offertur,
1294 652 1452 704 patiens
1474 651 1694 693 inuenitur.

192 721 233 762 et
255 720 374 761 Iacob
398 720 567 774 fugatus
590 734 610 761 a
635 720 762 761 fratre
785 720 833 760 de
854 721 964 761 terra
986 732 1059 761 sua
1076 720 1280 773 patienter
1303 721 1461 762 excedit
1484 722 1524 762 et
1545 720 1697 761 maiore

191 789 395 842 patientia
426 789 688 842 postmodum
720 789 890 841 supplex
925 789 1057 830 adhuc
1089 789 1223 843 magis
1246 789 1422 842 impium
1446 791 1487 830 et
1510 801 1697 842 persecu-

192 860 323 900 torem
346 858 584 899 muneribus
606 857 786 909 pacificis
809 858 859 898 ad
883 857 1140 898 concordiam
1161 857 1326 912 redigit.
1375 858 1519 912 loseph
1541 871 1697 899 uenun-

192 928 313 969 datus
337 941 359 969 a
381 927 579 968 fratribus
603 927 643 967 et
665 926 873 980 relegatus
897 939 976 967 non
998 926 1164 967 tantum
1185 926 1392 980 patienter
1413 927 1603 981 ignoscit,
1627 926 1697 968 sed
1712 945 1745 970 10

192 997 232 1037 et
264 996 449 1050 gratuita
480 995 741 1036 uenientibus
764 994 973 1036 frumenta
993 994 1167 1048 largiter
1190 997 1231 1036 et
1253 995 1474 1036 clementer
1495 995 1695 1047 impertit.

191 1066 353 1118 Moyses
377 1065 426 1106 ab
450 1064 613 1118 ingrato
636 1064 675 1105 et
698 1077 720 1105 a
741 1063 897 1117 perfido
920 1064 1070 1117 populo
1102 1064 1380 1105 contemnitur
1403 1064 1636 1116 frequenter
1658 1065 1699 1105 et

190 1148 316 1188 paene
338 1134 567 1187 lapidatur,
601 1135 641 1174 et
663 1135 803 1175 tamen
825 1133 926 1174 lenis
958 1135 998 1174 et
1020 1134 1179 1187 patiens
1201 1146 1273 1186 pro
1296 1134 1451 1175 eisdem
1474 1133 1699 1175 Dominum

191 1206 451 1258 deprecatur.
483 1203 525 1244 in
546 1202 684 1244 Dauid
707 1215 824 1252 uero,
848 1215 894 1243 ex
917 1214 995 1255 quo
1019 1202 1242 1243 secundum
1268 1215 1429 1244 carnem
1453 1202 1605 1243 Christi
1627 1214 1699 1243 na-

191 1274 337 1315 tiuitas
370 1273 520 1322 oritur,
555 1285 676 1324 quam
711 1284 863 1325 magna
895 1272 934 1312 et
965 1272 1071 1312 mira
1094 1274 1135 1313 et
1157 1271 1382 1313 christiana
1403 1271 1605 1324 patientia
1626 1270 1745 1313 lla-15

190 1343 329 1384 buisse
351 1342 395 1383 in
417 1355 542 1383 manu
565 1353 684 1394 saepe
706 1343 753 1382 ut
785 1340 882 1382 Saul
913 1353 1052 1395 regem
1083 1343 1395 1394 persequentem
1428 1354 1469 1382 se
1502 1341 1542 1382 et
1571 1341 1701 1382 inter-

190 1412 309 1454 ficere
340 1411 694 1464 concupiscentem
726 1410 863 1462 posset
895 1410 1076 1451 occidere
1098 1411 1139 1450 et
1160 1410 1298 1451 tamen
1322 1410 1536 1451 subditum
1559 1409 1638 1450 sibi
1661 1410 1701 1450 et

190 1482 394 1523 traditum
416 1479 615 1521 maluisse
637 1491 799 1520 seruare
819 1491 892 1520 nec
913 1478 1146 1532 rependisse
1168 1478 1334 1521 inimico
1356 1479 1511 1529 uicem,
1543 1479 1613 1520 sed
1635 1490 1702 1519 oc-

192 1551 323 1593 cisum
355 1549 489 1591 adhuc
519 1549 686 1601 insuper
707 1549 748 1589 et
769 1548 1013 1589 uindicasse.
1050 1548 1108 1589 tot
1132 1548 1304 1601 denique
1327 1548 1547 1602 prophetae
1569 1548 1699 1589 inter-

192 1620 312 1671 fecti,
345 1619 409 1660 tot
439 1618 644 1671 martyres
676 1617 865 1672 gloriosis
901 1617 1105 1659 mortibus
1141 1617 1342 1668 honorati,
1382 1618 1450 1671 qui
1489 1630 1630 1660 omnes
1651 1618 1703 1659 ad
1716 1622 1749 1648 20

193 1689 390 1731 caelestes
430 1699 594 1728 coronas
630 1686 852 1740 patientiae
887 1686 1006 1727 laude
1042 1688 1254 1727 uenerunt.
1288 1699 1418 1739 neque
1440 1687 1548 1728 enim
1570 1687 1705 1740 potest

193 1757 324 1811 accipi
348 1756 534 1798 dolorum
566 1757 607 1797 et
638 1756 875 1808 passionum
908 1767 1071 1805 corona,
1104 1754 1184 1796 nisi
1205 1755 1423 1809 praecedat
1446 1756 1487 1796 in
1510 1756 1647 1797 dolore
1669 1756 1709 1797 et

191 1826 380 1880 passione
401 1825 618 1878 patientia.

127 1897 173 1937 ll
252 1894 385 1945 Quam
417 1893 472 1934 sit
503 1894 642 1935 autem
673 1894 874 1946 patientia
905 1894 1023 1934 utilis
1057 1895 1097 1935 et
1127 1894 1374 1945 necessaria,
1408 1894 1557 1936 fratres
1581 1894 1707 1935 dilec-

192 1963 368 2014 tissimi,
400 1964 449 2004 ut
483 1962 746 2004 manifestius
783 1962 915 2016 possit
952 1963 992 2003 et
1027 1962 1188 2016 plenius
1226 1963 1357 2014 nosci,
1390 1962 1467 2004 Dei
1503 1962 1709 2005 sententia
1722 1970 1754 1996 25

194 2034 400 2088 cogitetur
441 2046 565 2086 quam
605 2033 647 2074 in
689 2032 845 2086 origine
887 2032 1031 2074 statim
1073 2032 1218 2073 mundi
1260 2033 1300 2074 et
1342 2032 1501 2087 generis
1537 2031 1709 2073 humani

195 2103 334 2144 Adam
363 2102 568 2155 praecepti
609 2102 810 2142 inmemor
847 2102 888 2142 et
930 2101 1048 2143 datae
1088 2101 1193 2155 legis
1230 2102 1505 2156 transgressor
1540 2100 1707 2154 accepit.

195 2172 295 2213 tunc
318 2171 497 2213 sciemus
520 2183 647 2223 quam
672 2170 876 2223 patientes
899 2182 986 2211 esse
1007 2170 1049 2211 in
1071 2170 1151 2211 isto
1174 2170 1334 2211 saeculo
1366 2170 1606 2220 debeamus,
1639 2168 1709 2222 qui

196 2240 255 2281 sic
286 2239 506 2290 nascimur,
540 2239 586 2279 ut
621 2239 822 2291 pressuris
859 2238 954 2279 istic
985 2239 1024 2280 et
1055 2238 1429 2281 conflictationibus
1461 2238 1705 2280 laboremus.

269 2410 286 2443 1
314 2409 537 2444 fratricidam
555 2421 596 2453 v;
615 2409 661 2452 cf.
675 2420 710 2453 p.
723 2411 807 2450 307,
820 2412 897 2451 2251,
936 2409 981 2444 de
1002 2409 1075 2444 zelo
1097 2413 1130 2444 et
1145 2410 1165 2444 l.
1183 2420 1210 2443 c.
1227 2412 1276 2451 5.,
1314 2409 1469 2454 Quintil.
1486 2409 1571 2444 inst.
1592 2409 1705 2452 VIII,

199 2471 235 2511 6,
251 2469 298 2501 35
368 2467 389 2501 5
408 2466 480 2501 isac
500 2466 529 2501 S
598 2467 617 2501 7
636 2466 745 2500 fratre
762 2477 824 2501 suo
843 2467 873 2501 S
940 2467 1073 2501 maiora
1097 2467 1129 2501 G
1198 2467 1220 2500 8
1237 2468 1431 2501 secutorem
1445 2468 1509 2503 W¹
1579 2467 1600 2501 9
1618 2465 1709 2500 redi-

198 2525 267 2568 git]
282 2524 419 2558 reducit
443 2524 475 2558 G
546 2524 590 2558 10
613 2523 788 2568 religatus
808 2524 873 2559 SG
937 2524 1098 2568 agnoscit
1118 2524 1146 2558 S
1215 2525 1253 2558 1]
1284 2526 1320 2559 et
1338 2536 1401 2559 om.
1425 2525 1455 2559 G
1527 2525 1707 2558 frumenta

199 2581 425 2615 uenientibus
445 2582 554 2617 WGv
626 2582 669 2616 12
687 2592 707 2615 a
725 2593 788 2616 om.
810 2582 922 2617 WGv
994 2582 1037 2616 13
1055 2581 1166 2615 isdem
1185 2583 1234 2618 W
1306 2583 1348 2616 14
1366 2582 1572 2616 natiuitatis
1590 2582 1636 2615 G¹

200 2639 245 2672 15
268 2639 461 2683 patientia]
479 2640 577 2684 patia
596 2639 626 2674 S
709 2640 750 2673 17
777 2640 975 2684 cupientem
1000 2640 1031 2674 G
1118 2642 1153 2674 et
1171 2651 1234 2675 om.
1257 2641 1286 2675 S
1370 2641 1441 2675 sibi
1461 2652 1504 2675 eac
1522 2640 1593 2674 tibi
1612 2640 1641 2674 S

201 2697 244 2730 19
272 2696 451 2730 interfecti
470 2698 517 2732 W.
534 2707 561 2731 s.
576 2698 597 2731 l.
616 2708 660 2731 m.
679 2700 702 2733 2
772 2697 817 2731 20
833 2698 900 2742 tot]
921 2698 986 2732 hoc
1005 2698 1034 2732 S
1102 2698 1271 2743 martyris
1290 2699 1320 2733 S
1387 2698 1559 2743 gloriosos
1574 2699 1624 2734 W
1629 2700 1638 2716 ¹

198 2755 242 2788 21
269 2754 388 2798 patiac
408 2755 473 2789 W¹
544 2755 588 2789 24
613 2755 827 2799 patientiam
845 2766 949 2799 quam
970 2755 999 2789 S
1067 2756 1111 2790 25
1135 2756 1271 2790 dinosci
1294 2756 1326 2790 G
1404 2757 1447 2790 27
1474 2758 1510 2790 et
1527 2767 1592 2791 om.
1611 2755 1640 2790 S

198 2811 295 2855 leges
314 2811 344 2845 S
450 2812 494 2846 29
519 2812 557 2846 in
575 2813 747 2855 pressuris
771 2812 803 2847 G
935 2812 1042 2847 istinc
1065 2813 1137 2854 W·,
1157 2813 1265 2848 isthic
1284 2815 1440 2859 Auyust.
1461 2817 1592 2848 contra
1609 2813 1703 2847 deta-s

202 2869 302 2912 epist.
324 2869 400 2903 Pel.
422 2870 489 2911 IV,
508 2873 544 2913 8,
563 2872 613 2904 ,¹22
