1912 3152
298 224 348 265 16
548 220 744 257 Caecilii
769 218 982 264 Cypriani
1007 217 1058 252 ad
1082 218 1301 252 Donatum
1327 228 1354 252 c.
1384 217 1541 255 15—16.

297 325 371 367 hoc
398 325 537 366 manet
570 323 682 364 cultu
712 322 866 376 iugiter
895 321 1035 363 uiuido
1054 354 1063 372 ,
1094 321 1244 362 honore
1264 321 1446 375 integm,
1480 320 1694 374 splendore
1716 320 1806 363 diu-

300 395 430 435 turnO.
462 391 611 433 aboleri
641 402 720 432 non
740 391 875 444 potest
906 402 980 431 nec
1010 389 1215 444 extingui,
1247 389 1382 442 potest
1402 389 1568 430 tantum
1590 388 1634 430 in
1655 389 1806 432 melius

305 473 465 514 corpore
487 460 676 501 redeunte
698 458 878 500 formari.

244 538 293 579 16
362 529 472 570 Haec
492 527 657 569 interim
679 527 890 577 breuibuS,
927 527 1087 568 Donate
1108 526 1327 567 carissime.
1359 538 1454 568 nam
1477 526 1554 568 etsi
1574 526 1736 568 facilem
1759 526 1807 568 de

304 597 482 639 bonitate
496 595 749 648 patientiam,
768 596 948 636 mentem
965 595 1007 636 in
1023 594 1185 636 domino
1203 594 1391 645 solidam,
1411 594 1532 636 fidem
1546 595 1682 636 tutam
1697 594 1806 636 salu-
1837 609 1852 634 ε»

297 665 395 707 taris
417 664 580 706 auditus
602 664 791 713 oblectat,
814 663 996 716 nihilque
1017 664 1103 705 tam
1115 664 1197 704 tuis
1219 663 1386 704 auribus
1402 664 1568 717 gratum
1588 664 1661 714 est,
1685 676 1807 716 quam

297 734 402 787 quod
424 734 466 774 in
493 732 716 774 Dominum
737 732 903 786 gratum
926 732 1008 782 est,
1039 731 1240 773 moderari
1261 733 1400 773 tamen
1421 731 1590 774 dicenda
1611 732 1806 774 debemus

295 801 417 844 simul
439 801 571 842 iuncti
594 801 633 842 et
655 802 814 853 saepius
836 800 1028 851 locuturi,
1052 801 1092 842 et
1115 800 1307 853 quoniam
1329 800 1475 842 feriata
1494 814 1600 843 nunc
1622 801 1735 854 quies
1758 813 1805 848 ac

291 875 452 924 tempus
471 871 532 911 est
549 870 735 919 otiosum,
760 868 960 922 quidquid
978 869 1199 911 inclinante
1215 869 1300 911 iam
1322 869 1405 910 sole
1426 869 1469 910 in
1490 882 1702 922 uesperam
1720 869 1806 911 dies

296 939 497 992 superest,
538 938 735 979 ducamus
777 938 885 978 hunc
916 938 1024 978 diem
1057 938 1159 979 laeti
1189 950 1262 979 nec
1294 937 1349 979 sit
1378 938 1447 979 uel
1476 937 1576 979 hora
1621 938 1802 980 conuiuii
1821 952 1853 978 ιο

292 1008 448 1062 gratiae
479 1007 664 1048 caelestis
693 1006 885 1047 inmunis.
920 1007 1033 1047 sonet
1061 1007 1242 1060 psalmos
1265 1006 1502 1048 conuiuium
1523 1006 1724 1048 sobrium:
1757 1008 1804 1049 u‘c

295 1076 372 1117 tibi
403 1077 523 1117 tenax
554 1075 753 1116 memoria
785 1076 867 1126 est,
902 1087 979 1117 uox
1011 1088 1177 1126 canora,
1218 1075 1439 1129 adgredere
1468 1075 1543 1117 hoc
1574 1089 1723 1117 munus
1756 1088 1802 1118 ex

295 1157 417 1186 more.
458 1143 589 1198 magis
621 1143 853 1185 carissimos
896 1144 1050 1196 pascis,
1098 1144 1132 1185 si
1164 1143 1218 1185 sit
1248 1144 1365 1186 nobis
1397 1143 1597 1198 spiritalis
1628 1144 1798 1195 auditio,

300 1213 493 1267 prolectet
514 1224 630 1254 aures
650 1212 844 1267 religiosa
864 1213 1065 1255 mulcedo.

364 1348 383 1384 1
410 1348 485 1393 hoc]
504 1348 588 1382 haec
604 1359 625 1383 v
695 1349 718 1384 2
745 1348 904 1382 abholeri
928 1349 970 1382 W
1038 1349 1063 1384 4
1088 1349 1256 1383 breuibus
1275 1350 1311 1384 P
1380 1349 1568 1384 karissime
1594 1349 1631 1383 P
1715 1349 1738 1386 5
1765 1348 1802 1383 in

296 1405 434 1439 domino
453 1405 494 1447 S,
521 1406 558 1439 in
587 1405 669 1439 dnm
700 1406 750 1446 P,
778 1405 815 1439 in
839 1405 896 1439 dri]
921 1407 997 1447 Wr,
1025 1416 1090 1440 om.
1120 1417 1141 1441 υ
1198 1398 1205 1404 '
1231 1407 1361 1451 tutam]
1380 1409 1480 1441 tuam
1498 1407 1554 1441 Pr
1579 1406 1735 1450 (facilem
1761 1405 1802 1440 de

297 1462 453 1496 bonitate
481 1463 676 1507 patientiae
703 1464 874 1504 montem,
918 1462 955 1496 in
980 1462 1084 1497 deum
1109 1463 1221 1498 solida
1248 1463 1316 1498 fide
1338 1465 1457 1498 tutam
1475 1464 1565 1498 coni.
1593 1463 1805 1498 Gronouius

297 1520 319 1554 l.
336 1530 361 1554 c.
372 1532 411 1564 p.
424 1522 507 1564 579)
573 1520 595 1557 7
615 1531 735 1564 quam.
752 1548 758 1554 .
775 1547 781 1554 .
798 1522 868 1554 .ost
885 1532 948 1555 om.
969 1521 1067 1555 WPv
1130 1521 1192 1556 deo
1209 1531 1230 1556 v
1292 1521 1330 1555 in
1347 1521 1492 1556 dicendo
1511 1521 1733 1556 conaFaber

296 1577 501 1611 collocuturi
520 1588 560 1621 v;
587 1578 654 1620 cfr.
683 1578 838 1612 Gronov.
869 1578 889 1612 Ζ.
911 1590 935 1612 c.
1009 1577 1032 1614 8
1052 1578 1150 1622 quies
1169 1589 1212 1613 ew
1229 1589 1347 1622 qesses
1367 1578 1397 1613 S
1416 1590 1460 1613 m.
1482 1580 1508 1612 2
1585 1577 1608 1614 9
1635 1577 1803 1622 quicquid

301 1635 379 1668 WP
475 1634 644 1669 inclinate
664 1635 704 1676 S,
742 1635 914 1669 inclinato
944 1646 966 1670 v
1065 1636 1139 1670 dies
1169 1635 1298 1677 SWP,
1325 1635 1397 1670 diei
1425 1647 1446 1671 v
1533 1635 1583 1672 10
1606 1635 1698 1669 hanc
1714 1646 1735 1669 v

299 1692 345 1727 11
365 1691 520 1736 psalmus
536 1693 631 1726 WPr
644 1693 662 1736 (
670 1689 724 1726 ‚id
741 1696 800 1733 est,
817 1696 977 1727 canatur
988 1694 1163 1737 psalmus,
1181 1693 1244 1728 sed
1260 1697 1303 1728 ut
1319 1694 1361 1728 in
1377 1694 1497 1728 sobrio
1514 1694 1686 1728 conuiuio
1702 1693 1802 1727 solet.

298 1753 335 1783 ut
364 1749 560 1793 audiatur,
587 1750 673 1784 cani
702 1761 725 1784 α
752 1751 879 1784 sobriis
904 1749 1082 1785 cofnufmis'
1109 1751 1321 1786 Gronouius
1338 1750 1499 1785 Diatrib.
1517 1751 1561 1785 in
1579 1750 1691 1785 Statii
1709 1750 1799 1785 Sicu.

292 1823 329 1856 p.
350 1814 418 1846 513
436 1812 487 1846 ecl.
509 1812 641 1855 Hand)
713 1814 748 1846 et
766 1814 806 1846 ut
822 1824 842 1847 υ
915 1813 958 1849 13
984 1800 1083 1849 limo*
1098 1814 1133 1848 P
1217 1824 1339 1858 pasces
1357 1824 1392 1855 v,
1418 1813 1516 1858 pacis
1535 1813 1570 1848 P
1640 1812 1671 1847 si
1688 1823 1753 1847 om.
1769 1812 1805 1847 P

298 1880 445 1904 CAECILI
470 1880 650 1904 CYPRIANI
675 1880 723 1904 AD
749 1880 929 1905 DONATUM
954 1881 1128 1905 EXPLICIT
1161 1870 1224 1906 SP
1253 1882 1303 1905 AD
1333 1881 1515 1905 DONATUM
1545 1880 1719 1906 EXPLICIT
1749 1870 1799 1903 W.
