1838 3152
520 246 578 280 De
604 245 715 280 bono
740 243 996 290 patientiae
1022 253 1048 276 c.
1076 242 1175 276 4—6.
1511 241 1594 283 401

96 358 188 400 neat
223 354 265 396 in
300 351 438 400 nobiS‚
471 350 505 392 si
528 348 758 391 similitudo
779 348 921 390 diuina
941 360 1063 401 quam
1096 347 1263 400 peceato
1294 344 1430 386 Adam
1460 345 1597 400 perdi-

98 426 211 468 derat
232 421 520 464 manifestetur
541 421 583 461 et
604 419 741 460 luceat
764 418 804 459 in
826 417 987 459 actibus
1017 416 1179 458 nost-ris.
1228 428 1331 469 quae
1367 415 1499 470 gloria
1535 417 1598 457 est

98 492 273 536 similem
295 491 379 532 Deo
401 489 510 539 fieri,
543 488 677 542 qualis
699 490 740 530 et
762 488 914 541 quanta
936 486 1113 528 felicitas
1135 485 1283 527 habere
1305 485 1347 526 in
1368 484 1597 527 uirtutibus

98 561 202 616 quod
224 559 376 601 diuinis
397 557 588 599 laudibus
610 556 740 611 possit
761 556 941 610 aequari.

55 649 70 676 5
152 630 236 671 Nec
258 628 352 677 hoe.
377 628 524 669 fratres
546 626 830 677 dilectissimi,
854 626 969 668 Iesus
991 625 1180 668 Christus
1202 625 1402 668 Dominus
1424 626 1464 666 et
1486 624 1597 665 Deus
1612 629 1637 670 6

96 700 231 742 noster
252 700 416 740 tantum
439 697 574 739 uerbis
597 696 757 746 docuit,
791 696 862 738 sed
891 695 1083 749 impleuit
1120 697 1160 737 et
1197 694 1330 737 factis.
1363 695 1403 736 et
1439 693 1509 747 qui
1548 692 1599 735 ad

98 767 171 810 hoc
191 766 448 809 descendisse
485 778 525 808 se
562 765 720 807 dixerat
756 766 802 806 ut
836 764 1097 807 uoluntatem
1139 764 1268 818 patris
1304 763 1455 805 faceret
1492 762 1600 803 inter

100 837 230 880 cetera
261 835 469 877 mirabilia
504 835 711 876 uirtutum
743 833 892 887 quibus
915 834 1068 876 indicia
1089 833 1253 875 diuinae
1275 832 1508 874 maiestatis
1530 844 1599 873 ex-

57 939 62 944 .
98 905 243 960 pressit
274 907 488 958 paternam
520 915 678 956 quoque
709 903 954 957 patientiam
976 903 1219 945 tolerantiae
1241 904 1379 944 tenore
1401 902 1598 944 seruauit.

55 992 88 1019 ιο
100 974 227 1018 omnis
244 973 415 1026 denique
432 974 548 1014 aetus
566 973 653 1014 eius
676 972 726 1014 ab
750 972 836 1025 ipso
859 972 1004 1014 statim
1026 972 1208 1013 aduentu
1230 970 1429 1025 patientia
1451 970 1601 1013 comite

99 1044 303 1098 signatur,
337 1042 444 1095 quod
476 1043 658 1095 primum
689 1041 739 1083 de
763 1039 872 1098 [illa]
897 1041 1156 1083 sublimitate
1179 1040 1347 1083 caelesti
1369 1040 1420 1082 ad
1442 1041 1600 1082 terrena

99 1111 339 1154 descendens
360 1124 440 1152 non
472 1113 714 1165 aspernatur
744 1110 820 1152 Dei
852 1110 963 1152 filius
986 1122 1148 1153 carnem
1170 1109 1349 1152 hominis
1371 1109 1537 1151 induere
1559 1109 1600 1151 et

101 1193 189 1224 cum
209 1182 397 1235 peccator
418 1180 504 1234 ipse
526 1191 604 1221 non
627 1181 735 1221 esset
755 1179 890 1221 aliena
911 1180 1078 1233 peccata
1099 1180 1273 1234 portare.
1298 1179 1600 1221 inmortalitate

99 1250 260 1293 interim
282 1250 414 1303 posita
447 1249 534 1291 fieri
567 1262 607 1291 se
639 1249 857 1291 mortalem
888 1249 1050 1303 patitur
1080 1250 1126 1290 ut
1148 1249 1337 1291 innocens
1360 1262 1430 1303 pro
1452 1262 1602 1292 noeen-

52 1331 89 1377 ..¹⁸
100 1320 202 1363 tium
226 1319 358 1361 salute
380 1319 622 1373 perimatur.
656 1318 858 1360 Dominus
880 1318 1116 1372 baptizatur
1137 1332 1159 1360 a
1181 1331 1298 1361 seruo
1321 1320 1361 1361 et
1383 1319 1600 1361 remissam

52 1383 65 1407 ⁵
100 1390 359 1444 peccatorum
395 1388 568 1430 daturus
604 1388 689 1441 ipse
726 1399 804 1430 non
827 1388 1076 1442 dedignatur
1096 1387 1260 1430 lauacro
1282 1387 1602 1444 regenerationis

101 1470 241 1511 corpus
262 1457 439 1499 abluere.
474 1457 616 1499 diebus
638 1456 911 1512 quadraginta
932 1457 1088 1499 ieiunat
1109 1470 1180 1512 per
1201 1470 1324 1511 quem
1346 1458 1469 1500 ceteri
1491 1457 1603 1513 sagi-

100 1529 270 1570 nantur:
294 1527 422 1568 esurit
445 1528 485 1568 et
507 1526 656 1568 famem
681 1526 809 1567 sensit
831 1527 879 1568 ut
900 1526 970 1579 qui
987 1526 1029 1568 in
1047 1525 1156 1568 fame
1173 1527 1370 1569 sermonis
1389 1528 1429 1569 et
1445 1527 1604 1581 gratiae

101 1596 261 1640 fuerant
292 1597 460 1639 caelesti
492 1609 595 1650 pane
626 1597 919 1638 saturarentur.
955 1609 1050 1638 cum
1071 1596 1235 1639 diabolo
1257 1598 1487 1651 temptante
1509 1608 1604 1638 con-

0 1677 2 1706 τ
60 1666 286 1721 ngreditur
308 1667 350 1708 et
370 1666 585 1708 inimicum
608 1666 772 1707 tantum
794 1665 944 1707 uicisse
967 1666 1182 1707 contentus
1204 1665 1309 1707 nihil
1339 1666 1450 1707 ultra
1482 1666 1607 1709 uerba

104 1738 279 1777 conatur.
330 1735 544 1790 discipulis
586 1747 664 1776 non
706 1736 751 1776 ut
783 1735 912 1777 seruis
943 1735 1149 1777 dominica
1179 1736 1381 1789 potestate
1414 1736 1606 1790 praefuit,

104 1806 170 1847 sed
187 1805 388 1860 benignus
411 1806 450 1847 et
468 1805 583 1846 mitis
605 1805 783 1847 fraterna
805 1817 870 1847 eos
892 1805 1063 1847 caritate
1080 1805 1238 1855 dilexit,
1262 1805 1456 1860 dignatus
1479 1806 1607 1848 etiam

104 1874 222 1929 pedes
243 1874 522 1928 apostolorum
544 1873 695 1923 lauare,
718 1875 765 1915 ut
787 1873 886 1915 dum
908 1874 1015 1916 circa
1038 1886 1176 1916 seruos
1198 1873 1296 1916 talis
1319 1875 1381 1916 est
1402 1875 1606 1926 dominus

107 1943 285 1998 exemplo
322 1956 393 1985 suo
431 1943 593 1985 doceret
630 1943 764 1996 qualis
801 1943 909 1985 circa
945 1955 1139 1996 conpares
1175 1944 1215 1985 et
1249 1944 1438 1997 aequales
1461 1945 1609 1987 debeat

65 2022 189 2054 nesse
223 2024 456 2054 conseruus.
487 2024 559 2054 nec
581 2012 816 2053 mirandum
839 2012 946 2065 quod
978 2012 1084 2054 circa
1115 2012 1379 2055 obaudientes
1411 2013 1509 2056 talis
1541 2027 1609 2056 ex-

106 2081 238 2125 titerit
274 2082 343 2135 qui
380 2081 528 2123 Iudam
566 2081 702 2135 potuit
738 2093 865 2134 usque
901 2080 954 2123 ad
986 2082 1216 2124 extremum
1251 2082 1374 2138 longa
1410 2084 1612 2138 patientia

110 2150 326 2199 sustinere,
359 2150 498 2191 cibum
521 2163 614 2192 cum
637 2149 805 2192 inimico
826 2161 989 2204 capere,
1022 2150 1185 2193 hostem
1207 2152 1483 2195 domesticum
1505 2153 1609 2195 scire

7 2230 17 2380 l
175 2277 194 2310 1
212 2275 248 2310 in
262 2275 377 2321 nobis]
393 2276 423 2309 si
437 2275 687 2310 consummari.
705 2301 710 2307 .
727 2275 939 2310 .natiuitate
954 2276 1084 2320 repetit
1096 2277 1127 2311 G
1136 2279 1160 2318 ¹,
1176 2288 1254 2321 exp.
1269 2277 1319 2312 G²
1388 2277 1419 2312 si
1433 2288 1498 2312 om.
1512 2278 1544 2312 G

109 2332 277 2377 peccando
297 2333 327 2366 G
398 2333 420 2367 ὁ
438 2344 480 2367 ne
501 2333 548 2367 G·
627 2334 662 2367 et
680 2333 765 2367 deus
790 2334 833 2367 W
846 2344 873 2368 s.
892 2334 913 2368 l.
934 2344 977 2367 m.
996 2336 1019 2368 2
1088 2333 1173 2369 deus
1191 2336 1227 2369 et
1244 2334 1407 2370 dominus
1423 2335 1484 2371 uel
1501 2337 1535 2370 et
1553 2336 1614 2371 do·

109 2389 225 2424 minus
242 2389 327 2425 deus
348 2402 365 2425 v
437 2391 458 2425 6
477 2390 591 2434 pleuit
612 2394 648 2425 et
665 2391 750 2435 quia
767 2391 812 2426 ab
830 2392 886 2426 his
903 2393 1037 2436 incipit
1049 2391 1079 2427 S
1148 2392 1223 2437 qui]
1247 2394 1332 2437 quia
1348 2405 1368 2428 v
1438 2393 1458 2428 7
1476 2393 1613 2429 discen-

113 2445 202 2482 disse
222 2458 258 2481 se
282 2447 312 2483 S
318 2451 323 2468 ¹
340 2448 413 2488 W',
439 2447 602 2483 descendi
621 2459 695 2483 sese
716 2449 748 2483 G
835 2448 892 2484 dei
909 2449 1024 2494 patris
1043 2449 1073 2484 S
1162 2450 1185 2484 8
1210 2449 1440 2485 admirabilia
1463 2451 1513 2492 W,
1540 2461 1615 2485 am·

111 2504 290 2539 mirabilia
310 2505 358 2547 G,
385 2506 567 2551 magnalia
597 2506 644 2547 V,
669 2506 852 2552 magnalia
880 2508 918 2541 et
946 2506 1128 2542 mirabilia
1157 2508 1305 2552 scripsit
1330 2508 1549 2554 Krabinyer

113 2562 284 2597 uirtutum
301 2574 444 2598 suarum
463 2564 522 2598 uel
540 2574 683 2598 suarum
702 2563 880 2598 uirtutum
897 2575 918 2599 v
1002 2565 1024 2599 9
1050 2565 1210 2599 seruauit
1226 2568 1348 2600 tenore
1371 2565 1404 2601 G
1483 2567 1527 2600 10
1543 2577 1616 2601 om-

112 2628 172 2653 nes
191 2631 208 2654 υ
278 2620 475 2665 pacientiae
499 2620 532 2656 G
603 2622 644 2655 11
664 2621 855 2667 signantur
874 2633 892 2657 υ
963 2622 1028 2656 illa
1046 2633 1110 2657 om.
1129 2623 1157 2658 S
1228 2623 1270 2657 13
1287 2624 1445 2667 portaret
1462 2623 1502 2657 S'
1517 2624 1549 2657 G

115 2677 156 2711 14
181 2678 331 2722 seposita
346 2678 389 2714 8²
482 2681 518 2713 et
535 2679 719 2714 mortalem
738 2680 808 2716 Wv
903 2681 947 2715 15
971 2683 1172 2725 perematur
1191 2681 1241 2716 W
1333 2681 1480 2715 remissa
1500 2681 1543 2716 S¹

116 2734 157 2769 16
180 2734 385 2781 designatur
405 2737 452 2772 W
462 2741 468 2758 ¹
548 2738 590 2771 17
616 2737 805 2782 sagiantur
825 2737 867 2773 S¹
947 2738 990 2773 18
1008 2737 1125 2773 famen
1149 2738 1182 2773 G
1253 2738 1620 2774 sentit—saturentur

119 2791 222 2828 Wov
293 2795 335 2830 19
352 2793 497 2829 diabulo
512 2794 597 2830 SW
654 2795 700 2829 20
717 2795 823 2830 uerba
837 2807 903 2831 om.
921 2796 952 2830 G
1023 2796 1068 2830 22
1085 2795 1255 2840 dignatus
1273 2797 1327 2829 est
1347 2807 1365 2830 v
1426 2796 1471 2830 24
1489 2807 1602 2840 aequa

116 2848 164 2884 les
180 2861 223 2886 ex
240 2852 362 2897 quales
381 2852 410 2888 S
427 2864 468 2888 m.
484 2855 510 2888 2
625 2854 671 2888 25
694 2854 919 2889 oboedientes
947 2855 1050 2895 WG,
1088 2865 1265 2898 compares
1290 2853 1519 2889 obaudientes
1543 2854 1622 2890 Ba-

117 2905 231 2945 luzius
314 2910 405 2945 tales
425 2910 454 2946 S
528 2911 574 2948 27
600 2922 722 2956 capere
742 2912 911 2953 SWGV,
938 2923 1073 2947 sumere
1098 2923 1118 2947 v

247 2979 312 3010 111.
1295 2971 1349 3012 213

14 2686 25 2845 >w
