1838 3152
183 204 269 245 430
722 203 915 238 Caecilii
941 204 1156 248 Cypriani

185 307 453 359 secuntur,
477 310 533 349 ut
564 308 686 350 sitis
718 308 920 349 similes
951 308 1119 361 patris
1142 308 1306 349 uestri
1339 309 1422 361 qui
1453 308 1501 349 in
1533 307 1692 350 caelis

185 377 283 426 est,
332 377 416 429 qui
448 377 605 418 solem
645 390 787 418 suum
819 376 947 417 oriri
980 376 1111 417 facit
1143 389 1297 430 super
1327 377 1482 417 bonos
1514 379 1562 418 et
1592 389 1692 418 ma—

185 445 261 485 los
293 446 341 486 61
370 445 514 497 pluit
545 458 700 498 super
731 446 901 487 iustos
934 447 982 486 et
1014 445 1255 487 iniustos.
1290 446 1324 486 si
1345 445 1585 486 hominibus
1606 446 1691 487 lae-

184 515 276 555 tum
308 516 370 555 631
401 516 441 555 61
472 515 698 569 gloriosum
720 514 826 554 filios
849 514 997 555 habere
1020 514 1254 555 consimiles
1276 516 1317 555 et
1339 515 1437 555 tunc
1458 514 1590 568 magis
1620 527 1692 568 ge-

184 595 346 624 nerasse
368 583 565 634 delectat,
599 584 632 625 si
665 583 716 623 ad
747 584 909 636 patrem
941 583 1197 624 liniamentis
1219 584 1388 636 paribus
1410 583 1572 624 suboles
1594 584 1691 625 sub·
1725 599 1738 622 5

185 652 314 694 siciua
346 653 609 706 respondeat,
643 653 794 705 quanto
827 653 960 694 maior
991 652 1032 693 in
1054 653 1139 693 Deo
1161 654 1279 705 patre
1299 652 1462 693 laetitia
1484 653 1566 702 est,
1599 664 1692 692 cum

185 722 277 775 quis
309 722 367 763 sic
399 722 645 775 spiritaliter
675 722 878 773 nascitur,
911 722 959 762 ut
990 722 1032 762 in
1063 721 1223 762 actibus
1246 722 1332 762 eius
1354 722 1396 762 et
1415 721 1608 762 laudibus
1631 721 1693 761 di-

185 791 282 832 uina
317 791 568 845 generositas
605 791 875 843 praedicetur.
918 803 1020 843 quae
1064 790 1251 832 iustitiae
1287 790 1426 843 palma
1462 791 1542 840 est,
1571 803 1693 844 *quae

186 871 334 901 corona
356 872 441 900 esse
462 860 503 901 te
524 859 674 909 talem,
698 859 747 900 de
769 872 847 912 quo
869 860 980 900 Deus
1002 871 1081 900 non
1104 859 1235 901 dicat:
1269 859 1416 901 filios
1449 859 1693 913 generaui
1774 912 1777 915 ,

185 929 234 969 61
266 928 518 978 exaltaui,
569 928 669 981 ipsi
701 929 870 969 autem
902 941 976 969 me
1022 928 1343 981 spreuerunt.
1402 928 1620 970 conlaudet
1653 928 1693 968 te
1710 940 1741 964 10

184 997 322 1050 potius
344 996 532 1038 Christus
554 998 594 1038 et
617 997 769 1038 inuitet
791 997 842 1039 ad
863 997 1094 1050 praemium
1116 998 1275 1039 dicens:
1319 996 1518 1047 uenite,
1551 996 1695 1037 bene-

186 1066 323 1108 dicti
364 1066 532 1119 patris
573 1066 691 1117 mei,
738 1067 1000 1120 percipite
1031 1079 1242 1120 regnum
1274 1066 1408 1119 quod
1439 1066 1585 1107 uobis
1615 1078 1695 1118 pa-

185 1141 354 1177 ratum
387 1136 463 1177 est
495 1135 553 1176 ab
586 1136 788 1190 origine
820 1136 1011 1177 mundi.

121 1209 171 1249 16
243 1204 321 1245 His
342 1204 683 1245 meditationibus
714 1205 1039 1246 conroborandus
1075 1206 1137 1246 est
1174 1204 1360 1255 animus,
1395 1204 1544 1246 fratres
1566 1205 1722 1246 dilec-·

185 1273 362 1324 tissimi,
397 1273 599 1315 eiusmodi
631 1273 992 1315 exercitationibus
1025 1274 1165 1315 contra
1200 1274 1335 1315 omnia
1372 1273 1526 1315 diaboli
1563 1274 1697 1315 iacula
1711 1286 1740 1311 15

186 1343 424 1385 firmandus.
459 1343 514 1384 sit
550 1343 592 1384 in
625 1343 817 1384 inanibus
855 1343 996 1384 diuina
1032 1343 1176 1393 lectio,
1209 1343 1252 1384 in
1282 1343 1467 1385 sensibus
1490 1343 1695 1385 dominica

187 1412 406 1467 cogitatio,
439 1413 569 1453 oratio
591 1412 700 1466 iugis
722 1412 885 1453 omnino
907 1425 987 1453 non
1011 1414 1160 1463 cesset,
1184 1412 1379 1454 salutaris
1402 1412 1583 1465 operatio
1604 1425 1696 1465 per-

187 1482 356 1523 seueret.
405 1481 666 1535 spiritalibus
705 1494 865 1534 semper
902 1481 1062 1522 actibus
1099 1493 1362 1535 occupemur,
1402 1482 1450 1522 ut
1487 1481 1698 1534 quotiens-

188 1563 363 1603 cumque
385 1550 578 1592 inimicus
601 1551 838 1601 accesserit,
862 1551 1050 1603 quotiens
1073 1550 1185 1592 adire
1207 1550 1497 1603 temptauerit,
1522 1551 1563 1592 et
1584 1550 1697 1591 clau-

189 1633 281 1661 sum
303 1619 523 1661 aduersum
542 1632 583 1660 se
600 1620 743 1673 pectus
760 1620 944 1661 inueniat
961 1621 1002 1660 et
1019 1620 1236 1660 armatum.
1261 1631 1341 1660 non
1357 1620 1467 1661 enim
1485 1620 1697 1662 christiani
1712 1635 1745 1660 20

188 1689 368 1730 hominis
405 1700 550 1730 corona
587 1701 667 1729 una
700 1691 761 1730 est
798 1701 898 1742 quae
933 1690 1116 1742 tempore
1154 1689 1447 1741 persecutionis
1485 1689 1697 1742 accipitur.

188 1758 313 1800 habet
336 1759 377 1799 et
398 1771 476 1812 pax
499 1769 664 1799 coronas
687 1770 802 1809 suas,
836 1758 985 1811 quibus
1022 1759 1070 1799 de
1108 1758 1222 1799 uaria
1259 1758 1299 1799 et
1335 1758 1560 1815 multiplici
1602 1771 1698 1800 con-

189 1827 396 1882 gressione
433 1828 611 1868 uictores
646 1829 852 1880 prostrato
890 1828 931 1868 et
967 1827 1136 1868 subacto
1175 1827 1408 1869 aduersario
1445 1839 1696 1869 coronamur.

187 1896 409 1937 libidinem
431 1896 643 1951 subegisse
666 1896 942 1938 continentiae
964 1896 1104 1950 palma
1126 1897 1200 1937 est.
1236 1896 1377 1937 contra
1397 1896 1524 1946 iram,
1558 1897 1698 1938 contra

187 1967 385 2007 iniuriam
407 1978 654 2020 repugnasse
677 1978 822 2008 corona
843 1966 1068 2019 patientiae
1092 1967 1167 2007 est.
1192 1966 1240 2007 de
1263 1966 1439 2007 auaritia
1461 1965 1696 2018 triumphus
1712 1979 1743 2004 25

325 2116 345 2148 9
371 2115 428 2149 Es.
448 2116 478 2156 1,
498 2116 528 2149 2.
604 2116 645 2149 11
673 2116 805 2149 Matth.
824 2116 880 2157 25,
899 2116 954 2150 34.

260 2242 279 2274 1
306 2242 442 2275 311116113
458 2242 504 2283 1),
528 2242 596 2275 filii
614 2254 655 2286 v;
681 2244 727 2285 cfl
747 2246 821 2276 tes-t.
835 2243 911 2276 III
926 2245 973 2276 49
1069 2242 1165 2285 patri
1183 2233 1245 2276 1110
1257 2242 1306 2275 M
1430 2242 1451 2275 2
1469 2251 1574 2284 supra
1593 2241 1632 2275 D

189 2299 211 2333 5
235 2300 378 2342 patrum
394 2299 455 2332 M²
526 2299 628 2343 paria
647 2300 693 2334 M
765 2300 901 2334 soboles
923 2301 1009 2341 Wv,
1038 2299 1168 2334 soboli*
1186 2300 1234 2334 M
1303 2299 1489 2334 subseciua
1506 2299 1586 2342 M‘2,
1614 2298 1695 2332 sub-

190 2356 303 2390 cisiua
320 2357 379 2390 uel
396 2357 593 2390 successiua
610 2369 631 2390 v
741 2358 761 2391 6
787 2357 1024 2401 respondeant
1042 2358 1091 2391 M
1195 2357 1214 2391 7
1241 2357 1320 2401 quis
1336 2357 1399 2401 sio]
1419 2355 1532 2400 (1111*31
1549 2356 1598 2396 Β,
1617 2355 1697 2399 quis

190 2414 240 2447 M
329 2414 350 2447 8
376 2414 520 2447 iustitia
538 2415 573 2448 et
592 2414 627 2447 R
721 2416 742 2448 9
768 2426 893 2448 corona
918 2418 973 2448 cst
991 2415 1074 2450 MR
1161 2417 1197 2448 te
1220 2415 1325 2456 WD,
1352 2425 1388 2448 se
1406 2414 1605 2454 Bazmius,
1633 2424 1696 2446 om.

191 2471 275 2505 MR
367 2471 476 2516 genui
493 2471 532 2505 1)
618 2473 661 2505 10
679 2474 888 2516 spreuerunt
902 2483 956 2506 me
970 2484 991 2507 v
1078 2472 1137 2506 sed
1155 2471 1333 2506 collaudet
1351 2483 1372 2506 v
1458 2471 1499 2505 11
1518 2472 1554 2504 et
1568 2470 1698 2504 inuitct

191 2529 346 2562 christus
363 2528 401 2562 D
473 2529 516 2563 12
541 2530 709 2572 patresD
780 2530 966 2574 percipite]
987 2529 1209 2573 possideteD
1280 2530 1323 2563 15
1349 2530 1384 2563 et
1402 2527 1573 2562 eiusmodi
1587 2527 1635 2561 M

191 2585 517 2630 exercitationibus]
535 2587 825 2630 generationibus
839 2588 877 2621 D
996 2588 1038 2621 16
1063 2587 1100 2620 in
1118 2587 1299 2630 manibus]
1326 2586 1362 2620 in
1388 2586 1506 2619 animo
1524 2586 1572 2619 M
1582 2612 1589 2625 ,
1615 2585 1697 2618 ante

191 2644 308 2677 oculos
333 2655 353 2678 v
469 2644 589 2689 lectio]
610 2645 694 2678 add.
722 2657 760 2679 v:
786 2646 823 2678 in
846 2645 1012 2679 manibus
1037 2645 1129 2678 bona
1155 2644 1313 2689 operatio
1429 2643 1619 2685 dominica}
1643 2641 1695 2674 di-

192 2701 277 2734 uina
292 2701 341 2736 M
424 2702 467 2735 18
492 2702 632 2735 actibus
652 2713 788 2746 semper
805 2702 843 2736 D
929 2702 1410 2746 quotiescumque—quoties
1428 2701 1499 2736 Wv
1580 2699 1622 2733 19
1648 2699 1696 2743 et]

192 2760 233 2792 ut
250 2759 303 2799 D,
331 2770 395 2793 om.
416 2760 463 2794 M
555 2759 600 2793 20
626 2759 827 2804 aduersum]
847 2762 968 2794 contra
987 2760 1021 2793 R
1109 2760 1152 2793 21
1178 2759 1339 2793 hominos
1356 2759 1395 2793 D
1483 2759 1556 2792 sola
1574 2766 1698 2791 corona

193 2818 247 2850 est
265 2818 312 2851 M
327 2817 389 2851 sed
408 2817 482 2851 sola
498 2828 524 2851 3.
541 2817 561 2851 Z.
581 2829 624 2851 m.
640 2820 663 2851 :2
769 2818 813 2852 ‘23
839 2820 1051 2852 coronantur
1069 2818 1252 2852 Balaam-s
1359 2817 1402 2850 24
1428 2816 1578 2849 libidine
1596 2814 1632 2848 D

194 2876 248 2908 est
266 2885 330 2909 om.
347 2874 384 2908 D

1820 2623 1833 2678 ὅ

1819 2695 1833 2733 *i

1819 2762 1832 2789 ει
