1912 3152
550 277 607 310 Dc
632 275 921 310 mortalitate
952 285 980 310 c.
1009 275 1155 311 14—17.
1514 275 1597 317 307

93 383 255 426 fortiore
290 380 501 436 colligitur
533 380 791 435 pugnaturus
819 378 904 420 sine
934 379 1049 420 metu
1082 378 1252 429 mortis,
1284 391 1378 420 cum
1400 378 1602 432 proelium

94 450 271 499 uenerit,
303 448 373 502 qui
396 449 447 490 ad
464 447 661 489 militiam
682 447 865 500 tempore
887 446 1156 488 mortalitatis
1177 446 1345 488 accedit.

155 518 262 569 Quid
284 517 427 559 deinde
448 516 575 567 illud,
608 515 758 557 fratres
780 514 1065 566 dilectissimi,
1099 515 1218 568 quale
1248 515 1328 565 est,
1362 528 1486 568 quam
1507 527 1600 568 per·
1618 514 1669 555 16

96 588 248 637 tinenS,
281 599 404 639 quam
425 584 719 635 necessarium,
752 583 859 637 quod
881 583 1009 636 pestis
1031 583 1112 625 ista
1143 584 1184 625 et
1214 584 1302 626 lues
1335 596 1437 638 quae
1468 583 1602 625 horri-

68 656 192 698 ⁵bilis
214 656 255 697 et
276 654 415 696 feralis
437 654 602 696 uidetur
630 653 812 706 explorat
842 651 1050 694 iustitiam
1081 651 1339 706 singulorum
1371 653 1412 695 et
1443 653 1603 694 mentes

96 724 265 767 humani
288 722 448 777 generis
470 722 689 772 examinat,
713 735 763 763 an
785 721 959 763 infirmis
985 721 1168 763 seruiant
1190 721 1292 772 sani,
1315 735 1366 763 an
1384 720 1603 775 propinqui

97 794 290 848 cognatos
327 791 393 846 pie
429 792 630 846 diligant,
664 803 714 832 an
753 790 1025 832 misereantur
1064 801 1278 831 seruorum
1315 790 1605 844 languentium

98 861 275 910 domini,
308 874 358 902 an
379 860 642 914 deprecantes
676 870 818 913 aegros
848 871 926 900 non
957 859 1146 901 deserant
1175 859 1347 910 medici,
1380 872 1430 900 an
1452 859 1605 901 feroces

99 930 339 972 uiolentiam
363 942 479 970 suam
502 927 778 982 conprimant,
811 941 861 969 an
891 940 1055 981 rapaces
1077 928 1275 970 auaritiae
1298 928 1472 970 furentis
1495 928 1605 970 insa-

54 1009 88 1038 ιο
101 999 286 1042 tiabilem
317 1010 476 1051 sempr
503 998 689 1039 ardorem
712 997 778 1038 uel
800 999 915 1038 metu
936 997 1082 1038 mortis
1105 997 1368 1052 extinguant,
1401 1010 1452 1039 an
1474 997 1608 1038 cerui-

101 1080 186 1110 cem
208 1067 374 1109 flectant
396 1066 580 1119 superbi,
613 1079 663 1107 an
705 1065 919 1107 audaciam
955 1065 1110 1107 leniant
1147 1066 1330 1118 inprobi,
1362 1079 1411 1107 an
1434 1078 1607 1119 pereun-

100 1136 211 1178 tibus
233 1136 337 1178 caris
359 1136 424 1177 uel
447 1136 504 1176 sic
526 1135 683 1189 aliquid
706 1135 856 1176 diuites
879 1134 1111 1190 largiantur
1127 1136 1167 1176 et
1185 1135 1335 1176 donent
1353 1134 1439 1176 sine
1456 1134 1605 1176 herede

101 1205 303 1247 morituri.
343 1206 391 1246 ut
426 1204 530 1245 nihil
565 1203 678 1245 aliud
714 1203 946 1245 mortalitas
982 1204 1063 1245 ista
1101 1204 1342 1254 contulerit,
1390 1204 1465 1244 hoc
1499 1204 1608 1246 chri-

103 1274 247 1316 stianis
270 1275 310 1315 et
332 1273 408 1314 Dei
431 1273 560 1314 seruis
582 1273 809 1325 plurimum
831 1273 1039 1326 praestitit
1060 1273 1168 1326 quod
1199 1273 1448 1327 martyrium
1471 1273 1607 1326 coepi-

58 1355 90 1382 15
105 1355 195 1385 mus
216 1342 392 1384 libenter
412 1343 622 1395 adpetere,
656 1342 755 1383 dum
777 1343 951 1384 mortem
975 1342 1172 1384 discimus
1201 1354 1279 1383 non
1301 1342 1460 1384 timere.
1496 1355 1608 1384 exer-

105 1411 204 1453 citia
226 1412 321 1452 sunt
348 1411 464 1452 nobis
495 1411 596 1461 ista,
629 1423 707 1452 non
739 1412 903 1453 funera:
938 1411 1037 1453 dant
1068 1411 1202 1452 animo
1235 1411 1493 1453 fortitudinis
1525 1412 1611 1466 glo-

105 1480 230 1530 riam,
264 1481 501 1533 contemptu
523 1480 668 1521 mortis
690 1482 934 1533 praeparant
956 1480 1006 1521 ad
1029 1492 1230 1521 coronam.

166 1548 245 1591 Sed
277 1550 448 1591 fortasse
480 1549 630 1603 aliquis
661 1551 837 1602 opponat
869 1551 909 1591 et
940 1549 1073 1591 dicat:
1104 1545 1194 1590 ‘hoc
1225 1562 1291 1591 me
1313 1562 1409 1604 ergo
1432 1549 1473 1591 in
1495 1548 1680 1604 prae-17

109 1618 213 1660 senti
252 1618 505 1660 mortalitate
528 1619 744 1660 contristat
781 1618 887 1671 quod
924 1618 993 1671 qui
1029 1621 1197 1672 paratus
1234 1619 1284 1660 ad
1321 1619 1614 1661 confessionem

60 1686 267 1730 ”fueram
289 1688 330 1729 et
351 1688 402 1729 ad
424 1688 687 1729 tolerantiam
709 1687 909 1741 passionis
931 1689 1017 1729 toto
1039 1702 1104 1730 me
1126 1688 1243 1730 corde
1261 1690 1302 1730 et
1318 1688 1439 1741 plena
1458 1688 1616 1730 uirtute

110 1755 351 1798 deuoueram
374 1757 573 1810 martyrio
595 1768 686 1798 meo
707 1756 865 1809 priuor,
899 1756 998 1797 dum
1029 1759 1160 1799 morte
1182 1751 1449 1811 praeuenior’.
1483 1757 1616 1811 primo

110 1824 151 1866 in
171 1824 258 1867 loco
279 1837 358 1866 non
381 1826 442 1866 est
464 1824 505 1866 in
527 1827 599 1867 tua
621 1826 826 1879 potestate
847 1825 917 1866 sed
939 1826 982 1867 in
999 1826 1074 1867 Dei
1097 1826 1335 1880 dignatione
1356 1826 1617 1879 martyrium.

110 1905 180 1935 nec
210 1895 323 1947 potes
354 1894 395 1935 te
427 1894 561 1935 dicere
591 1893 818 1946 perdidisse
850 1894 957 1947 quod
979 1894 1110 1936 nescis
1132 1907 1182 1936 an
1204 1894 1399 1936 merearis
1422 1894 1617 1947 accipere.

111 1964 207 2004 tunc
229 1962 374 2004 deinde
396 1963 506 2004 Deus
530 1963 735 2005 scrutator
756 1964 817 2005 est
838 1963 945 2005 renis
969 1964 1009 2005 et
1031 1963 1161 2004 cordis
1184 1965 1225 2005 et
1247 1963 1500 2005 occultorum
1523 1976 1619 2004 con-

66 2032 333 2085 aestemplator
370 2033 410 2073 et
447 2031 645 2085 cognitor,
676 2031 791 2073 uidet
813 2032 853 2073 et
875 2031 1095 2073 conlaudat
1117 2033 1158 2073 te
1181 2034 1222 2073 et
1243 2032 1466 2086 conprobat
1487 2033 1528 2073 et
1550 2032 1620 2085 qui

113 2100 306 2154 perspicit
328 2104 427 2153 aput
449 2103 488 2141 te
510 2095 706 2153 paratam*
722 2100 846 2142 fuisse
868 2101 1068 2142 uirtutem
1091 2100 1226 2142 reddit
1247 2112 1317 2154 pro
1340 2101 1495 2142 uirtute
1512 2113 1621 2143 mer-

115 2169 264 2211 cedem.
298 2169 501 2222 numquid
525 2168 624 2211 Cain
656 2182 749 2211 cum
785 2170 870 2210 Deo
907 2182 1057 2211 munus
1094 2170 1257 2211 offerret
1288 2170 1371 2211 iam
1393 2170 1623 2223 peremerat

115 2238 315 2280 fratrem?
348 2240 387 2279 et
425 2240 564 2280 tamen
584 2239 850 2292 parricidium
873 2240 1009 2280 mente
1031 2241 1269 2291 conceptum
1294 2239 1403 2280 Deus
1425 2239 1621 2292 prouidus

112 2309 207 2348 ante
229 2307 454 2349 damnauit.
487 2309 534 2349 ut
556 2307 644 2349 illic
665 2308 863 2362 cogitatio
885 2308 994 2350 mala
1011 2310 1052 2349 et
1069 2309 1293 2361 perniciosa
1312 2308 1520 2361 conceptio
1538 2308 1623 2349 Deo

181 2479 203 2512 3
229 2478 319 2513 illud
336 2488 401 2513 om.
427 2479 456 2513 O
540 2479 562 2513 4
588 2479 653 2513 illa
676 2482 705 2514 Ο
791 2481 813 2514 5
838 2481 873 2514 ct
892 2480 1013 2514 feralis
1030 2491 1095 2515 om.
1117 2481 1166 2515 W
1236 2479 1412 2524 explorati
1431 2479 1460 2514 S
1529 2490 1626 2514 mcu-

114 2534 164 2569 tis
181 2536 210 2570 0
282 2537 304 2570 6
321 2536 523 2570 examinant
535 2536 564 2571 S
636 2548 679 2571 an
694 2538 803 2581 prius
816 2548 880 2572 om.
893 2537 923 2572 S
996 2538 1015 2571 7
1033 2537 1089 2582 pie
1103 2549 1167 2571 om.
1185 2537 1215 2571 G
1304 2537 1515 2570 miserantur
1530 2539 1559 2570 (1

114 2594 138 2627 8
154 2592 313 2627 deferant
333 2594 381 2628 G¹
451 2595 472 2627 9
489 2593 645 2628 furentes
662 2594 690 2628 S
758 2595 802 2628 10
819 2595 1007 2639 extingunt
1027 2594 1085 2636 8¹,
1105 2594 1291 2639 extinguat
1316 2594 1366 2627 G'
1437 2595 1480 2627 1⁵2
1497 2594 1627 2628 diuites

117 2649 359 2694 indigentibus
377 2650 558 2685 Baluzius
645 2652 687 2686 14
704 2654 839 2696 prestat
853 2652 885 2686 G
972 2652 1015 2687 16
1032 2651 1104 2686 ista
1121 2651 1221 2685 nobis
1238 2651 1270 2685 G
1340 2652 1381 2685 21
1402 2651 1572 2694 martyrio
1593 2650 1627 2685 G

118 2707 178 2741 sed
196 2708 236 2741 in
254 2719 387 2753 marq.:
406 2707 447 2742 de
465 2709 634 2753 martyrio
704 2709 749 2743 23
774 2710 894 2753 potest
913 2709 1010 2744 SW¹
1082 2711 1118 2743 te
1135 2719 1200 2742 om.
1221 2710 1250 2741 S
1319 2708 1363 2742 24
1389 2708 1469 2741 dein
1494 2708 1558 2743 W¹

120 2767 295 2799 scrutatur
318 2765 348 2800 Ο
441 2767 495 2800 est
518 2776 583 2800 om.
603 2777 624 2800 2·
730 2768 766 2800 ct
783 2766 896 2801 cordis
913 2777 979 2801 om.
1004 2766 1033 2801 O
1126 2765 1382 2810 contemplator
1400 2767 1453 2798 cst
1480 2766 1560 2799 Wo

119 2820 164 2855 25
188 2823 224 2855 ct
247 2832 310 2856 om.
337 2823 366 2858 Ο
451 2825 487 2857 ct
503 2823 692 2858 conlaudat
709 2825 744 2857 tc
764 2823 806 2864 S,
833 2826 868 2858 te
886 2825 922 2857 ct
939 2823 1063 2857 laudat
1092 2823 1176 2858 OW
1186 2824 1240 2856 (ιίτ
1338 2823 1382 2855 26
1409 2821 1522 2855 reddit
1546 2821 1632 2857 WO

121 2878 209 2923 (leyi
228 2880 350 2924 nequit
367 2881 408 2914 in
426 2880 485 2924 S),
504 2879 626 2915 reddet
645 2882 699 2915 Gu
768 2881 811 2915 27
838 2881 1029 2924 perimcrut
1046 2880 1138 2913 WG¹
1210 2881 1254 2913 *2⁵
1280 2882 1503 2921 concoeptum
1529 2878 1562 2911 G

127 2936 171 2969 29
196 2937 389 2980 perniciosa
414 2938 499 2973 OW
505 2938 547 2979 G,
564 2938 760 2982 periculosa
779 2939 808 2971 S

49 2993 58 3152 ὶ
1272 2996 1310 3035 3(
1318 2999 1326 3026 i
