<?xml version="1.0" encoding="UTF-8"?>
<!DOCTYPE html PUBLIC "-//W3C//DTD XHTML 1.0 Transitional//EN"
    "http://www.w3.org/TR/xhtml1/DTD/xhtml1-transitional.dtd">
<html xmlns="http://www.w3.org/1999/xhtml" xml:lang="en" lang="en">
 <head>
  <title>
</title>
<meta http-equiv="Content-Type" content="text/html;charset=utf-8" />
  <meta name='ocr-system' content='tesseract 3.04.00' />
  <meta name='ocr-capabilities' content='ocr_page ocr_carea ocr_par ocr_line ocrx_word'/>
</head>
<body>
  <div class='ocr_page' id='page_1' title='image "./corpusscriptor203cypruoft/corpusscriptor203cypruoft_0239.png"; bbox 0 0 1912 3152; ppageno 0'>
   <div class='ocr_carea' id='block_1_1' title="bbox 373 263 1630 307">
    <p class='ocr_par' dir='ltr' id='par_1_1' title="bbox 373 263 1630 307">
     <span class='ocr_line' id='line_1_1' title="bbox 373 263 1630 307; baseline -0.001 -8"><span class='ocrx_word' id='word_1_1' title='bbox 373 265 431 299; x_wconf 90' lang='lat' dir='ltr'>Dc</span> <span class='ocrx_word' id='word_1_2' title='bbox 456 264 708 299; x_wconf 84' lang='lat' dir='ltr'>catholicae</span> <span class='ocrx_word' id='word_1_3' title='bbox 733 264 953 299; x_wconf 85' lang='lat' dir='ltr'>ecclesiae</span> <span class='ocrx_word' id='word_1_4' title='bbox 978 264 1153 298; x_wconf 82' lang='lat' dir='ltr'>unitate</span> <span class='ocrx_word' id='word_1_5' title='bbox 1179 275 1206 298; x_wconf 89' lang='lat' dir='ltr'>e.</span> <span class='ocrx_word' id='word_1_6' title='bbox 1233 263 1392 301; x_wconf 81' lang='lat'>20—22.</span> <span class='ocrx_word' id='word_1_7' title='bbox 1545 264 1630 307; x_wconf 80' lang='lat'>229</span> 
     </span>
    </p>
   </div>
   <div class='ocr_carea' id='block_1_2' title="bbox 7 367 1699 2217">
    <p class='ocr_par' dir='ltr' id='par_1_2' title="bbox 7 367 1699 2217">
     <span class='ocr_line' id='line_1_2' title="bbox 125 367 1629 424; baseline -0.003 -12"><span class='ocrx_word' id='word_1_8' title='bbox 125 369 358 424; x_wconf 84' lang='lat' dir='ltr'>exigitur</span> <span class='ocrx_word' id='word_1_9' title='bbox 388 367 681 410; x_wconf 90' lang='lat' dir='ltr'>seruitutis.</span> <span class='ocrx_word' id='word_1_10' title='bbox 713 379 831 410; x_wconf 88' lang='lat' dir='ltr'>nemo</span> <span class='ocrx_word' id='word_1_11' title='bbox 853 380 925 421; x_wconf 90' lang='lat' dir='ltr'>per</span> <span class='ocrx_word' id='word_1_12' title='bbox 946 367 1189 409; x_wconf 86' lang='lat' dir='ltr'>confessoris</span> <span class='ocrx_word' id='word_1_13' title='bbox 1211 368 1446 421; x_wconf 82' lang='lat' dir='ltr'>exemplum</span> <span class='ocrx_word' id='word_1_14' title='bbox 1478 368 1629 420; x_wconf 88' lang='lat' dir='ltr'>pereat,</span> 
     </span>
     <span class='ocr_line' id='line_1_3' title="bbox 123 436 1629 489; baseline -0.001 -9"><span class='ocrx_word' id='word_1_15' title='bbox 123 451 241 481; x_wconf 88' lang='lat' dir='ltr'>nemo</span> <span class='ocrx_word' id='word_1_16' title='bbox 262 436 532 487; x_wconf 87' lang='lat' dir='ltr'>iniustitiam,</span> <span class='ocrx_word' id='word_1_17' title='bbox 564 448 682 478; x_wconf 90' lang='lat' dir='ltr'>nemo</span> <span class='ocrx_word' id='word_1_18' title='bbox 704 436 986 487; x_wconf 75' lang='lat' dir='ltr'>insolentiam,</span> <span class='ocrx_word' id='word_1_19' title='bbox 1016 447 1135 478; x_wconf 91' lang='lat' dir='ltr'>nemo</span> <span class='ocrx_word' id='word_1_20' title='bbox 1165 436 1380 489; x_wconf 88' lang='lat' dir='ltr'>perfidiam</span> <span class='ocrx_word' id='word_1_21' title='bbox 1403 436 1452 478; x_wconf 92' lang='lat' dir='ltr'>de</span> <span class='ocrx_word' id='word_1_22' title='bbox 1473 436 1629 478; x_wconf 83' lang='lat' dir='ltr'>confes-</span> 
     </span>
     <span class='ocr_line' id='line_1_4' title="bbox 124 504 1630 557; baseline -0.001 -9"><span class='ocrx_word' id='word_1_23' title='bbox 124 506 225 549; x_wconf 86' lang='lat' dir='ltr'>soris</span> <span class='ocrx_word' id='word_1_24' title='bbox 246 505 428 547; x_wconf 91' lang='lat' dir='ltr'>moribus</span> <span class='ocrx_word' id='word_1_25' title='bbox 451 505 592 547; x_wconf 89' lang='lat' dir='ltr'>discat.</span> <span class='ocrx_word' id='word_1_26' title='bbox 627 504 830 547; x_wconf 89' lang='lat' dir='ltr'>confessor</span> <span class='ocrx_word' id='word_1_27' title='bbox 851 506 933 547; x_wconf 89' lang='lat' dir='ltr'>est:</span> <span class='ocrx_word' id='word_1_28' title='bbox 966 504 1022 546; x_wconf 90' lang='lat' dir='ltr'>sit</span> <span class='ocrx_word' id='word_1_29' title='bbox 1042 504 1213 546; x_wconf 88' lang='grc'><strong>11111111116</strong></span> <span class='ocrx_word' id='word_1_30' title='bbox 1235 506 1277 546; x_wconf 92' lang='lat' dir='ltr'>et</span> <span class='ocrx_word' id='word_1_31' title='bbox 1295 504 1458 557; x_wconf 89' lang='lat' dir='ltr'>quietus</span> <span class='ocrx_word' id='word_1_32' title='bbox 1471 537 1480 555; x_wconf 87' lang='lat'>,</span> <span class='ocrx_word' id='word_1_33' title='bbox 1512 505 1567 547; x_wconf 88' lang='lat' dir='ltr'>sit</span> <span class='ocrx_word' id='word_1_34' title='bbox 1588 505 1630 546; x_wconf 93' lang='lat' dir='ltr'>in</span> 
     </span>
     <span class='ocr_line' id='line_1_5' title="bbox 7 571 1630 639; baseline -0.002 -20"><span class='ocrx_word' id='word_1_35' title='bbox 7 617 9 639; x_wconf 33' lang='grc' dir='ltr'><strong>ᾗ</strong></span> <span class='ocrx_word' id='word_1_36' title='bbox 124 576 218 619; x_wconf 89' lang='lat' dir='ltr'>actu</span> <span class='ocrx_word' id='word_1_37' title='bbox 253 586 324 616; x_wconf 91' lang='lat' dir='ltr'>suo</span> <span class='ocrx_word' id='word_1_38' title='bbox 360 587 453 616; x_wconf 88' lang='lat' dir='ltr'>cum</span> <span class='ocrx_word' id='word_1_39' title='bbox 490 573 708 626; x_wconf 82' lang='lat' dir='ltr'>disciplina</span> <span class='ocrx_word' id='word_1_40' title='bbox 743 573 974 624; x_wconf 88' lang='lat' dir='ltr'>modestus,</span> <span class='ocrx_word' id='word_1_41' title='bbox 1007 573 1053 614; x_wconf 95' lang='lat' dir='ltr'>ut</span> <span class='ocrx_word' id='word_1_42' title='bbox 1074 572 1144 626; x_wconf 92' lang='lat' dir='ltr'>qui</span> <span class='ocrx_word' id='word_1_43' title='bbox 1167 571 1320 614; x_wconf 80' lang='lat' dir='ltr'>Christi</span> <span class='ocrx_word' id='word_1_44' title='bbox 1342 571 1545 615; x_wconf 87' lang='lat' dir='ltr'>confessor</span> <span class='ocrx_word' id='word_1_45' title='bbox 1566 573 1630 615; x_wconf 89' lang='lat' dir='ltr'>di-</span> 
     </span>
     <span class='ocr_line' id='line_1_6' title="bbox 8 641 1629 696; baseline -0.002 -10"><span class='ocrx_word' id='word_1_46' title='bbox 8 650 9 654; x_wconf 78' lang='grc'>’</span> <span class='ocrx_word' id='word_1_47' title='bbox 75 653 91 678; x_wconf 76' lang='lat'>⁵</span> <span class='ocrx_word' id='word_1_48' title='bbox 124 645 231 687; x_wconf 90' lang='lat' dir='ltr'>citur</span> <span class='ocrx_word' id='word_1_49' title='bbox 267 642 477 685; x_wconf 75' lang='lat' dir='ltr'>Christum</span> <span class='ocrx_word' id='word_1_50' title='bbox 508 655 630 696; x_wconf 88' lang='lat' dir='ltr'>quem</span> <span class='ocrx_word' id='word_1_51' title='bbox 661 642 876 684; x_wconf 88' lang='lat' dir='ltr'>confitetur</span> <span class='ocrx_word' id='word_1_52' title='bbox 906 641 1106 683; x_wconf 88' lang='lat' dir='ltr'>imitetur.</span> <span class='ocrx_word' id='word_1_53' title='bbox 1146 654 1242 683; x_wconf 87' lang='lat' dir='ltr'>nam</span> <span class='ocrx_word' id='word_1_54' title='bbox 1274 654 1368 683; x_wconf 93' lang='lat' dir='ltr'>cum</span> <span class='ocrx_word' id='word_1_55' title='bbox 1398 641 1508 685; x_wconf 84' lang='lat' dir='ltr'>dicat</span> <span class='ocrx_word' id='word_1_56' title='bbox 1538 641 1629 684; x_wconf 87' lang='lat' dir='ltr'>ille:</span> 
     </span>
     <span class='ocr_line' id='line_1_7' title="bbox 124 710 1630 786; baseline -0.002 -31"><span class='ocrx_word' id='word_1_57' title='bbox 124 713 211 767; x_wconf 90' lang='lat' dir='ltr'>qui</span> <span class='ocrx_word' id='word_1_58' title='bbox 256 725 306 754; x_wconf 90' lang='lat' dir='ltr'>se</span> <span class='ocrx_word' id='word_1_59' title='bbox 351 711 566 753; x_wconf 86' lang='lat' dir='ltr'>extollit</span> <span class='ocrx_word' id='word_1_60' title='bbox 606 711 1003 761; x_wconf 87' lang='lat' dir='ltr'>humiliabitur,</span> <span class='ocrx_word' id='word_1_61' title='bbox 1054 712 1102 753; x_wconf 91' lang='lat' dir='ltr'>et</span> <span class='ocrx_word' id='word_1_62' title='bbox 1147 710 1239 764; x_wconf 91' lang='lat' dir='ltr'>qui</span> <span class='ocrx_word' id='word_1_63' title='bbox 1286 710 1536 786; x_wconf 53' lang='lat' dir='ltr'>hgmiliat</span> <span class='ocrx_word' id='word_1_64' title='bbox 1581 723 1630 752; x_wconf 90' lang='lat' dir='ltr'>se</span> 
     </span>
     <span class='ocr_line' id='line_1_8' title="bbox 123 779 1630 834; baseline -0.003 -9"><span class='ocrx_word' id='word_1_65' title='bbox 123 780 474 831; x_wconf 86' lang='lat' dir='ltr'>exaltabitur,</span> <span class='ocrx_word' id='word_1_66' title='bbox 507 781 549 822; x_wconf 91' lang='lat' dir='ltr'>et</span> <span class='ocrx_word' id='word_1_67' title='bbox 585 780 672 834; x_wconf 91' lang='lat' dir='ltr'>ipse</span> <span class='ocrx_word' id='word_1_68' title='bbox 707 792 731 821; x_wconf 88' lang='lat' dir='ltr'>a</span> <span class='ocrx_word' id='word_1_69' title='bbox 765 780 880 833; x_wconf 89' lang='lat' dir='ltr'>patre</span> <span class='ocrx_word' id='word_1_70' title='bbox 919 780 1121 822; x_wconf 85' lang='lat' dir='ltr'>exaltatus</span> <span class='ocrx_word' id='word_1_71' title='bbox 1157 779 1233 831; x_wconf 92' lang='lat' dir='ltr'>sit,</span> <span class='ocrx_word' id='word_1_72' title='bbox 1267 792 1363 832; x_wconf 84' lang='lat' dir='ltr'>quia</span> <span class='ocrx_word' id='word_1_73' title='bbox 1383 791 1425 821; x_wconf 92' lang='lat' dir='ltr'>se</span> <span class='ocrx_word' id='word_1_74' title='bbox 1446 779 1489 821; x_wconf 91' lang='lat' dir='ltr'>in</span> <span class='ocrx_word' id='word_1_75' title='bbox 1509 779 1630 821; x_wconf 87' lang='lat' dir='ltr'>terris</span> 
     </span>
     <span class='ocr_line' id='line_1_9' title="bbox 124 848 1631 902; baseline -0.003 -8"><span class='ocrx_word' id='word_1_76' title='bbox 124 864 256 895; x_wconf 86' lang='lat' dir='ltr'>sermo</span> <span class='ocrx_word' id='word_1_77' title='bbox 278 852 320 893; x_wconf 88' lang='lat' dir='ltr'>et</span> <span class='ocrx_word' id='word_1_78' title='bbox 340 850 474 892; x_wconf 88' lang='lat' dir='ltr'>uirtus</span> <span class='ocrx_word' id='word_1_79' title='bbox 495 850 536 891; x_wconf 89' lang='lat' dir='ltr'>et</span> <span class='ocrx_word' id='word_1_80' title='bbox 557 849 758 902; x_wconf 74' lang='lat' dir='ltr'>sapientia</span> <span class='ocrx_word' id='word_1_81' title='bbox 778 849 856 891; x_wconf 90' lang='lat' dir='ltr'>Dei</span> <span class='ocrx_word' id='word_1_82' title='bbox 886 850 1015 902; x_wconf 87' lang='lat' dir='ltr'>patris</span> <span class='ocrx_word' id='word_1_83' title='bbox 1037 849 1279 891; x_wconf 87' lang='lat' dir='ltr'>humiliauit</span> <span class='ocrx_word' id='word_1_84' title='bbox 1293 881 1303 900; x_wconf 90' lang='lat'>,</span> <span class='ocrx_word' id='word_1_85' title='bbox 1336 848 1537 902; x_wconf 90' lang='lat' dir='ltr'>quomodo</span> <span class='ocrx_word' id='word_1_86' title='bbox 1558 859 1631 901; x_wconf 92' lang='lat' dir='ltr'>po-</span> 
     </span>
     <span class='ocr_line' id='line_1_10' title="bbox 124 918 1631 973; baseline -0.003 -10"><span class='ocrx_word' id='word_1_87' title='bbox 124 922 207 963; x_wconf 91' lang='lat' dir='ltr'>test</span> <span class='ocrx_word' id='word_1_88' title='bbox 223 919 506 962; x_wconf 79' lang='lat' dir='ltr'>extollentiam</span> <span class='ocrx_word' id='word_1_89' title='bbox 522 919 693 973; x_wconf 85' lang='lat' dir='ltr'>diligere</span> <span class='ocrx_word' id='word_1_90' title='bbox 710 918 781 972; x_wconf 93' lang='lat' dir='ltr'>qui</span> <span class='ocrx_word' id='word_1_91' title='bbox 803 920 844 961; x_wconf 92' lang='lat' dir='ltr'>et</span> <span class='ocrx_word' id='word_1_92' title='bbox 864 919 982 961; x_wconf 89' lang='lat' dir='ltr'>nobis</span> <span class='ocrx_word' id='word_1_93' title='bbox 1003 918 1287 960; x_wconf 84' lang='lat' dir='ltr'>humilitatem</span> <span class='ocrx_word' id='word_1_94' title='bbox 1310 930 1382 960; x_wconf 89' lang='lat' dir='ltr'>sua</span> <span class='ocrx_word' id='word_1_95' title='bbox 1403 918 1493 972; x_wconf 88' lang='lat' dir='ltr'>lege</span> <span class='ocrx_word' id='word_1_96' title='bbox 1515 929 1631 959; x_wconf 87' lang='lat' dir='ltr'>man-</span> 
     </span>
     <span class='ocr_line' id='line_1_11' title="bbox 79 975 1631 1042; baseline -0.001 -13"><span class='ocrx_word' id='word_1_97' title='bbox 79 1003 113 1029; x_wconf 89' lang='lat'>10</span> <span class='ocrx_word' id='word_1_98' title='bbox 125 989 242 1032; x_wconf 84' lang='lat' dir='ltr'>dauit</span> <span class='ocrx_word' id='word_1_99' title='bbox 273 990 313 1031; x_wconf 90' lang='lat' dir='ltr'>et</span> <span class='ocrx_word' id='word_1_100' title='bbox 343 989 430 1042; x_wconf 91' lang='lat' dir='ltr'>ipse</span> <span class='ocrx_word' id='word_1_101' title='bbox 460 1001 484 1030; x_wconf 91' lang='lat' dir='ltr'>a</span> <span class='ocrx_word' id='word_1_102' title='bbox 513 988 628 1041; x_wconf 86' lang='lat' dir='ltr'>patre</span> <span class='ocrx_word' id='word_1_103' title='bbox 661 987 969 1041; x_wconf 90' lang='lat' dir='ltr'>amplissimum</span> <span class='ocrx_word' id='word_1_104' title='bbox 999 975 1357 1040; x_wconf 49' lang='lat' dir='ltr'>nomen&#39;praemio</span> <span class='ocrx_word' id='word_1_105' title='bbox 1379 986 1631 1028; x_wconf 84' lang='lat' dir='ltr'>humilitatis</span> 
     </span>
     <span class='ocr_line' id='line_1_12' title="bbox 125 1055 1632 1111; baseline -0.003 -11"><span class='ocrx_word' id='word_1_106' title='bbox 125 1058 309 1111; x_wconf 76' lang='lat' dir='ltr'>accepit?</span> <span class='ocrx_word' id='word_1_107' title='bbox 341 1056 544 1099; x_wconf 85' lang='lat' dir='ltr'>confessor</span> <span class='ocrx_word' id='word_1_108' title='bbox 574 1057 636 1098; x_wconf 89' lang='lat' dir='ltr'>est</span> <span class='ocrx_word' id='word_1_109' title='bbox 664 1055 841 1098; x_wconf 85' lang='lat' dir='ltr'>Christi:</span> <span class='ocrx_word' id='word_1_110' title='bbox 875 1057 945 1098; x_wconf 90' lang='lat' dir='ltr'>sed</span> <span class='ocrx_word' id='word_1_111' title='bbox 976 1056 1011 1097; x_wconf 92' lang='lat' dir='ltr'>si</span> <span class='ocrx_word' id='word_1_112' title='bbox 1042 1067 1122 1098; x_wconf 91' lang='lat' dir='ltr'>non</span> <span class='ocrx_word' id='word_1_113' title='bbox 1151 1057 1293 1110; x_wconf 86' lang='lat' dir='ltr'>postea</span> <span class='ocrx_word' id='word_1_114' title='bbox 1323 1055 1632 1108; x_wconf 88' lang='lat' dir='ltr'>blasphemetur</span> 
     </span>
     <span class='ocr_line' id='line_1_13' title="bbox 124 1123 1631 1182; baseline -0.002 -13"><span class='ocrx_word' id='word_1_115' title='bbox 124 1141 195 1182; x_wconf 89' lang='lat' dir='ltr'>per</span> <span class='ocrx_word' id='word_1_116' title='bbox 214 1127 351 1181; x_wconf 90' lang='lat' dir='ltr'>ipsum</span> <span class='ocrx_word' id='word_1_117' title='bbox 372 1126 565 1167; x_wconf 89' lang='lat' dir='ltr'>maiestas</span> <span class='ocrx_word' id='word_1_118' title='bbox 586 1125 628 1166; x_wconf 89' lang='lat' dir='ltr'>et</span> <span class='ocrx_word' id='word_1_119' title='bbox 650 1124 832 1179; x_wconf 85' lang='lat' dir='ltr'>dignitas</span> <span class='ocrx_word' id='word_1_120' title='bbox 849 1124 1015 1166; x_wconf 83' lang='lat' dir='ltr'>Christi.</span> <span class='ocrx_word' id='word_1_121' title='bbox 1050 1124 1194 1179; x_wconf 89' lang='lat' dir='ltr'>lingua</span> <span class='ocrx_word' id='word_1_122' title='bbox 1215 1123 1427 1166; x_wconf 89' lang='lat' dir='ltr'>Christum</span> <span class='ocrx_word' id='word_1_123' title='bbox 1449 1123 1631 1166; x_wconf 87' lang='lat' dir='ltr'>confessa</span> 
     </span>
     <span class='ocr_line' id='line_1_14' title="bbox 125 1193 1631 1247; baseline -0.002 -9"><span class='ocrx_word' id='word_1_124' title='bbox 125 1209 203 1238; x_wconf 90' lang='lat' dir='ltr'>non</span> <span class='ocrx_word' id='word_1_125' title='bbox 225 1196 280 1237; x_wconf 91' lang='lat' dir='ltr'>sit</span> <span class='ocrx_word' id='word_1_126' title='bbox 301 1194 524 1246; x_wconf 88' lang='lat' dir='ltr'>maledica,</span> <span class='ocrx_word' id='word_1_127' title='bbox 556 1207 635 1236; x_wconf 90' lang='lat' dir='ltr'>non</span> <span class='ocrx_word' id='word_1_128' title='bbox 666 1194 925 1245; x_wconf 89' lang='lat' dir='ltr'>turbulenta,</span> <span class='ocrx_word' id='word_1_129' title='bbox 957 1207 1036 1236; x_wconf 93' lang='lat' dir='ltr'>non</span> <span class='ocrx_word' id='word_1_130' title='bbox 1068 1193 1262 1236; x_wconf 86' lang='lat' dir='ltr'>conuiciis</span> <span class='ocrx_word' id='word_1_131' title='bbox 1294 1194 1335 1235; x_wconf 93' lang='lat' dir='ltr'>et</span> <span class='ocrx_word' id='word_1_132' title='bbox 1362 1193 1508 1235; x_wconf 89' lang='lat' dir='ltr'>litibus</span> <span class='ocrx_word' id='word_1_133' title='bbox 1539 1206 1631 1247; x_wconf 88' lang='lat' dir='ltr'>per-</span> 
     </span>
     <span class='ocr_line' id='line_1_15' title="bbox 126 1262 1631 1318; baseline -0.003 -11"><span class='ocrx_word' id='word_1_134' title='bbox 126 1265 308 1318; x_wconf 79' lang='lat' dir='ltr'>strepens</span> <span class='ocrx_word' id='word_1_135' title='bbox 329 1264 532 1315; x_wconf 84' lang='lat' dir='ltr'>audiatur,</span> <span class='ocrx_word' id='word_1_136' title='bbox 555 1276 634 1305; x_wconf 92' lang='lat' dir='ltr'>non</span> <span class='ocrx_word' id='word_1_137' title='bbox 656 1264 796 1305; x_wconf 87' lang='lat' dir='ltr'>contra</span> <span class='ocrx_word' id='word_1_138' title='bbox 817 1262 963 1304; x_wconf 88' lang='lat' dir='ltr'>fratres</span> <span class='ocrx_word' id='word_1_139' title='bbox 986 1263 1026 1305; x_wconf 93' lang='lat' dir='ltr'>et</span> <span class='ocrx_word' id='word_1_140' title='bbox 1047 1262 1124 1305; x_wconf 92' lang='lat' dir='ltr'>Dei</span> <span class='ocrx_word' id='word_1_141' title='bbox 1146 1263 1374 1305; x_wconf 84' lang='lat' dir='ltr'>sacerdotes</span> <span class='ocrx_word' id='word_1_142' title='bbox 1396 1264 1488 1316; x_wconf 87' lang='lat' dir='ltr'>post</span> <span class='ocrx_word' id='word_1_143' title='bbox 1509 1262 1631 1304; x_wconf 84' lang='lat' dir='ltr'>uerba</span> 
     </span>
     <span class='ocr_line' id='line_1_16' title="bbox 14 1331 1631 1393; baseline -0.001 -20"><span class='ocrx_word' id='word_1_144' title='bbox 14 1334 17 1393; x_wconf 39' lang='grc' dir='ltr'>’ἓ</span> <span class='ocrx_word' id='word_1_145' title='bbox 81 1334 261 1376; x_wconf 76' lang='grc'><strong>1516111116</strong></span> <span class='ocrx_word' id='word_1_146' title='bbox 283 1334 481 1387; x_wconf 85' lang='lat' dir='ltr'>serpentis</span> <span class='ocrx_word' id='word_1_147' title='bbox 503 1346 658 1375; x_wconf 88' lang='lat' dir='ltr'>uenena</span> <span class='ocrx_word' id='word_1_148' title='bbox 679 1333 892 1374; x_wconf 87' lang='lat' dir='ltr'>iaculetur.</span> <span class='ocrx_word' id='word_1_149' title='bbox 941 1333 1123 1374; x_wconf 90' lang='lat' dir='ltr'>ceterum</span> <span class='ocrx_word' id='word_1_150' title='bbox 1159 1331 1194 1373; x_wconf 92' lang='lat' dir='ltr'>si</span> <span class='ocrx_word' id='word_1_151' title='bbox 1230 1331 1448 1385; x_wconf 88' lang='lat' dir='ltr'>culpabilis</span> <span class='ocrx_word' id='word_1_152' title='bbox 1484 1333 1525 1373; x_wconf 89' lang='lat' dir='ltr'>et</span> <span class='ocrx_word' id='word_1_153' title='bbox 1561 1331 1631 1372; x_wconf 90' lang='lat' dir='ltr'>de-</span> 
     </span>
     <span class='ocr_line' id='line_1_17' title="bbox 14 1399 1631 1457; baseline -0.002 -11"><span class='ocrx_word' id='word_1_154' title='bbox 14 1399 17 1447; x_wconf 80' lang='grc' dir='ltr'><strong>ἷ</strong></span> <span class='ocrx_word' id='word_1_155' title='bbox 126 1403 329 1445; x_wconf 87' lang='lat' dir='ltr'>testabilis</span> <span class='ocrx_word' id='word_1_156' title='bbox 351 1403 615 1457; x_wconf 90' lang='lat' dir='ltr'>postmodum</span> <span class='ocrx_word' id='word_1_157' title='bbox 636 1401 782 1452; x_wconf 85' lang='lat' dir='ltr'>fuerit,</span> <span class='ocrx_word' id='word_1_158' title='bbox 815 1401 849 1442; x_wconf 90' lang='lat' dir='ltr'>si</span> <span class='ocrx_word' id='word_1_159' title='bbox 871 1401 1169 1444; x_wconf 88' lang='lat' dir='ltr'>consessionem</span> <span class='ocrx_word' id='word_1_160' title='bbox 1191 1414 1310 1444; x_wconf 90' lang='lat' dir='ltr'>suam</span> <span class='ocrx_word' id='word_1_161' title='bbox 1331 1401 1441 1443; x_wconf 89' lang='lat' dir='ltr'>mala</span> <span class='ocrx_word' id='word_1_162' title='bbox 1462 1413 1631 1443; x_wconf 87' lang='lat' dir='ltr'>conuer-</span> 
     </span>
     <span class='ocr_line' id='line_1_18' title="bbox 15 1456 1631 1548; baseline -0.002 -34"><span class='ocrx_word' id='word_1_163' title='bbox 15 1456 19 1548; x_wconf 48' lang='grc' dir='ltr'><strong>ῐ</strong></span> <span class='ocrx_word' id='word_1_164' title='bbox 127 1472 281 1514; x_wconf 87' lang='lat' dir='ltr'>satione</span> <span class='ocrx_word' id='word_1_165' title='bbox 311 1472 565 1527; x_wconf 84' lang='lat' dir='ltr'>prodegerit,</span> <span class='ocrx_word' id='word_1_166' title='bbox 597 1471 632 1512; x_wconf 90' lang='lat' dir='ltr'>si</span> <span class='ocrx_word' id='word_1_167' title='bbox 663 1471 796 1513; x_wconf 84' lang='lat' dir='ltr'>uitam</span> <span class='ocrx_word' id='word_1_168' title='bbox 828 1483 945 1512; x_wconf 90' lang='lat' dir='ltr'>suam</span> <span class='ocrx_word' id='word_1_169' title='bbox 976 1471 1089 1524; x_wconf 88' lang='lat' dir='ltr'>turpi</span> <span class='ocrx_word' id='word_1_170' title='bbox 1119 1470 1315 1512; x_wconf 88' lang='lat' dir='ltr'>foeditate</span> <span class='ocrx_word' id='word_1_171' title='bbox 1346 1469 1631 1519; x_wconf 85' lang='lat' dir='ltr'>maculauerit,</span> 
     </span>
     <span class='ocr_line' id='line_1_19' title="bbox 8 1538 1633 1597; baseline -0.001 -15"><span class='ocrx_word' id='word_1_172' title='bbox 8 1549 19 1597; x_wconf 62' lang='grc' dir='ltr'>ῃ</span> <span class='ocrx_word' id='word_1_173' title='bbox 127 1540 162 1582; x_wconf 84' lang='grc'>61</span> <span class='ocrx_word' id='word_1_174' title='bbox 183 1541 398 1583; x_wconf 88' lang='lat' dir='ltr'>ecclesiam</span> <span class='ocrx_word' id='word_1_175' title='bbox 419 1541 593 1594; x_wconf 89' lang='lat' dir='ltr'>denique</span> <span class='ocrx_word' id='word_1_176' title='bbox 615 1540 686 1582; x_wconf 89' lang='lat' dir='ltr'>ubi</span> <span class='ocrx_word' id='word_1_177' title='bbox 708 1539 912 1583; x_wconf 87' lang='lat' dir='ltr'>confessor</span> <span class='ocrx_word' id='word_1_178' title='bbox 934 1539 1066 1582; x_wconf 88' lang='lat' dir='ltr'>factus</span> <span class='ocrx_word' id='word_1_179' title='bbox 1091 1540 1152 1582; x_wconf 89' lang='lat' dir='ltr'>est</span> <span class='ocrx_word' id='word_1_180' title='bbox 1173 1540 1457 1593; x_wconf 88' lang='lat' dir='ltr'>derelinquens</span> <span class='ocrx_word' id='word_1_181' title='bbox 1480 1540 1520 1581; x_wconf 90' lang='lat' dir='ltr'>et</span> <span class='ocrx_word' id='word_1_182' title='bbox 1541 1538 1633 1580; x_wconf 89' lang='lat' dir='ltr'>uni-</span> 
     </span>
     <span class='ocr_line' id='line_1_20' title="bbox 9 1599 1633 1662; baseline -0.002 -10"><span class='ocrx_word' id='word_1_183' title='bbox 9 1599 19 1625; x_wconf 88' lang='lat'>³</span> <span class='ocrx_word' id='word_1_184' title='bbox 127 1611 226 1652; x_wconf 88' lang='lat' dir='ltr'>tatis</span> <span class='ocrx_word' id='word_1_185' title='bbox 258 1610 514 1653; x_wconf 77' lang='lat' dir='ltr'>concordiam</span> <span class='ocrx_word' id='word_1_186' title='bbox 545 1609 731 1652; x_wconf 86' lang='lat' dir='ltr'>scindens</span> <span class='ocrx_word' id='word_1_187' title='bbox 762 1609 887 1651; x_wconf 90' lang='lat' dir='ltr'>fidem</span> <span class='ocrx_word' id='word_1_188' title='bbox 908 1609 1086 1662; x_wconf 86' lang='lat' dir='ltr'>primam</span> <span class='ocrx_word' id='word_1_189' title='bbox 1107 1608 1277 1662; x_wconf 90' lang='lat' dir='ltr'>perfidia</span> <span class='ocrx_word' id='word_1_190' title='bbox 1296 1608 1518 1662; x_wconf 88' lang='lat' dir='ltr'>posteriore</span> <span class='ocrx_word' id='word_1_191' title='bbox 1540 1621 1633 1649; x_wconf 92' lang='lat' dir='ltr'>mu-</span> 
     </span>
     <span class='ocr_line' id='line_1_21' title="bbox 10 1677 1632 1739; baseline -0.001 -20"><span class='ocrx_word' id='word_1_192' title='bbox 10 1708 20 1734; x_wconf 50' lang='grc'><strong>,</strong></span> <span class='ocrx_word' id='word_1_193' title='bbox 82 1679 300 1730; x_wconf 71' lang='lat' dir='ltr'>aotauerit,</span> <span class='ocrx_word' id='word_1_194' title='bbox 332 1679 511 1739; x_wconf 59' lang='lat' dir='ltr'>lesslEi</span> <span class='ocrx_word' id='word_1_195' title='bbox 541 1679 621 1721; x_wconf 89' lang='lat' dir='ltr'>sibi</span> <span class='ocrx_word' id='word_1_196' title='bbox 651 1691 722 1732; x_wconf 90' lang='lat' dir='ltr'>per</span> <span class='ocrx_word' id='word_1_197' title='bbox 753 1678 1047 1721; x_wconf 89' lang='lat' dir='ltr'>confessionem</span> <span class='ocrx_word' id='word_1_198' title='bbox 1077 1691 1156 1720; x_wconf 92' lang='lat' dir='ltr'>non</span> <span class='ocrx_word' id='word_1_199' title='bbox 1177 1678 1314 1732; x_wconf 90' lang='lat' dir='ltr'>potest</span> <span class='ocrx_word' id='word_1_200' title='bbox 1335 1678 1451 1731; x_wconf 89' lang='lat' dir='ltr'>quasi</span> <span class='ocrx_word' id='word_1_201' title='bbox 1480 1677 1632 1719; x_wconf 86' lang='lat' dir='ltr'>electus</span> 
     </span>
     <span class='ocr_line' id='line_1_22' title="bbox 18 1738 1632 1802; baseline -0.002 -12"><span class='ocrx_word' id='word_1_202' title='bbox 18 1738 20 1744; x_wconf 14' lang='grc' dir='ltr'>Χ</span> <span class='ocrx_word' id='word_1_203' title='bbox 127 1749 178 1790; x_wconf 85' lang='grc'>611</span> <span class='ocrx_word' id='word_1_204' title='bbox 200 1748 353 1802; x_wconf 88' lang='lat' dir='ltr'>gloriae</span> <span class='ocrx_word' id='word_1_205' title='bbox 370 1747 622 1802; x_wconf 85' lang='lat' dir='ltr'>praemium,</span> <span class='ocrx_word' id='word_1_206' title='bbox 645 1747 806 1801; x_wconf 87' lang='lat' dir='ltr'>quando</span> <span class='ocrx_word' id='word_1_207' title='bbox 828 1760 875 1789; x_wconf 83' lang='lat' dir='ltr'>ex</span> <span class='ocrx_word' id='word_1_208' title='bbox 896 1747 971 1789; x_wconf 90' lang='grc'><strong>1106</strong></span> <span class='ocrx_word' id='word_1_209' title='bbox 991 1747 1079 1801; x_wconf 92' lang='lat' dir='ltr'>ipso</span> <span class='ocrx_word' id='word_1_210' title='bbox 1101 1746 1236 1801; x_wconf 89' lang='lat' dir='ltr'>magis</span> <span class='ocrx_word' id='word_1_211' title='bbox 1259 1746 1462 1788; x_wconf 83' lang='lat' dir='ltr'>creuerint</span> <span class='ocrx_word' id='word_1_212' title='bbox 1483 1745 1632 1788; x_wconf 87' lang='lat' dir='ltr'>merita</span> 
     </span>
     <span class='ocr_line' id='line_1_23' title="bbox 128 1829 362 1871; baseline 0 -12"><span class='ocrx_word' id='word_1_213' title='bbox 128 1829 362 1871; x_wconf 84' lang='lat' dir='ltr'>poenarum.</span> 
     </span>
     <span class='ocr_line' id='line_1_24' title="bbox 186 1882 1699 1940; baseline -0.003 -12"><span class='ocrx_word' id='word_1_214' title='bbox 186 1886 292 1928; x_wconf 87' lang='lat' dir='ltr'>Nam</span> <span class='ocrx_word' id='word_1_215' title='bbox 314 1887 355 1928; x_wconf 89' lang='lat' dir='ltr'>et</span> <span class='ocrx_word' id='word_1_216' title='bbox 376 1885 523 1927; x_wconf 87' lang='lat' dir='ltr'>Iudam</span> <span class='ocrx_word' id='word_1_217' title='bbox 543 1885 650 1928; x_wconf 89' lang='lat' dir='ltr'>inter</span> <span class='ocrx_word' id='word_1_218' title='bbox 670 1885 875 1940; x_wconf 90' lang='lat' dir='ltr'>apostolos</span> <span class='ocrx_word' id='word_1_219' title='bbox 897 1884 1098 1927; x_wconf 91' lang='lat' dir='ltr'>Dominus</span> <span class='ocrx_word' id='word_1_220' title='bbox 1127 1885 1273 1940; x_wconf 90' lang='lat' dir='ltr'>elegit,</span> <span class='ocrx_word' id='word_1_221' title='bbox 1306 1885 1347 1926; x_wconf 91' lang='lat' dir='ltr'>et</span> <span class='ocrx_word' id='word_1_222' title='bbox 1381 1887 1519 1926; x_wconf 89' lang='lat' dir='ltr'>tamen</span> <span class='ocrx_word' id='word_1_223' title='bbox 1548 1885 1630 1926; x_wconf 92' lang='lat' dir='ltr'>Do·</span> <span class='ocrx_word' id='word_1_224' title='bbox 1647 1882 1699 1922; x_wconf 79' lang='lat'>22</span> 
     </span>
     <span class='ocr_line' id='line_1_25' title="bbox 129 1953 1631 2009; baseline -0.001 -13"><span class='ocrx_word' id='word_1_225' title='bbox 129 1955 288 1996; x_wconf 92' lang='lat' dir='ltr'>minum</span> <span class='ocrx_word' id='word_1_226' title='bbox 325 1955 448 1997; x_wconf 88' lang='lat' dir='ltr'>Iudas</span> <span class='ocrx_word' id='word_1_227' title='bbox 483 1955 746 2009; x_wconf 89' lang='lat' dir='ltr'>postmodum</span> <span class='ocrx_word' id='word_1_228' title='bbox 780 1954 969 1996; x_wconf 88' lang='lat' dir='ltr'>tradidit.</span> <span class='ocrx_word' id='word_1_229' title='bbox 1002 1965 1082 1996; x_wconf 91' lang='lat' dir='ltr'>non</span> <span class='ocrx_word' id='word_1_230' title='bbox 1113 1954 1253 1996; x_wconf 88' lang='lat' dir='ltr'>tamen</span> <span class='ocrx_word' id='word_1_231' title='bbox 1283 1953 1435 1995; x_wconf 88' lang='lat' dir='ltr'>idcirco</span> <span class='ocrx_word' id='word_1_232' title='bbox 1466 1954 1631 2008; x_wconf 81' lang='lat' dir='ltr'>aposto-</span> 
     </span>
     <span class='ocr_line' id='line_1_26' title="bbox 83 2022 1632 2076; baseline 0 -13"><span class='ocrx_word' id='word_1_233' title='bbox 83 2023 263 2065; x_wconf 65' lang='grc' dir='ltr'>ι1510111111</span> <span class='ocrx_word' id='word_1_234' title='bbox 283 2023 457 2065; x_wconf 89' lang='lat' dir='ltr'>firmitas</span> <span class='ocrx_word' id='word_1_235' title='bbox 487 2023 528 2065; x_wconf 92' lang='lat' dir='ltr'>et</span> <span class='ocrx_word' id='word_1_236' title='bbox 559 2023 659 2065; x_wconf 88' lang='lat' dir='ltr'>fides</span> <span class='ocrx_word' id='word_1_237' title='bbox 690 2022 860 2074; x_wconf 82' lang='lat' dir='ltr'>cecidit,</span> <span class='ocrx_word' id='word_1_238' title='bbox 893 2022 990 2076; x_wconf 89' lang='lat' dir='ltr'>quia</span> <span class='ocrx_word' id='word_1_239' title='bbox 1023 2022 1207 2075; x_wconf 89' lang='lat' dir='ltr'>proditor</span> <span class='ocrx_word' id='word_1_240' title='bbox 1242 2022 1368 2064; x_wconf 89' lang='lat' dir='ltr'>Iudas</span> <span class='ocrx_word' id='word_1_241' title='bbox 1404 2022 1455 2064; x_wconf 90' lang='lat' dir='ltr'>ab</span> <span class='ocrx_word' id='word_1_242' title='bbox 1491 2035 1632 2064; x_wconf 90' lang='lat' dir='ltr'>eorum</span> 
     </span>
     <span class='ocr_line' id='line_1_27' title="bbox 130 2090 1630 2134; baseline -0.001 -1"><span class='ocrx_word' id='word_1_243' title='bbox 130 2092 322 2134; x_wconf 88' lang='lat' dir='ltr'>societate</span> <span class='ocrx_word' id='word_1_244' title='bbox 344 2091 505 2134; x_wconf 87' lang='lat' dir='ltr'>defecit.</span> <span class='ocrx_word' id='word_1_245' title='bbox 539 2091 597 2134; x_wconf 90' lang='lat' dir='ltr'>sic</span> <span class='ocrx_word' id='word_1_246' title='bbox 620 2092 661 2134; x_wconf 92' lang='lat' dir='ltr'>et</span> <span class='ocrx_word' id='word_1_247' title='bbox 682 2091 846 2133; x_wconf 82' lang='lat' dir='ltr'>hicnon</span> <span class='ocrx_word' id='word_1_248' title='bbox 878 2091 1023 2133; x_wconf 89' lang='lat' dir='ltr'>statim</span> <span class='ocrx_word' id='word_1_249' title='bbox 1054 2090 1331 2133; x_wconf 86' lang='lat' dir='ltr'>confessorum</span> <span class='ocrx_word' id='word_1_250' title='bbox 1362 2091 1558 2132; x_wconf 88' lang='lat' dir='ltr'>sanctitas</span> <span class='ocrx_word' id='word_1_251' title='bbox 1590 2091 1630 2132; x_wconf 91' lang='lat' dir='ltr'>et</span> 
     </span>
     <span class='ocr_line' id='line_1_28' title="bbox 130 2160 1632 2217; baseline -0.002 -14"><span class='ocrx_word' id='word_1_252' title='bbox 130 2161 310 2217; x_wconf 86' lang='lat' dir='ltr'>dignitas</span> <span class='ocrx_word' id='word_1_253' title='bbox 332 2161 568 2204; x_wconf 89' lang='lat' dir='ltr'>conminuta</span> <span class='ocrx_word' id='word_1_254' title='bbox 588 2162 667 2212; x_wconf 91' lang='lat' dir='ltr'>est,</span> <span class='ocrx_word' id='word_1_255' title='bbox 701 2161 797 2214; x_wconf 92' lang='lat' dir='ltr'>quia</span> <span class='ocrx_word' id='word_1_256' title='bbox 818 2161 1071 2214; x_wconf 86' lang='lat' dir='ltr'>quorundam</span> <span class='ocrx_word' id='word_1_257' title='bbox 1100 2160 1199 2202; x_wconf 90' lang='lat' dir='ltr'>fides</span> <span class='ocrx_word' id='word_1_258' title='bbox 1230 2160 1358 2201; x_wconf 86' lang='lat' dir='ltr'>fracta</span> <span class='ocrx_word' id='word_1_259' title='bbox 1381 2160 1455 2202; x_wconf 87' lang='lat' dir='ltr'>est.</span> <span class='ocrx_word' id='word_1_260' title='bbox 1488 2160 1632 2201; x_wconf 84' lang='grc'><strong>11661116</strong></span> 
     </span>
    </p>
   </div>
   <div class='ocr_carea' id='block_1_3' title="bbox 0 265 17 972">
    <p class='ocr_par' dir='ltr' id='par_1_3' title="bbox 0 265 17 972">
     <span class='ocr_line' id='line_1_29' title="bbox 0 265 17 972; baseline 0 2180"><span class='ocrx_word' id='word_1_261' title='bbox 0 265 17 972; x_wconf 95' lang='lat' dir='ltr'> </span> 
     </span>
    </p>
   </div>
   <div class='ocr_carea' id='block_1_4' title="bbox 24 2295 537 2339">
    <p class='ocr_par' dir='ltr' id='par_1_4' title="bbox 24 2295 537 2339">
     <span class='ocr_line' id='line_1_30' title="bbox 24 2295 537 2339; baseline 0 -6"><span class='ocrx_word' id='word_1_262' title='bbox 24 2295 26 2323; x_wconf 59' lang='lat'>³</span> <span class='ocrx_word' id='word_1_263' title='bbox 265 2300 286 2333; x_wconf 83' lang='grc'>6</span> <span class='ocrx_word' id='word_1_264' title='bbox 311 2298 394 2333; x_wconf 88' lang='lat' dir='ltr'>Luc.</span> <span class='ocrx_word' id='word_1_265' title='bbox 415 2300 467 2339; x_wconf 80' lang='grc'>18,</span> <span class='ocrx_word' id='word_1_266' title='bbox 487 2299 537 2333; x_wconf 86' lang='grc'>14.</span> 
     </span>
    </p>
   </div>
   <div class='ocr_carea' id='block_1_5' title="bbox 25 2402 1634 2965">
    <p class='ocr_par' dir='ltr' id='par_1_5' title="bbox 25 2402 1634 2515">
     <span class='ocr_line' id='line_1_31' title="bbox 25 2402 1634 2462; baseline -0.002 -14"><span class='ocrx_word' id='word_1_267' title='bbox 25 2429 28 2462; x_wconf 68' lang='lat'><em>3</em></span> <span class='ocrx_word' id='word_1_268' title='bbox 196 2414 218 2448; x_wconf 82' lang='lat'>2</span> <span class='ocrx_word' id='word_1_269' title='bbox 242 2413 501 2448; x_wconf 85' lang='lat' dir='ltr'>confessoribus</span> <span class='ocrx_word' id='word_1_270' title='bbox 525 2414 608 2449; x_wconf 83' lang='lat' dir='ltr'>GM</span> <span class='ocrx_word' id='word_1_271' title='bbox 614 2417 620 2435; x_wconf 86' lang='lat'><strong>¹</strong></span> <span class='ocrx_word' id='word_1_272' title='bbox 685 2414 707 2447; x_wconf 88' lang='lat'><strong>3</strong></span> <span class='ocrx_word' id='word_1_273' title='bbox 723 2414 778 2448; x_wconf 90' lang='lat' dir='ltr'>est</span> <span class='ocrx_word' id='word_1_274' title='bbox 796 2412 857 2457; x_wconf 90' lang='lat' dir='ltr'>sit]</span> <span class='ocrx_word' id='word_1_275' title='bbox 876 2413 931 2447; x_wconf 88' lang='lat' dir='ltr'>est</span> <span class='ocrx_word' id='word_1_276' title='bbox 947 2412 1075 2447; x_wconf 88' lang='lat' dir='ltr'>christi</span> <span class='ocrx_word' id='word_1_277' title='bbox 1093 2412 1124 2446; x_wconf 88' lang='lat' dir='ltr'>si</span> <span class='ocrx_word' id='word_1_278' title='bbox 1141 2412 1177 2447; x_wconf 83' lang='lat' dir='ltr'><em>R</em></span> <span class='ocrx_word' id='word_1_279' title='bbox 1246 2412 1268 2446; x_wconf 89' lang='grc'>4</span> <span class='ocrx_word' id='word_1_280' title='bbox 1285 2402 1386 2446; x_wconf 42' lang='lat' dir='ltr'>dieatv</span> <span class='ocrx_word' id='word_1_281' title='bbox 1400 2410 1432 2446; x_wconf 83' lang='lat' dir='ltr'><em>G</em></span> <span class='ocrx_word' id='word_1_282' title='bbox 1514 2410 1535 2443; x_wconf 78' lang='lat'>5</span> <span class='ocrx_word' id='word_1_283' title='bbox 1553 2409 1634 2445; x_wconf 86' lang='lat' dir='ltr'>imi-</span> 
     </span>
     <span class='ocr_line' id='line_1_32' title="bbox 25 2465 1567 2515; baseline -0.003 -10"><span class='ocrx_word' id='word_1_284' title='bbox 25 2465 28 2495; x_wconf 64' lang='grc' dir='ltr'>ἶ</span> <span class='ocrx_word' id='word_1_285' title='bbox 129 2472 249 2506; x_wconf 89' lang='lat' dir='ltr'>turum</span> <span class='ocrx_word' id='word_1_286' title='bbox 268 2471 318 2505; x_wconf 89' lang='lat' dir='ltr'>R¹</span> <span class='ocrx_word' id='word_1_287' title='bbox 418 2483 495 2506; x_wconf 89' lang='lat' dir='ltr'>cum</span> <span class='ocrx_word' id='word_1_288' title='bbox 514 2472 549 2507; x_wconf 87' lang='lat' dir='ltr'><em>R</em></span> <span class='ocrx_word' id='word_1_289' title='bbox 570 2481 597 2505; x_wconf 80' lang='lat' dir='ltr'>s.</span> <span class='ocrx_word' id='word_1_290' title='bbox 615 2471 636 2505; x_wconf 81' lang='lat' dir='ltr'>l.</span> <span class='ocrx_word' id='word_1_291' title='bbox 655 2483 700 2506; x_wconf 81' lang='lat' dir='ltr'>m.</span> <span class='ocrx_word' id='word_1_292' title='bbox 718 2473 742 2505; x_wconf 75' lang='lat'><em>2</em></span> <span class='ocrx_word' id='word_1_293' title='bbox 835 2471 856 2505; x_wconf 91' lang='grc'>6</span> <span class='ocrx_word' id='word_1_294' title='bbox 881 2472 917 2505; x_wconf 87' lang='lat' dir='ltr'>et</span> <span class='ocrx_word' id='word_1_295' title='bbox 934 2470 1008 2515; x_wconf 90' lang='lat' dir='ltr'>qui]</span> <span class='ocrx_word' id='word_1_296' title='bbox 1028 2470 1088 2515; x_wconf 90' lang='lat' dir='ltr'>qui</span> <span class='ocrx_word' id='word_1_297' title='bbox 1106 2471 1225 2504; x_wconf 87' lang='lat' dir='ltr'>autem</span> <span class='ocrx_word' id='word_1_298' title='bbox 1243 2469 1292 2504; x_wconf 89' lang='lat' dir='ltr'><em>M</em></span> <span class='ocrx_word' id='word_1_299' title='bbox 1382 2479 1418 2502; x_wconf 85' lang='grc'>66</span> <span class='ocrx_word' id='word_1_300' title='bbox 1436 2479 1500 2503; x_wconf 82' lang='lat' dir='ltr'>om.</span> <span class='ocrx_word' id='word_1_301' title='bbox 1521 2468 1567 2502; x_wconf 89' lang='lat' dir='ltr'><em>M</em></span> 
     </span>
    </p>

    <p class='ocr_par' dir='ltr' id='par_1_6' title="bbox 129 2524 1634 2626">
     <span class='ocr_line' id='line_1_33' title="bbox 129 2524 1634 2568; baseline -0.005 -3"><span class='ocrx_word' id='word_1_302' title='bbox 129 2530 150 2565; x_wconf 88' lang='grc'>9</span> <span class='ocrx_word' id='word_1_303' title='bbox 174 2530 379 2564; x_wconf 81' lang='lat' dir='ltr'>humilitate</span> <span class='ocrx_word' id='word_1_304' title='bbox 394 2530 427 2564; x_wconf 82' lang='lat' dir='ltr'><strong><em>G</em></strong></span> <span class='ocrx_word' id='word_1_305' title='bbox 486 2530 527 2563; x_wconf 85' lang='lat'>13</span> <span class='ocrx_word' id='word_1_306' title='bbox 545 2529 593 2563; x_wconf 89' lang='lat' dir='ltr'>sit</span> <span class='ocrx_word' id='word_1_307' title='bbox 610 2529 817 2563; x_wconf 87' lang='lat' dir='ltr'>turbulenta</span> <span class='ocrx_word' id='word_1_308' title='bbox 834 2540 854 2564; x_wconf 82' lang='lat' dir='ltr'><em>v</em></span> <span class='ocrx_word' id='word_1_309' title='bbox 918 2528 962 2562; x_wconf 78' lang='lat'>15</span> <span class='ocrx_word' id='word_1_310' title='bbox 985 2527 1101 2562; x_wconf 85' lang='lat' dir='ltr'>laudis</span> <span class='ocrx_word' id='word_1_311' title='bbox 1118 2529 1155 2561; x_wconf 81' lang='lat' dir='ltr'>et</span> <span class='ocrx_word' id='word_1_312' title='bbox 1171 2525 1399 2561; x_wconf 87' lang='lat' dir='ltr'>confessionis</span> <span class='ocrx_word' id='word_1_313' title='bbox 1415 2526 1447 2560; x_wconf 94' lang='lat' dir='ltr'><em>V</em></span> <span class='ocrx_word' id='word_1_314' title='bbox 1514 2524 1634 2568; x_wconf 88' lang='lat' dir='ltr'>culpa-</span> 
     </span>
     <span class='ocr_line' id='line_1_34' title="bbox 129 2583 1560 2626; baseline -0.003 -5"><span class='ocrx_word' id='word_1_315' title='bbox 129 2586 215 2621; x_wconf 88' lang='lat' dir='ltr'>bilis</span> <span class='ocrx_word' id='word_1_316' title='bbox 232 2598 276 2622; x_wconf 71' lang='grc'>600</span> <span class='ocrx_word' id='word_1_317' title='bbox 294 2587 392 2621; x_wconf 86' lang='grc'><strong>6111116</strong></span> <span class='ocrx_word' id='word_1_318' title='bbox 410 2588 457 2622; x_wconf 89' lang='lat' dir='ltr'><em>M</em></span> <span class='ocrx_word' id='word_1_319' title='bbox 470 2599 513 2622; x_wconf 83' lang='lat' dir='ltr'>m.</span> <span class='ocrx_word' id='word_1_320' title='bbox 533 2591 556 2622; x_wconf 80' lang='grc'><em>2</em></span> <span class='ocrx_word' id='word_1_321' title='bbox 642 2589 678 2621; x_wconf 90' lang='lat' dir='ltr'>et</span> <span class='ocrx_word' id='word_1_322' title='bbox 702 2586 926 2621; x_wconf 87' lang='lat' dir='ltr'>detestabilis</span> <span class='ocrx_word' id='word_1_323' title='bbox 945 2597 1008 2620; x_wconf 81' lang='lat' dir='ltr'>om.</span> <span class='ocrx_word' id='word_1_324' title='bbox 1031 2586 1076 2626; x_wconf 91' lang='lat' dir='ltr'>V,</span> <span class='ocrx_word' id='word_1_325' title='bbox 1094 2587 1130 2620; x_wconf 83' lang='lat' dir='ltr'>et</span> <span class='ocrx_word' id='word_1_326' title='bbox 1147 2584 1371 2619; x_wconf 88' lang='lat' dir='ltr'>detestabilis</span> <span class='ocrx_word' id='word_1_327' title='bbox 1395 2583 1472 2617; x_wconf 87' lang='lat' dir='ltr'>uita</span> <span class='ocrx_word' id='word_1_328' title='bbox 1496 2583 1542 2618; x_wconf 88' lang='lat' dir='ltr'><em>M</em></span> <span class='ocrx_word' id='word_1_329' title='bbox 1548 2586 1560 2603; x_wconf 78' lang='lat'>²</span> 
     </span>
    </p>

    <p class='ocr_par' dir='ltr' id='par_1_7' title="bbox 130 2638 1634 2748">
     <span class='ocr_line' id='line_1_35' title="bbox 130 2638 1634 2684; baseline -0.004 -6"><span class='ocrx_word' id='word_1_330' title='bbox 130 2645 174 2679; x_wconf 87' lang='grc'>16</span> <span class='ocrx_word' id='word_1_331' title='bbox 198 2644 426 2679; x_wconf 81' lang='lat' dir='ltr'>confessionis</span> <span class='ocrx_word' id='word_1_332' title='bbox 444 2656 527 2679; x_wconf 88' lang='lat' dir='ltr'>suae</span> <span class='ocrx_word' id='word_1_333' title='bbox 544 2645 593 2680; x_wconf 91' lang='lat' dir='ltr'><strong><em>M</em></strong></span> <span class='ocrx_word' id='word_1_334' title='bbox 682 2644 812 2678; x_wconf 88' lang='lat' dir='ltr'>malam</span> <span class='ocrx_word' id='word_1_335' title='bbox 831 2643 1133 2678; x_wconf 86' lang='lat' dir='ltr'>conuersationem</span> <span class='ocrx_word' id='word_1_336' title='bbox 1153 2642 1254 2677; x_wconf 81' lang='lat' dir='ltr'>MR¹</span> <span class='ocrx_word' id='word_1_337' title='bbox 1365 2641 1406 2675; x_wconf 81' lang='lat'>17</span> <span class='ocrx_word' id='word_1_338' title='bbox 1432 2638 1634 2684; x_wconf 81' lang='lat' dir='ltr'>prodegerit</span> 
     </span>
     <span class='ocr_line' id='line_1_36' title="bbox 136 2697 1565 2748; baseline -0.004 -11"><span class='ocrx_word' id='word_1_339' title='bbox 136 2702 220 2737; x_wconf 81' lang='lat' dir='ltr'>VG¹</span> <span class='ocrx_word' id='word_1_340' title='bbox 236 2729 244 2744; x_wconf 86' lang='lat'>‚</span> <span class='ocrx_word' id='word_1_341' title='bbox 271 2702 467 2747; x_wconf 80' lang='lat' dir='ltr'>prodigerit</span> <span class='ocrx_word' id='word_1_342' title='bbox 489 2703 539 2737; x_wconf 80' lang='lat' dir='ltr'>G²</span> <span class='ocrx_word' id='word_1_343' title='bbox 554 2730 561 2744; x_wconf 91' lang='lat'><strong><em>‚</em></strong></span> <span class='ocrx_word' id='word_1_344' title='bbox 585 2702 782 2748; x_wconf 84' lang='lat' dir='ltr'>protegerit</span> <span class='ocrx_word' id='word_1_345' title='bbox 802 2702 867 2745; x_wconf 85' lang='lat' dir='ltr'>W,</span> <span class='ocrx_word' id='word_1_346' title='bbox 893 2700 1147 2746; x_wconf 84' lang='lat' dir='ltr'>prodideritM</span> <span class='ocrx_word' id='word_1_347' title='bbox 1159 2699 1225 2743; x_wconf 89' lang='lat' dir='ltr'>(idi</span> <span class='ocrx_word' id='word_1_348' title='bbox 1249 2700 1288 2734; x_wconf 78' lang='lat' dir='ltr'>in</span> <span class='ocrx_word' id='word_1_349' title='bbox 1314 2700 1420 2739; x_wconf 58' lang='lat' dir='ltr'>ras),</span> <span class='ocrx_word' id='word_1_350' title='bbox 1445 2708 1510 2732; x_wconf 83' lang='lat' dir='ltr'>om.</span> <span class='ocrx_word' id='word_1_351' title='bbox 1530 2697 1565 2732; x_wconf 81' lang='lat' dir='ltr'><strong><em>R</em></strong></span> 
     </span>
    </p>

    <p class='ocr_par' dir='ltr' id='par_1_8' title="bbox 131 2754 1565 2804">
     <span class='ocr_line' id='line_1_37' title="bbox 131 2754 1565 2804; baseline -0.004 -10"><span class='ocrx_word' id='word_1_352' title='bbox 131 2760 176 2794; x_wconf 88' lang='grc'>18</span> <span class='ocrx_word' id='word_1_353' title='bbox 200 2759 350 2804; x_wconf 80' lang='lat' dir='ltr'>denique</span> <span class='ocrx_word' id='word_1_354' title='bbox 369 2760 482 2804; x_wconf 89' lang='lat' dir='ltr'>ipsam</span> <span class='ocrx_word' id='word_1_355' title='bbox 502 2760 536 2795; x_wconf 94' lang='lat' dir='ltr'><strong><em>V</em></strong></span> <span class='ocrx_word' id='word_1_356' title='bbox 601 2759 647 2794; x_wconf 82' lang='lat'>20</span> <span class='ocrx_word' id='word_1_357' title='bbox 671 2760 772 2804; x_wconf 86' lang='lat' dir='ltr'>quasi</span> <span class='ocrx_word' id='word_1_358' title='bbox 790 2759 839 2793; x_wconf 89' lang='lat' dir='ltr'>sit</span> <span class='ocrx_word' id='word_1_359' title='bbox 857 2771 876 2794; x_wconf 85' lang='lat' dir='ltr'><em>v</em></span> <span class='ocrx_word' id='word_1_360' title='bbox 947 2758 990 2793; x_wconf 81' lang='lat'>‘21</span> <span class='ocrx_word' id='word_1_361' title='bbox 1016 2757 1188 2802; x_wconf 87' lang='lat' dir='ltr'>premium</span> <span class='ocrx_word' id='word_1_362' title='bbox 1208 2768 1252 2791; x_wconf 65' lang='lat' dir='ltr'>ea·</span> <span class='ocrx_word' id='word_1_363' title='bbox 1264 2756 1419 2800; x_wconf 85' lang='lat' dir='ltr'>primum</span> <span class='ocrx_word' id='word_1_364' title='bbox 1438 2754 1470 2789; x_wconf 81' lang='lat' dir='ltr'><strong><em>G</em></strong></span> <span class='ocrx_word' id='word_1_365' title='bbox 1483 2766 1527 2789; x_wconf 80' lang='lat' dir='ltr'>m.</span> <span class='ocrx_word' id='word_1_366' title='bbox 1544 2756 1565 2788; x_wconf 79' lang='lat'><em>2</em></span> 
     </span>
    </p>

    <p class='ocr_par' dir='ltr' id='par_1_9' title="bbox 131 2812 1633 2965">
     <span class='ocr_line' id='line_1_38' title="bbox 131 2812 1633 2860; baseline -0.003 -10"><span class='ocrx_word' id='word_1_367' title='bbox 131 2815 175 2850; x_wconf 81' lang='lat'>23</span> <span class='ocrx_word' id='word_1_368' title='bbox 199 2816 306 2851; x_wconf 85' lang='lat' dir='ltr'>iudan</span> <span class='ocrx_word' id='word_1_369' title='bbox 325 2817 375 2852; x_wconf 89' lang='lat' dir='ltr'><em>W</em></span> <span class='ocrx_word' id='word_1_370' title='bbox 388 2816 450 2851; x_wconf 81' lang='lat' dir='ltr'>sed</span> <span class='ocrx_word' id='word_1_371' title='bbox 467 2827 489 2851; x_wconf 88' lang='lat' dir='ltr'>n</span> <span class='ocrx_word' id='word_1_372' title='bbox 506 2828 532 2851; x_wconf 86' lang='lat' dir='ltr'>s.</span> <span class='ocrx_word' id='word_1_373' title='bbox 552 2816 573 2851; x_wconf 84' lang='lat' dir='ltr'>l.</span> <span class='ocrx_word' id='word_1_374' title='bbox 667 2816 713 2851; x_wconf 82' lang='lat'>24</span> <span class='ocrx_word' id='word_1_375' title='bbox 736 2815 958 2860; x_wconf 86' lang='lat' dir='ltr'>postmodum</span> <span class='ocrx_word' id='word_1_376' title='bbox 977 2815 1078 2849; x_wconf 87' lang='lat' dir='ltr'>iudas</span> <span class='ocrx_word' id='word_1_377' title='bbox 1095 2814 1143 2848; x_wconf 89' lang='lat' dir='ltr'><strong><em>M</em></strong></span> <span class='ocrx_word' id='word_1_378' title='bbox 1233 2812 1385 2847; x_wconf 78' lang='lat' dir='ltr'>tradidit</span> <span class='ocrx_word' id='word_1_379' title='bbox 1410 2812 1530 2852; x_wconf 78' lang='lat' dir='ltr'><em>WM·=‚</em></span> <span class='ocrx_word' id='word_1_380' title='bbox 1555 2822 1633 2856; x_wconf 86' lang='lat' dir='ltr'>pro-</span> 
     </span>
     <span class='ocr_line' id='line_1_39' title="bbox 132 2867 1632 2918; baseline -0.004 -11"><span class='ocrx_word' id='word_1_381' title='bbox 132 2872 224 2907; x_wconf 86' lang='lat' dir='ltr'>didit</span> <span class='ocrx_word' id='word_1_382' title='bbox 241 2874 326 2909; x_wconf 74' lang='grc' dir='ltr'>ΒΜ</span> <span class='ocrx_word' id='word_1_383' title='bbox 334 2878 356 2914; x_wconf 90' lang='lat'>¹,</span> <span class='ocrx_word' id='word_1_384' title='bbox 375 2873 493 2918; x_wconf 85' lang='lat' dir='ltr'>prodit</span> <span class='ocrx_word' id='word_1_385' title='bbox 516 2873 548 2908; x_wconf 80' lang='lat' dir='ltr'><strong><em>G</em></strong></span> <span class='ocrx_word' id='word_1_386' title='bbox 628 2874 673 2907; x_wconf 73' lang='lat'>25</span> <span class='ocrx_word' id='word_1_387' title='bbox 698 2873 782 2907; x_wconf 87' lang='lat' dir='ltr'>fides</span> <span class='ocrx_word' id='word_1_388' title='bbox 800 2875 836 2907; x_wconf 88' lang='lat' dir='ltr'>et</span> <span class='ocrx_word' id='word_1_389' title='bbox 854 2872 1004 2907; x_wconf 87' lang='lat' dir='ltr'>firmitas</span> <span class='ocrx_word' id='word_1_390' title='bbox 1023 2872 1080 2907; x_wconf 71' lang='lat' dir='ltr'>Rv</span> <span class='ocrx_word' id='word_1_391' title='bbox 1150 2869 1280 2904; x_wconf 85' lang='lat' dir='ltr'>decidit</span> <span class='ocrx_word' id='word_1_392' title='bbox 1298 2869 1345 2903; x_wconf 88' lang='lat' dir='ltr'><strong><em>M</em></strong></span> <span class='ocrx_word' id='word_1_393' title='bbox 1410 2869 1453 2902; x_wconf 77' lang='lat'>‘27</span> <span class='ocrx_word' id='word_1_394' title='bbox 1472 2867 1632 2913; x_wconf 80' lang='lat' dir='ltr'>dignitas</span> 
     </span>
     <span class='ocr_line' id='line_1_40' title="bbox 133 2928 1241 2965; baseline -0.003 -1"><span class='ocrx_word' id='word_1_395' title='bbox 133 2931 167 2964; x_wconf 80' lang='lat' dir='ltr'>et</span> <span class='ocrx_word' id='word_1_396' title='bbox 184 2931 353 2965; x_wconf 85' lang='lat' dir='ltr'>sanctitas</span> <span class='ocrx_word' id='word_1_397' title='bbox 377 2932 410 2965; x_wconf 83' lang='lat' dir='ltr'><em>G</em></span> <span class='ocrx_word' id='word_1_398' title='bbox 487 2932 700 2965; x_wconf 84' lang='lat' dir='ltr'>comminuta</span> <span class='ocrx_word' id='word_1_399' title='bbox 718 2932 772 2965; x_wconf 77' lang='lat' dir='ltr'>est</span> <span class='ocrx_word' id='word_1_400' title='bbox 789 2941 833 2965; x_wconf 72' lang='lat' dir='ltr'>ex</span> <span class='ocrx_word' id='word_1_401' title='bbox 850 2930 1084 2964; x_wconf 76' lang='lat' dir='ltr'>comminutas</span> <span class='ocrx_word' id='word_1_402' title='bbox 1104 2929 1138 2964; x_wconf 85' lang='lat' dir='ltr'><em>R</em></span> <span class='ocrx_word' id='word_1_403' title='bbox 1155 2940 1197 2962; x_wconf 82' lang='lat' dir='ltr'>m.</span> <span class='ocrx_word' id='word_1_404' title='bbox 1216 2928 1241 2961; x_wconf 80' lang='lat'><em>2</em></span> 
     </span>
    </p>
   </div>
  </div>
 </body>
</html>
