1912 3152
526 250 585 284 De
610 248 832 283 <lominica
857 247 1065 282 oratione
1090 257 1117 281 c.
1147 247 1280 281 15-17
1579 247 1665 288 279

155 354 508 405 inimicitiae,
542 352 924 401 contentioneS,
965 351 1377 401 aemulationes»,
1418 349 1666 392 animosi-

154 427 310 475 tateS,
333 421 755 477 prouocationes,
788 419 1116 469 simultates,
1140 418 1501 461 dissensiones
1519 451 1528 469 ,
1551 418 1664 459 hae-

155 505 290 536 reses
306 525 315 543 ,
348 490 607 541 inuidiae,
652 489 960 539 ebrietates,
994 487 1373 530 comisationes
1405 485 1467 529 et'
1484 486 1565 528 his
1597 486 1665 527 si-

154 561 322 604 milia:
355 560 440 614 qui
472 559 605 601 talia
634 559 794 613 agunt
825 569 1037 612 regnum
1059 556 1149 598 Dei
1181 568 1274 598 non
1307 555 1663 610 possidebunt.

111 653 124 678 5
154 630 354 672 fructus
387 629 559 670 autem
591 627 816 680 spiritus
860 627 940 668 est
970 625 1185 675 caritas,
1232 624 1499 679 gaudium,
1546 637 1638 678 pax
1654 656 1664 674 ,

154 697 576 753 magnanimitas,
622 695 847 746 bonitas,
891 694 1046 744 fides,
1090 692 1452 744 mansuetudo,
1501 692 1666 734 conti-

153 767 346 818 nentia,
365 765 597 809 castitas.
621 763 829 806 etidcirco
847 763 1086 805 cottidianis
1104 763 1231 805 immo
1249 762 1452 804 continuis
1469 761 1667 803 orationi-

153 838 229 879 bus
250 837 325 878 hoc
345 847 557 889 precamur
577 835 618 875 et
639 833 681 874 in
702 833 812 874 caelo
835 834 875 874 et
897 832 939 874 in
959 833 1069 874 terra
1091 831 1347 873 uoluntatem
1372 831 1480 873 circa
1503 842 1575 871 nos
1589 828 1667 870 Dei

153 905 261 948 fieri:
295 904 390 958 quia
419 903 517 944 haec
548 903 610 944 est
640 902 832 943 uoluntas
861 901 938 943 Dei
970 903 1017 942 ut
1052 902 1214 942 terrena
1235 899 1483 942 caelestibus
1506 898 1666 949 cedant,

110 995 141 1020 10
155 973 359 1028 spiritalia
379 972 421 1013 et
441 971 583 1013 diuina
604 970 881 1024 praeualeant.

210 1042 354 1083 Potest
374 1041 417 1082 et
439 1040 497 1082 sic
518 1039 725 1095 intellegi,
760 1038 908 1080 fratres
940 1037 1228 1089 dilectissimi,
1262 1039 1309 1079 ut
1331 1038 1526 1092 quoniam
1549 1050 1666 1078 man·
1685 1042 1734 1083 17

155 1112 227 1153 dat
248 1112 289 1152 et
309 1110 449 1151 monet
469 1108 671 1150 Dominus
709 1108 835 1150 etiam
856 1107 1046 1148 inimicos
1069 1107 1241 1161 diligere
1264 1108 1305 1149 et
1326 1119 1398 1161 pro
1420 1107 1485 1148 his
1507 1118 1668 1160 quoque

154 1180 224 1234 qui
245 1190 316 1221 nos
337 1179 604 1232 persecuntur
625 1189 759 1227 orare,
791 1177 983 1229 petamus
1015 1176 1056 1218 et
1086 1188 1157 1229 pro
1188 1175 1276 1217 illis
1308 1175 1379 1229 qui
1402 1175 1536 1218 adhuc
1558 1176 1667 1217 terra

156 1249 253 1291 sunt
274 1249 315 1289 et
335 1248 509 1290 necdum
532 1246 725 1288 caelestes
747 1257 833 1287 esse
855 1246 1096 1298 coeperunt,
1130 1245 1177 1286 ut
1208 1244 1250 1286 et
1271 1244 1379 1285 circa
1401 1243 1496 1287 illos
1519 1244 1668 1286 uolun-

111 1330 142 1356 15
155 1319 220 1360 tas
241 1317 317 1359 Dei
339 1316 412 1358 fiat
428 1328 550 1369 quam
568 1314 756 1357 Christus
773 1314 983 1356 hominem
999 1313 1274 1355 conseruando
1292 1313 1333 1355 et
1349 1312 1669 1367 redintegrando

155 1386 338 1441 perfecit.
371 1397 467 1427 nam
489 1396 583 1426 cum
605 1383 798 1438 discipuli
829 1384 880 1425 ab
910 1395 954 1426 eo
977 1383 1062 1425 iam
1082 1396 1162 1425 non
1183 1383 1294 1425 terra
1314 1382 1576 1437 appellentur
1597 1383 1668 1424 sed

157 1456 218 1498 sal
238 1457 370 1497 terrae
402 1455 443 1496 et
480 1454 689 1507 apostolus
718 1453 901 1507 primum
922 1452 1132 1496 hominem
1154 1453 1273 1494 uocet
1304 1452 1353 1494 de
1385 1453 1518 1494 terrae
1552 1452 1668 1502 limo,

159 1524 382 1566 secundum
403 1533 498 1565 uero
520 1522 569 1563 de
591 1522 721 1573 caelo,
754 1521 901 1563 merito
933 1523 975 1563 et
1006 1533 1078 1562 nos
1110 1523 1182 1575 qui
1213 1533 1299 1563 esse
1330 1520 1529 1563 debemus
1560 1521 1669 1574 patri

157 1594 242 1635 Deo
264 1592 444 1643 similes,
476 1591 547 1645 qui
577 1591 706 1633 solem
737 1603 858 1632 suum
879 1590 978 1632 oriri
1000 1590 1102 1632 facit
1122 1602 1243 1644 super
1262 1590 1389 1632 bonos
1411 1591 1453 1632 et
1474 1591 1606 1632 malos
1629 1591 1671 1632 et

113 1677 146 1704 ιο
157 1662 267 1717 pluit
287 1673 408 1715 super
428 1660 559 1702 iustos
581 1660 622 1702 et
642 1660 836 1711 iniustos,
869 1659 928 1701 sic
948 1659 1112 1701 Christo
1133 1660 1326 1702 monente
1348 1672 1514 1701 oramus
1535 1660 1577 1701 et
1597 1671 1670 1713 pe-

156 1731 303 1781 timuS,
335 1731 384 1771 ut
413 1741 577 1783 precem
607 1742 679 1782 pro
711 1729 897 1771 omnium
919 1729 1052 1772 salute
1074 1730 1300 1781 faciamus,
1333 1730 1380 1771 ut
1402 1729 1606 1783 quomodo
1628 1730 1672 1770 in

158 1800 266 1843 caelo
288 1800 330 1841 id
352 1800 415 1841 est
434 1799 477 1842 in
502 1799 618 1842 nobis
639 1811 711 1852 per
731 1798 855 1840 fidem
876 1799 1061 1840 nostram
1082 1798 1276 1841 uoluntas
1298 1799 1375 1840 Dei
1405 1798 1517 1840 facta
1538 1799 1601 1840 est
1623 1799 1672 1839 ut

160 1881 339 1911 essemus
361 1882 382 1911 e
404 1869 536 1920 caelo,
557 1869 618 1910 ita
638 1870 680 1910 et
702 1868 744 1910 in
766 1870 876 1910 terra
896 1868 971 1910 1106
992 1869 1055 1910 est
1075 1868 1118 1910 in
1139 1868 1224 1910 illis
1247 1868 1412 1910 credere
1433 1867 1672 1910 nolentibus

227 1983 245 2017 1
272 1982 483 2017 animositas
503 1981 584 2018 SW
700 1982 722 2016 2
746 1981 881 2016 heresis
900 1981 984 2018 SW
1097 1982 1119 2016 3
1144 1982 1399 2017 comesationes
1421 1981 1471 2023 G,
1496 1991 1669 2015 comessa-

157 2040 272 2075 tiones
293 2052 311 2076 υ
382 2040 530 2085 similia]
550 2039 686 2074 similia
704 2051 793 2084 quae
810 2039 972 2085 praedico
990 2039 1092 2074 uobis
1111 2039 1205 2074 sicut
1221 2040 1380 2084 praedixi
1397 2039 1566 2084 quoniam
1583 2050 1604 2074 v

159 2098 181 2132 5
204 2098 359 2133 fructum
382 2098 430 2132 G¹
526 2099 562 2132 et
579 2097 729 2142 spiritus
752 2098 801 2133 W
897 2099 951 2131 est
968 2108 1099 2142 agapes
1116 2097 1288 2142 gaudium
1305 2108 1373 2142 pax
1390 2096 1674 2142 magnanimitas

159 2156 319 2190 suauitas
336 2155 541 2199 benignitas
564 2155 597 2190 V
611 2158 698 2190 teste
713 2155 878 2200 Riyaltio
995 2156 1017 2190 8
1042 2165 1224 2199 precamur
1242 2155 1279 2189 in
1310 2155 1344 2189 G
1453 2156 1551 2189 terra
1575 2155 1612 2188 et
1636 2155 1674 2188 in

159 2213 253 2248 caelo
269 2214 319 2248 W
376 2213 616 2248 uoluntatem.
633 2239 639 2247 .
656 2240 662 2247 .
679 2213 781 2249 ,haec
797 2214 852 2248 est
865 2223 930 2248 om.
945 2212 976 2248 S
1036 2213 1057 2247 9
1075 2212 1261 2247 uoluntats
1277 2211 1308 2247 S
1376 2213 1418 2246 11
1433 2213 1469 2246 ct
1483 2222 1547 2247 om.
1571 2211 1605 2245 G

160 2271 203 2305 12
227 2271 358 2315 monet]
377 2270 478 2305 docet
495 2270 651 2316 August.
672 2270 692 2305 l.
714 2281 742 2305 c.
850 2270 896 2304 iis
921 2281 942 2306 v
1037 2280 1212 2314 quomque
1231 2270 1297 2306 W¹
1405 2269 1448 2304 13
1473 2270 1568 2303 terra
1592 2269 1624 2303 (τ’
1641 2272 1676 2304 et

159 2329 316 2374 Auyust.
336 2329 356 2363 l.
373 2340 414 2370 c.,
443 2329 574 2363 terreni
594 2329 661 2369 W,
687 2330 810 2363 terena
828 2327 858 2363 S
928 2329 971 2363 14
995 2328 1200 2373 coeperunt]
1218 2328 1410 2372 potuerunt
1429 2327 1462 2362 G
1555 2329 1592 2362 et
1608 2338 1673 2362 om.

165 2386 214 2422 W
281 2387 324 2421 15
347 2386 403 2421 dei
421 2386 586 2421 uoluntas
606 2386 657 2422 W
727 2386 770 2420 16
787 2385 927 2430 perficit
942 2385 1047 2421 WG¹
1117 2396 1187 2420 non
1203 2385 1275 2419 iam
1295 2384 1404 2420 WGv
1467 2384 1503 2419 in
1521 2386 1617 2418 terra
1636 2384 1675 2427 S,

160 2444 291 2479 terreni
307 2445 357 2480 W
425 2445 654 2490 appellantur
672 2445 723 2480 W
793 2445 834 2478 17
861 2446 957 2479 terra
974 2455 992 2478 e
1014 2444 1064 2480 W
1135 2444 1178 2479 18
1202 2443 1265 2478 (160
1283 2444 1377 2488 patri
1400 2442 1432 2478 G
1516 2443 1675 2478 193111ιί-

161 2502 207 2537 lis
221 2503 251 2538 S
331 2503 374 2537 21
393 2504 434 2537 ut
450 2504 501 2548 q.]
516 2504 552 2538 et
566 2502 737 2547 quomodo
752 2502 821 2538 SG
915 2502 961 2536 22
977 2502 1161 2536 uoluntas.
1176 2528 1184 2536 .
1200 2513 1250 2546 ,μ
1265 2504 1356 2546 280,
1375 2505 1395 2536 1
1408 2501 1472 2535 fiat
1490 2511 1554 2536 om.
1572 2500 1606 2535 G

160 2559 206 2594 23
230 2560 368 2595 credere
399 2560 604 2595 nolentibus
635 2561 768 2605 scripsi
782 2587 789 2601 ‚
828 2559 1054 2595 credentibus
1079 2559 1216 2601 SWG,
1260 2558 1416 2594 nondum
1449 2557 1675 2593 credentibus

161 2617 306 2662 scripsit
322 2618 496 2660 Grauius,
515 2629 585 2653 non
603 2617 826 2652 credentibus
850 2617 1067 2661 Morellius;
1085 2617 1133 2660 cf.
1149 2617 1402 2662 Auqustinum
1419 2616 1476 2650 De
1488 2615 1672 2660 praedest.

161 2679 276 2710 sanct.
294 2686 322 2710 c.
341 2678 375 2716 8,
395 2677 457 2710 15.·
485 2675 536 2710 sic
553 2675 663 2710 etiam
681 2675 798 2710 uoluit
823 2674 988 2719 intellegi
1014 2686 1040 2708 s.
1068 2674 1266 2719 Cyprianus
1284 2674 1378 2718 quod
1399 2673 1571 2708 dicimus:
1592 2670 1675 2706 ‘fiat

163 2732 327 2766 uoluntas
353 2734 417 2766 tua
445 2732 539 2767 sicut
562 2732 599 2767 in
629 2733 723 2767 coelo
741 2734 777 2767 ct
801 2732 838 2766 in
856 2729 974 2773 terra?
1002 2732 1068 2766 hoc
1085 2734 1140 2766 est
1156 2732 1250 2766 sicut
1268 2731 1304 2765 in
1323 2731 1373 2765 eis
1391 2731 1451 2775 qui
1471 2730 1541 2764 iam
1562 2729 1674 2764 credi-

165 2788 291 2824 derunt
314 2790 352 2823 et
380 2791 562 2834 tamquam
593 2790 728 2825 coelum
758 2792 859 2831 sunt,
883 2790 937 2823 ita
961 2790 997 2824 et
1013 2790 1051 2823 in
1068 2789 1137 2830 eis,
1164 2790 1225 2833 qui
1244 2799 1312 2823 non
1330 2787 1478 2823 credunt
1496 2789 1532 2821 et
1544 2787 1589 2822 ob
1607 2787 1674 2821 hoc

165 2845 278 2881 adhuc
303 2848 399 2881 terra
423 2848 515 2881 sunt.
542 2847 629 2892 quid
646 2858 729 2893 ergo
745 2857 886 2882 oramus
902 2857 965 2891 pro
982 2846 1185 2882 nolentibus
1203 2845 1360 2887 credere,
1388 2844 1460 2879 nisi
1478 2847 1518 2879 ut
1534 2844 1620 2879 deus
1638 2845 1675 2878 iu

168 2902 243 2937 illis
260 2906 422 2947 operetur
439 2906 474 2938 ct
493 2903 595 2939 116116.
