1912 3152
241 223 323 267 104
756 220 953 256 Caecilii
979 220 1194 265 Cypriani

397 324 525 365 XLII.
559 324 705 366 Fidem
725 324 767 365 in
787 325 923 366 totum
943 325 1133 377 prodesse
1150 325 1190 365 et
1210 325 1373 366 tantum
1390 336 1463 365 nos
1479 336 1596 379 posse
1613 338 1741 379 quan-

569 394 660 434 tum
682 393 899 435 credimus.

381 461 535 502 XLIII.
566 462 690 504 Posse
712 474 806 503 eum
827 462 973 503 statim
995 462 1184 514 consequi
1205 462 1275 514 qui
1297 475 1390 504 uere
1412 462 1641 504 crediderit.

362 530 535 571 XLIIII.
569 531 732 572 Fideles
754 531 861 572 inter
891 543 932 572 se
961 531 1235 584 disceptantes
1263 544 1342 572 non
1372 531 1518 573 debere
1547 531 1743 586 gentilem

571 600 750 641 iudicem
772 599 957 654 experiri.

412 667 537 709 XLV.
572 667 694 722 Spem
715 668 948 710 futurorum
970 680 1055 710 esse
1087 669 1127 709 et
1157 667 1246 709 ideo
1278 668 1401 709 fidem
1432 669 1538 710 circa
1568 681 1614 710 ea
1644 681 1745 722 quae

573 737 775 791 promissa
797 738 893 779 sunt
913 737 1138 789 patientem
1159 749 1245 778 esse
1266 737 1421 779 debere.

385 805 534 847 XLVI.
567 806 785 847 Mulierem
806 806 848 847 in
869 806 1037 847 ecclesia
1057 806 1191 847 tacere
1214 805 1370 847 debere.

363 873 533 915 XLVII.
567 875 727 916 Delicto
759 876 800 916 et
830 874 978 916 merito
1009 874 1146 916 nostro
1177 874 1286 925 fieri,
1339 875 1386 916 ut
1415 874 1645 917 laboremus
1675 888 1748 917 nec

574 943 652 984 Dei
674 955 792 996 opem
814 943 856 984 in
877 943 1068 984 omnibus
1090 943 1328 985 sentiamus.
1762 963 1794 987 10

344 1011 535 1052 XLVIII.
569 1011 662 1053 Non
682 1012 985 1053 faenerandum.

328 1080 542 1122 XLVIIII.
576 1081 769 1122 Inimicos
792 1093 949 1134 quoque
971 1081 1211 1135 diligendos.

497 1150 542 1190 L.
576 1148 887 1191 Sacramentum
908 1150 1003 1191 fidei
1024 1163 1103 1192 non
1124 1162 1210 1192 esse
1231 1150 1539 1203 profanandum.

472 1219 539 1259 LI.
575 1218 692 1269 Quod
713 1231 831 1260 nemo
853 1219 893 1259 in
917 1230 1036 1272 opere
1058 1231 1129 1261 suo
1153 1219 1294 1260 extolli
1316 1220 1474 1261 debeat.

446 1287 535 1328 LII.
571 1286 768 1328 Credendi
799 1287 867 1328 uel
897 1300 975 1329 non
1015 1288 1202 1329 credendi
1238 1288 1476 1330 libertatem
1506 1289 1548 1331 in
1580 1289 1751 1332 arbitrio
1764 1299 1796 1323 1⁵

575 1357 764 1410 positam.

427 1425 541 1466 LIII.
574 1426 650 1466 Dei
678 1438 822 1467 arcana
853 1426 1027 1479 perspici
1058 1438 1136 1467 non
1164 1438 1280 1479 posse
1302 1426 1513 1468 etidcirco
1535 1426 1657 1469 fidem
1680 1439 1751 1469 no-

576 1495 704 1536 stram
726 1495 959 1549 simplicem
981 1507 1065 1536 esse
1087 1495 1242 1536 debere.

410 1564 545 1604 LIIII.
579 1564 798 1605 Neminem
820 1564 905 1605 sine
928 1564 1042 1606 sorde
1064 1565 1105 1605 et
1125 1565 1212 1606 sine
1234 1565 1397 1617 peccato
1420 1577 1516 1607 esse.

458 1632 542 1673 LV.
576 1633 669 1674 Non
690 1633 924 1675 hominibus
947 1634 1016 1674 sed
1037 1634 1120 1674 Deo
1142 1634 1398 1686 placendum.
1766 1650 1799 1676 20

440 1701 547 1742 LVI.
580 1702 714 1743 Deum
734 1702 839 1743 nihil
859 1702 987 1743 latere
1010 1715 1057 1744 ex
1077 1702 1141 1743 his
1164 1715 1266 1755 quae
1287 1703 1499 1757 geruntur.

413 1770 540 1811 LVII.
575 1771 762 1812 Fidelem
784 1771 990 1812 emendari
1012 1772 1052 1812 et
1074 1771 1283 1812 reseruari.

389 1840 542 1881 LVIII.
575 1840 794 1882 Neminem
817 1840 1050 1881 contristari
1072 1841 1203 1881 morte
1234 1840 1398 1891 debere,
1431 1853 1525 1882 cum
1547 1840 1602 1882 sit
1623 1840 1664 1882 in
1687 1840 1751 1882 ui-

578 1910 709 1950 uendo
725 1909 842 1950 labor
859 1910 899 1950 et
916 1908 1157 1961 periculum,
1181 1908 1222 1949 in
1239 1909 1448 1950 moriendo
1467 1922 1544 1962 pax
1561 1910 1602 1951 et
1618 1922 1753 1951 resur-

572 1979 694 2033 gendi
717 1978 924 2020 securitas.
1769 1985 1800 2011 2⁵

370 2048 546 2090 LVIIII.
578 2048 639 2089 De
660 2048 782 2089 idolis
804 2060 906 2100 quae
930 2047 1104 2101 gentiles
1127 2047 1220 2089 deos
1242 2048 1401 2099 putant.

462 2117 545 2157 LX.
580 2116 773 2158 Ciborum
795 2116 968 2157 nimiam
991 2116 1360 2169 concupiscentiam
1376 2127 1455 2157 non
1472 2116 1754 2169 adpetendam.

438 2186 546 2226 LXI.
579 2186 822 2227 Possidendi
855 2185 1226 2237 concupiscentiam
1258 2185 1298 2225 et
1328 2184 1541 2237 pecuniam
1573 2196 1651 2226 non
1683 2185 1754 2226 ad-

580 2255 809 2307 petendam.

420 2323 549 2364 LXII.
582 2323 894 2364 Matrimonium
917 2335 1010 2363 cum
1032 2322 1256 2376 gentilibus
1278 2334 1356 2363 non
1378 2322 1642 2377 iungendum.
1769 2330 1800 2354 30

394 2392 544 2432 LXIII.
579 2390 758 2433 Grauius
780 2391 978 2433 delictum
1002 2403 1086 2432 esse
1108 2390 1401 2432 fornicationis.

323 2541 340 2574 1
369 2539 436 2572 fide
454 2540 488 2573 1-1
559 2539 592 2572 in
613 2549 675 2573 om.
696 2540 858 2574 AWLR
940 2539 1122 2583 procleesse
1139 2540 1175 2573 A
1261 2539 1334 2582 nos]
1354 2549 1421 2572 non
1439 2539 1473 2572 L
1568 2539 1590 2574 6
1617 2538 1755 2572 fidelem

261 2598 307 2631 W
387 2607 463 2630 euin
488 2607 575 2640 quae
594 2597 646 2637 L,
673 2607 746 2640 eaq.
765 2597 801 2630 A
895 2597 918 2632 8
944 2596 1103 2631 deberem
1128 2597 1179 2631 W
1269 2596 1292 2631 9
1319 2606 1386 2629 non
1411 2606 1496 2630 uene
1523 2595 1653 2630 dilecto
1675 2597 1756 2631 ΠΗ.

252 2654 382 2688 delicto
401 2655 467 2689 W2
557 2654 604 2690 14
629 2665 752 2698 operae
775 2655 824 2689 W
919 2655 965 2690 17
993 2655 1144 2688 archana
1162 2653 1299 2688 LBM2
1391 2653 1534 2697 idcirco]
1553 2653 1630 2687 idco
1647 2653 1695 2687 M

256 2713 303 2748 19
330 2723 403 2746 osso
427 2714 463 2745 ot
488 2712 517 2745 si
542 2713 683 2756 peccato
706 2713 756 2746 W
847 2713 895 2747 21
923 2715 1091 2756 gerentur
1104 2713 1155 2753 B,
1183 2713 1351 2756 gerantur
1369 2710 1416 2743 M
1424 2714 1429 2731 ¹
1507 2711 1557 2746 22
1583 2710 1703 2744 fidele*
1715 2711 1761 2744 M

254 2781 288 2803 in
307 2781 396 2805 eras.
469 2770 519 2806 23
544 2770 677 2804 nemini
695 2770 731 2805 B
800 2772 948 2803 mortem
969 2771 1019 2805 W
1019 2770 1054 2804 B
1123 2768 1273 2803 uidendo
1290 2769 1338 2802 M
1343 2772 1348 2789 ¹
1427 2768 1478 2804 24
1502 2768 1539 2802 in
1557 2779 1620 2802 om.
1642 2768 1691 2801 W

255 2827 464 2871 resurgendo
481 2828 530 2861 L¹
632 2827 681 2863 26
707 2829 832 2871 putent
849 2828 883 2861 L
977 2827 1029 2863 30
1053 2838 1131 2860 cum
1148 2826 1315 2871 gentibus
1338 2826 1424 2861 WB
1431 2853 1438 2867 ⁷
1465 2825 1633 2870 gentibus
1656 2825 1691 2858 A

252 2884 830 2928 ÷.*i11ng011‹1m11]11(coneras-mn)
902 2886 948 2922 31
970 2885 1176 2930 graucruW,
1192 2894 1300 2928 graue
1312 2884 1367 2918 Bv
1430 2883 1698 2917 fornicationem
1716 2884 1761 2918 W
