1838 3152
606 263 815 308 Epistula
843 263 970 299 I—II.
1452 267 1538 308 467

41 370 181 414 datam
198 367 435 411 Geminium
453 367 698 409 Faustinum
719 367 1007 422 presbyterum
1024 380 1147 410 ausus
1169 369 1225 411 sit
1246 369 1424 412 tutorem
1443 381 1538 411 eon-

41 439 232 487 stituere,
264 447 343 478 non
365 437 428 478 est
448 436 554 489 quod
575 448 648 490 pro
678 435 924 478 dormitione
953 436 1039 478 eius
1072 436 1179 490 apud
1201 449 1273 479 uos
1294 437 1367 480 fiat
1383 437 1538 479 oblatio

41 508 113 551 aut
140 505 370 558 deprecatio
399 504 536 558 aliqua
564 504 727 547 nomine
754 504 841 546 eius
873 504 916 546 in
952 505 1122 547 ecclesia
1148 504 1450 559 frequentetur.
1491 507 1538 547 ut

39 574 292 619 sacerdotum
321 574 530 615 decretum
558 572 748 627 religiose
783 574 824 615 et
855 573 1079 615 necessarie
1115 572 1271 616 factum
1305 575 1491 616 seruetur
1511 586 1534 615 a

12 642 164 693 anobis,
196 642 322 683 simul
342 642 383 683 et
404 642 548 684 ceteris
571 641 769 683 fratribus
791 641 911 683 detur
931 642 1163 695 exemplum
1178 675 1187 692 ,
1221 655 1271 684 ne
1292 643 1383 696 quis
1406 655 1539 684 sacer—

39 711 151 755 dotes
173 712 214 753 et
235 710 445 752 ministros
467 710 542 751 Dei
571 710 693 751 altari
715 710 802 751 eius
823 710 864 751 et
893 710 1087 752 ecclesiae
1108 711 1301 752 uacantes
1322 710 1374 752 ad
1396 722 1537 752 saecu-

0 770 2 788 ³
40 780 167 823 larem
195 778 429 820 molestiam
456 777 636 820 deuocet.
688 778 895 820 obseruari
933 778 1042 820 enim
1073 778 1121 820 de
1150 781 1282 821 cetero
1313 779 1464 833 poterit
1488 792 1536 821 ne

39 848 146 891 ultra
176 848 249 889 hoc
279 847 352 889 fiat
382 847 487 888 circa
516 858 731 900 personam
763 846 1015 899 clericorum,
1048 846 1083 887 si
1112 847 1219 900 quod
1251 859 1358 889 nunc
1379 847 1536 889 factum

40 918 101 960 est
121 916 245 958 fuerit
266 916 534 958 uindicatum.
580 916 676 969 opto
698 927 790 965 uOS,
812 915 959 958 fratres
989 915 1215 967 carissimi,
1248 929 1409 970 semper
1438 916 1538 958 bene

12 986 186 1032 oualere.

463 1201 959 1274 EPISTVLA
1008 1202 1103 1274 IL

312 1359 634 1396 CYPRIANVS
666 1360 953 1396 EVCRATIO
987 1360 1202 1395 FRATRI
1237 1360 1270 1394 S.

97 1510 175 1553 Pro
197 1510 416 1553 dilectione
433 1511 504 1552 tua
521 1512 562 1552 et
579 1510 823 1552 uerecundia
839 1511 985 1552 mutua
1002 1510 1295 1552 consulendum
1315 1522 1380 1552 me
1397 1509 1539 1552 existi·
1559 1513 1574 1553 l

43 1579 175 1630 masa,
208 1578 334 1621 frater
354 1579 576 1631 carissime,
599 1579 698 1633 quid
719 1580 822 1621 mihi
844 1579 1033 1621 uideatur
1058 1580 1107 1621 de
1128 1579 1325 1621 histrione
1347 1579 1537 1633 quodam,

45 1648 112 1704 qui
126 1648 232 1701 apud
248 1660 320 1690 uos
337 1648 587 1690 constitutus
604 1649 646 1690 in
663 1648 845 1690 eiusdem
861 1648 991 1690 adhuc
1007 1649 1108 1690 artis
1124 1661 1220 1690 suae
1238 1648 1431 1690 dedecore
1448 1661 1540 1701 per-

44 1717 198 1761 seuerat
219 1718 259 1758 et
280 1717 478 1772 magister
499 1718 540 1759 et
561 1717 701 1759 doctor
722 1730 801 1759 non
822 1716 1135 1758 erudiendorum
1153 1716 1223 1758 sed
1240 1716 1540 1770 perdendorum

43 1797 255 1841 puerorum
276 1786 318 1827 id
340 1786 447 1839 quod
475 1786 584 1828 male
612 1785 758 1827 didicit
787 1786 933 1828 ceteris
964 1799 1123 1840 quoque
1144 1785 1339 1835 insinuat,
1372 1798 1422 1826 an
1443 1785 1541 1827 talis

46 1853 187 1898 debeat
208 1855 506 1897 communicare
527 1855 762 1908 nobiscum,
794 1856 901 1908 quod
930 1856 1028 1908 puto
1057 1866 1130 1910 ego
1152 1866 1225 1897 nec
1245 1854 1454 1896 maiestati
1476 1854 1541 1896 di-

89 2026 108 2061 1
132 2027 300 2071 tutorem]
326 2029 503 2061 auctorem
536 2027 564 2062 C
631 2027 652 2061 2
678 2027 757 2072 non]
785 2029 821 2061 et
846 2038 912 2061 non
944 2027 986 2062 (7¹
1064 2038 1131 2071 quo
1162 2027 1191 2072 Q
1261 2026 1336 2071 fiat]
1364 2026 1473 2060 fat-iat
1497 2026 1542 2060 M

31 2081 124 2127 ⁴(fiat
152 2083 195 2128 Q)
279 2084 300 2117 3
324 2075 386 2118 aut
412 2084 607 2129 deprecatio
632 2095 697 2118 om.
724 2085 770 2128 P,
797 2086 859 2118 aut
883 2084 1060 2129 delegatio
1084 2085 1113 2119 C
1191 2085 1227 2118 in
1253 2084 1391 2119 nornine
1416 2083 1455 2118 F

45 2139 283 2185 frequentetur
307 2153 371 2177 om.
391 2143 427 2177 P
494 2142 517 2176 4
542 2142 773 2177 sacerdotium
805 2143 847 2177 0ι
925 2143 1157 2177 necessarium
1188 2142 1233 2178 0¹
1317 2143 1338 2177 6
1363 2142 1468 2176 alteri
1495 2142 1540 2185 L,

47 2196 155 2233 altare
185 2198 214 2234 C
308 2199 382 2233 eius
407 2210 473 2234 om.
499 2200 528 2234 C
610 2202 794 2233 euacantes
826 2200 875 2243 N,
909 2201 1074 2234 uocantes
1105 2199 1146 2234 0¹
1249 2199 1443 2234 saeculares
1467 2210 1542 2234 mo-

46 2253 163 2290 lestias
196 2255 363 2301 LNPQv
455 2256 475 2290 7
501 2258 622 2290 euocet
646 2256 685 2290 F
773 2257 795 2291 8
820 2256 895 2302 fiat]
934 2256 1044 2291 faciat
1069 2256 1140 2302 FQ
1233 2257 1338 2302 circa]
1377 2267 1459 2302 erga
1497 2267 1542 2292 ex

46 2312 136 2347 tem
163 2312 193 2348 G
259 2312 366 2358 quod]
384 2312 556 2357 quidquid
581 2324 626 2348 ex·
651 2313 734 2358 quid
758 2314 788 2349 C
853 2314 875 2348 9
898 2315 980 2359 opto
1002 2340 1009 2347 .
1026 2341 1031 2346 .
1048 2340 1056 2347 .
1077 2313 1194 2348 ualere
1211 2324 1275 2348 om.
1296 2314 1387 2349 LN¹
1464 2314 1542 2359 uos]

46 2370 82 2414 te
103 2369 172 2415 PQ
241 2371 350 2405 frater
376 2370 445 2415 PQ
515 2370 694 2405 carissime
724 2370 763 2415 Q,
795 2371 974 2405 karissimi
998 2371 1035 2405 in
1059 2362 1126 2405 dffo
1156 2370 1192 2406 C.
1220 2391 1260 2395 —
1286 2370 1341 2405 Ad
1360 2371 1489 2406 clerum
1507 2373 1543 2405 et

46 2425 178 2472 plebem
202 2428 352 2472 (plebem
377 2430 413 2462 et
437 2428 569 2462 clerum
585 2428 641 2472 N)
667 2428 708 2462 de
733 2428 873 2463 Victore
898 2429 959 2473 qui
985 2428 1194 2462 Faustinum
1218 2427 1461 2474 presbyterum
1485 2430 1542 2462 tu·

46 2483 155 2520 torem
178 2485 376 2519 nominauit
401 2485 544 2530 explicit
560 2485 744 2531 FLNPQ
769 2486 854 2530 (nisi
870 2485 965 2530 quod
982 2486 1018 2520 P
1038 2486 1137 2520 esch.-
1164 2485 1318 2530 Explicit
1342 2485 1386 2520 ad
1412 2485 1540 2520 clerum

46 2541 136 2586 aa),
161 2541 314 2587 Explicit
346 2543 381 2578 C.
409 2562 449 2568 —

90 2596 200 2643 Epist.
226 2599 274 2634 11.
293 2620 335 2624 —
355 2599 487 2645 Incipit
512 2600 555 2634 ad
580 2600 786 2634 Eucratium
805 2601 1013 2645 (cucracium
1039 2600 1085 2642 P,
1116 2599 1318 2645 eugratium
1350 2599 1379 2644 Q
1404 2603 1436 2633 e!
1460 2610 1539 2643 sup.

88 2656 234 2691 cratium
272 2657 319 2691 M
347 2668 390 2691 m.
416 2659 454 2701 2)
492 2657 533 2691 de
568 2658 740 2692 histrione
773 2658 933 2699 (istrione
971 2657 1125 2692 feliciter
1163 2657 1204 2699 C)
1248 2655 1471 2701 GLNPQR.
1498 2675 1540 2681 —

50 2709 93 2746 12
114 2714 271 2759 eugratio
302 2714 342 2760 Q,
377 2716 413 2749 et
437 2714 591 2749 eucratio
616 2715 658 2757 C,
692 2714 873 2750 euchratio
896 2725 918 2749 v
988 2714 1031 2749 13
1055 2714 1131 2759 tua]
1165 2715 1288 2748 mutua
1312 2725 1333 2748 v
1405 2713 1539 2757 mutua]

131 2780 152 2805 v
229 2771 271 2806 14
303 2762 407 2815 quod'
427 2772 468 2807 C·
546 2771 687 2806 uidetur
715 2772 744 2806 Ο
827 2772 973 2807 istrione
1005 2771 1068 2807 CL
1153 2769 1340 2815 quomdam
1358 2770 1403 2811 L,
1431 2781 1539 2815 quon·

142 2826 206 2863 CR
276 2829 319 2863 15
345 2828 405 2872 qui
430 2839 496 2863 om.
519 2829 548 2863 C
609 2830 650 2864 17
676 2829 767 2874 quod
792 2839 857 2864 om.
881 2829 910 2864 C
972 2827 1113 2872 didicit]
1132 2827 1254 2862 dicunt
1272 2827 1302 2862 G
1358 2827 1541 2862 insinuant

54 2880 116 2919 GR
183 2885 239 2930 an]
265 2885 294 2919 si
323 2886 389 2920 Cs.
407 2886 428 2920 l.
445 2889 528 2922 mx>
613 2887 656 2922 18
681 2885 772 2930 quod
795 2896 862 2922 om.
880 2897 901 2921 v

1172 2942 1266 2983 30*
