1838 3152
585 253 818 297 Epistulae
845 253 988 288 LXXI.
1016 265 1042 289 0.
1070 256 1166 292 1-3.
1535 260 1614 301 773

128 357 330 410 inponere,
353 357 399 397 ut
420 356 516 409 quia
537 357 625 398 ouis
648 357 730 398 iam
753 356 898 407 fuerat,
922 357 1024 399 hanc
1045 370 1163 400 ouem
1187 359 1422 414 abigeatam
1444 363 1483 403 et
1506 373 1614 403 erra—

124 423 303 465 bundam
326 424 367 464 in
390 424 498 466 011110
521 438 641 466 suum
662 426 800 478 pastor
821 425 1004 477 recipiat.
1028 426 1061 466 si
1084 427 1221 468 autem
1243 428 1312 480 qui
1331 428 1381 469 ab
1398 429 1614 471 haereticis

123 491 236 532 uenit
265 491 497 544 baptizatus
519 493 561 534 in
583 493 751 535 ecclesia
778 493 891 546 prius
921 506 999 534 non
1021 493 1113 544 fuit,
1145 496 1213 536 sed
1239 496 1395 538 alienus
1417 497 1457 539 in
1480 499 1613 539 totum

122 561 163 601 et
179 559 371 613 profanus
394 561 522 611 uenit,
547 561 816 614 baptizandus
838 562 900 603 est
924 563 970 603 ut
991 561 1081 603 ouis
1102 562 1187 612 fiat,
1211 564 1308 616 quia
1329 577 1408 606 una
1429 566 1491 606 est
1512 578 1613 618 aqua

93 648 106 670 ε
125 628 166 669 111
187 628 356 670 ecclesia
387 630 529 671 sancta
558 642 659 682 quae
687 641 782 671 oues
811 628 950 671 faciat.
985 630 1025 671 et
1045 629 1195 671 idcirco
1225 632 1321 684 quia
1350 632 1452 674 nihil
1482 635 1616 686 potest

122 708 208 738 esse
245 708 460 739 commune
497 698 707 740 mendacio
737 699 778 739 et
799 697 982 747 ueritati,
1019 698 1200 740 tenebris
1229 700 1269 740 et
1290 700 1383 753 luci,
1421 701 1543 743 morti
1575 703 1615 743 et

122 766 427 816 inmortalitati,
450 766 690 808 antichristo
707 767 748 808 et
760 765 934 816 Christo,
958 779 1029 820 per
1049 767 1187 808 omnia
1207 768 1402 809 debemus
1424 769 1615 811 ecclesiae

122 834 346 875 catholicae
369 834 571 876 unitatem
593 836 730 876 tenere
748 847 819 876 nec
837 834 877 875 in
895 834 1032 887 aliquo
1049 834 1144 876 fidei
1158 836 1199 877 et
1216 836 1408 878 ueritatis
1429 837 1615 879 hostibus

122 902 271 944 cedere.

76 992 109 1017 10
179 971 269 1012 Non
301 971 362 1012 est
394 972 534 1012 autem
556 971 606 1012 de
627 972 918 1014 consuetudine
949 972 1321 1025 praescribendum,
1358 973 1429 1014 sed
1460 974 1654 1016 ratione3

122 1038 381 1080 uincendum.
422 1052 517 1081 nam
548 1051 622 1081 nec
644 1039 792 1081 Petrus
825 1053 944 1093 quem
980 1041 1163 1094 primum
1183 1041 1384 1082 Dominus
1415 1043 1542 1097 elegit
1574 1045 1613 1084 et

121 1119 242 1161 super
272 1120 393 1160 quem
424 1107 659 1149 aedificauit
688 1108 899 1150 ecclesiam
932 1122 1065 1159 suam,
1099 1121 1192 1150 cum
1222 1122 1360 1151 secum
1382 1110 1537 1152 Paulus
1566 1111 1615 1152 de

121 1176 425 1217 circumcisione
465 1176 728 1230 postmodum
768 1177 1028 1230 disceptaret,
1075 1177 1306 1219 uindicauit
1342 1178 1421 1219 sibi
1458 1179 1615 1232 aliquid

121 1244 341 1286 insolenter
375 1246 447 1286 aut
481 1245 727 1299 adroganter
762 1245 1006 1299 adsumpsit,
1044 1247 1090 1287 ut
1125 1245 1278 1288 diceret
1314 1258 1356 1288 se
1391 1247 1615 1300 primatum

75 1333 106 1357 15
130 1315 268 1356 tenere
289 1315 329 1355 et
350 1314 620 1366 obtemperari
642 1327 665 1356 a
687 1314 862 1356 nouellis
883 1316 923 1355 et
944 1314 1117 1368 posteris
1147 1315 1225 1356 sibi
1254 1315 1390 1367 potius
1419 1316 1614 1368 oportere,

119 1398 191 1428 nec
221 1384 402 1437 despexit
424 1383 602 1424 Paulum
623 1382 730 1435 quod
752 1382 944 1425 ecclesiae
966 1383 1080 1436 prius
1101 1384 1334 1436 persecutor
1355 1383 1513 1434 fuisset,
1545 1385 1614 1426 sed

119 1454 338 1496 consilium
374 1451 562 1493 ueritatis
598 1450 768 1493 admisit
801 1453 841 1492 et
874 1451 1021 1493 rationi
1058 1451 1267 1506 legitimae
1306 1464 1427 1504 quam
1462 1452 1615 1494 Paulus

119 1521 355 1563 uindicabat
387 1519 507 1561 facile
539 1519 755 1569 consensit,
788 1519 1085 1561 documentum
1117 1519 1274 1561 scilicet
1305 1520 1423 1562 nobis
1451 1522 1492 1562 et
1522 1533 1615 1563 con-

119 1590 278 1632 cordiae
295 1589 336 1630 et
352 1588 574 1642 patientiae
590 1588 787 1641 tribuens,
812 1588 954 1634 utnon
970 1587 1235 1641 pertinaciter
1255 1588 1394 1629 nostra
1415 1600 1614 1638 amemuS,

72 1676 107 1702 20
122 1659 193 1700 sed
214 1670 316 1711 quae
337 1656 555 1710 aliquando
577 1669 600 1698 a
617 1656 815 1698 fratribus
836 1657 877 1698 et
898 1655 1066 1711 collegis
1087 1656 1236 1697 nostris
1258 1656 1420 1698 utiliter
1441 1658 1482 1698 et
1503 1656 1614 1698 salu-

119 1726 248 1768 briter
281 1726 570 1780 suggeruntur,
606 1725 639 1766 si
661 1724 745 1766 sint
774 1737 869 1766 uera
891 1726 931 1766 et
953 1724 1154 1780 legitima,
1192 1724 1273 1766 ista
1306 1725 1443 1779 potius
1476 1727 1615 1767 nostra

119 1795 330 1837 ducamus.
368 1794 433 1835 cui
470 1793 528 1835 rei
560 1793 715 1834 Paulus
752 1805 909 1846 quoque
946 1793 1194 1847 prospiciens
1233 1795 1273 1835 et
1305 1795 1538 1836 concordiae
1575 1796 1613 1836 et

119 1863 209 1917 paci
231 1862 408 1904 fideliter
424 1861 634 1903 consulens
651 1861 693 1902 111
710 1861 887 1914 epistula
906 1873 979 1903 sua
996 1861 1133 1915 posuit
1150 1862 1307 1904 dicens:
1331 1862 1614 1916 prophetae

255 2022 299 2055 23
324 2021 341 2055 I
367 2020 444 2056 Cor.
472 2021 524 2061 14,
553 2021 606 2054 29.
633 2021 688 2054 30.

189 2172 207 2205 1
226 2171 315 2205 113ῃο
332 2181 431 2205 ouem
450 2180 514 2204 om.
536 2170 581 2209 B,
599 2169 687 2203 hanc
706 2179 806 2203 onem
830 2169 862 2203 T
1070 2167 1287 2213 abigeiatam
1308 2168 1414 2203 BPT
1418 2170 1427 2187 ¹
1437 2169 1475 2210 V,
1493 2168 1616 2214 abige-

119 2230 230 2263 latam
250 2229 296 2264 N.
324 2227 499 2262 abiectam
516 2226 614 2266 LT²‚
639 2225 876 2260 abalienatam
902 2225 961 2266 Cv,
988 2225 1236 2270 longe-lateque
1254 2226 1299 2259 H
1501 2228 1537 2260 et
1559 2237 1613 2260 ra-

119 2285 236 2321 buuda
255 2285 290 2319 B
403 2285 425 2319 2
442 2284 612 2328 receperit
631 2294 675 2317 ea:
692 2283 824 2326 reecpit
852 2283 882 2318 C
1000 2283 1022 2316 3
1040 2282 1272 2327 baptizandus
1291 2283 1335 2317 T¹
1459 2283 1480 2317 4
1498 2282 1614 2328 bapti-

118 2342 248 2377 zandus
277 2342 343 2386 est]
373 2341 631 2386 paenitentiam
663 2339 839 2383 baptismo
873 2339 1107 2384 baptizandus
1137 2341 1190 2373 est
1225 2340 1268 2381 B,
1299 2339 1501 2384 baptizatur
1530 2340 1572 2374 H

118 2400 213 2444 quia]
233 2399 294 2443 qui
312 2399 347 2433 B
518 2399 540 2432 8
557 2396 701 2441 aliquod
724 2398 753 2433 C
759 2399 767 2415 ¹
948 2397 970 2432 9
987 2396 1142 2431 „cedere
1162 2397 1193 2430 T
1207 2396 1249 2430 de
1266 2407 1293 2431 s.
1311 2397 1331 2431 l.
1513 2396 1556 2431 10
1571 2396 1613 2431 do:

117 2467 183 2491 om.
206 2456 240 2490 P
404 2454 693 2490 consuetudinem
712 2455 748 2489 B
915 2453 1199 2501 perscribendum
1222 2454 1276 2496 C¹,
1296 2453 1514 2488 scribendum
1534 2453 1569 2488 B

119 2515 160 2549 11
178 2514 314 2559 primus
332 2513 367 2548 B
498 2513 540 2547 12
557 2523 660 2557 super
676 2523 780 2557 quem
798 2512 831 2547 L
847 2522 874 2547 s.
894 2515 913 2547 l.
933 2523 977 2546 m.
995 2515 1018 2548 2
1144 2522 1222 2546 cum
1239 2522 1303 2546 om.
1329 2511 1358 2547 C
1484 2512 1527 2546 13
1543 2511 1614 2545 dis-

118 2571 288 2615 ceptaret]
307 2570 502 2604 decertaret
520 2570 564 2604 H
718 2571 753 2603 et
771 2568 969 2603 uindicaret
992 2569 1023 2603 T
1174 2568 1257 2613 sibi]
1277 2568 1332 2602 sui
1353 2568 1383 2603 G
1398 2579 1418 2602 11
1438 2569 1476 2602 in
1495 2578 1567 2602 ras.

121 2629 163 2663 14
181 2628 312 2663 diceret
331 2638 375 2661 επ
392 2626 587 2661 discederet
611 2627 641 2661 T
777 2626 820 2660 15
836 2628 957 2660 tencre
974 2628 1009 2660 et
1027 2637 1071 2660 ex
1089 2627 1226 2659 teneret
1246 2625 1279 2659 T
1407 2625 1447 2658 17
1467 2624 1613 2658 admisit

118 2688 154 2720 et
171 2685 317 2728 rationi]
337 2684 641 2718 administrationi
660 2684 688 2718 G
841 2684 883 2716 18
901 2682 1078 2717 consentit
1101 2683 1129 2717 C
1280 2681 1515 2716 docimentum
1536 2681 1570 2715 P

118 2743 161 2777 19
178 2742 386 2787 patientiae]
406 2741 620 2785 penitentiae
642 2741 673 2774 Τ
838 2740 879 2774 21
900 2741 1108 2784 suggeretur
1128 2739 1159 2772 T
1165 2741 1172 2756 ¹
1340 2738 1421 2782 ista]
1440 2740 1475 2772 ct
1494 2738 1563 2771 ista
1587 2738 1617 2772 T

118 2799 179 2833 sed
197 2801 232 2833 et
250 2809 273 2833 s.
294 2799 329 2842 l.,
349 2798 425 2843 ipsa
449 2797 539 2833 CHv
642 2798 687 2832 22
703 2797 860 2831 dicamus
880 2797 923 2836 Β,
942 2796 1197 2840 amplectamur
1218 2795 1247 2830 C
1263 2796 1301 2829 in
1321 2806 1391 2828 ras.
1492 2794 1545 2829 cui
1564 2795 1611 2828 rci

119 2867 184 2891 om.
209 2856 238 2891 C
376 2856 410 2887 ct
429 2853 644 2899 concordiae]
664 2872 697 2887 μ
715 2853 918 2889 concordiae
942 2854 971 2888 C
1107 2853 1151 2886 23
1168 2852 1325 2886 consules
1349 2853 1393 2886 T·
