1912 3152
698 221 876 256 restim.
904 220 972 262 111,
998 220 1060 258 20.
1547 224 1626 266 137

126 341 220 371 cum
241 326 463 369 secundum
484 324 832 378 tranquillitatem
853 325 970 366 tuam
1001 314 1043 366 et
1064 325 1287 367 secundum
1309 326 1627 379 amplitudinem

128 394 431 439 misericordiae
451 395 557 436 tuae.
599 394 662 435 Et
691 394 899 435 iterum:
932 395 987 436 Et
1008 406 1076 436 rex
1096 394 1357 436 uehementer
1377 395 1544 449 gauisus
1566 397 1628 438 est

128 466 169 507 et
189 464 310 506 iussit
337 463 549 506 Danielem
581 462 630 504 de
660 462 751 504 lacu
781 463 944 505 leonum
976 463 1071 513 eici,
1104 463 1145 504 et
1175 462 1280 504 nihil
1311 463 1375 504 illi
1405 465 1630 506 nocuerunt

128 533 275 583 leones,
297 533 393 586 quia
408 532 636 575 confidebat
651 532 692 573 et
708 532 899 574 credebat
915 532 1000 573 Deo
1018 543 1102 572 suo.
1127 532 1168 573 et
1189 531 1309 572 iussit
1331 544 1421 573 rex:
1442 533 1483 574 et
1503 533 1630 574 duxe-

81 618 96 643 5
125 603 222 645 runt
242 602 336 644 illos
372 601 555 643 homines
584 602 653 655 qui
682 602 971 643 accusauerant
1000 600 1215 643 Danielem
1245 602 1287 642 et
1309 601 1509 643 miserunt
1536 602 1631 643 illos

126 672 170 714 in
191 672 282 713 lacu
303 671 466 712 leonum
487 672 529 712 et
551 682 692 712 uxores
714 681 853 712 eorum
870 671 911 712 et
926 670 1042 711 natos
1059 682 1210 713 eorum.
1243 671 1284 711 et
1301 671 1521 724 antequam
1537 683 1630 725 per-

128 740 316 782 uenirent
345 739 388 780 in
419 738 703 792 pauimentum
734 739 866 788 lacus,
913 739 1155 792 adprehensi
1194 739 1291 781 sunt
1321 752 1345 781 a
1375 740 1560 782 leonibus
1591 741 1631 782 et

126 808 263 849 omnia
283 819 374 850 ossa
394 819 531 850 eorum
555 807 877 849 conminuerunt.
900 808 998 849 tunc
1019 808 1168 849 Darius
1190 821 1259 850 rex
1280 808 1467 862 scripsit:
1499 808 1633 851 omni-

127 877 204 918 bus
225 877 439 931 gentibus,
471 876 682 928 tribubus,
714 876 889 932 linguis,
912 877 983 930 qui
1005 878 1102 919 sunt
1123 878 1166 919 in
1186 889 1311 932 regno
1333 890 1446 919 meo:
1478 890 1554 931 pax
1576 878 1632 920 sit

80 958 114 983 ιο
126 947 338 989 uobiscum
369 959 393 987 a
423 945 524 987 facie
554 958 656 987 mea.
705 957 846 987 censeo
877 958 950 1000 ego
985 947 1029 988 ut
1059 958 1198 988 omnes
1229 946 1299 1000 qui
1328 947 1489 988 suntin
1510 958 1633 1001 regno

126 1027 215 1057 meo
236 1015 319 1056 sint
339 1014 533 1056 timentes
555 1015 596 1056 et
616 1015 837 1056 trementes
853 1015 987 1056 Deum
1010 1027 1221 1056 summum
1242 1015 1308 1057 cui
1325 1015 1453 1057 seruit
1470 1015 1631 1066 Daniel,

127 1083 223 1136 quia
243 1083 329 1136 ipse
350 1084 412 1125 est
433 1083 544 1125 Deus
566 1083 687 1125 uiuus
710 1084 751 1125 et
772 1085 984 1137 permanet
1006 1084 1048 1125 in
1069 1084 1248 1135 saecula,
1282 1085 1322 1126 et
1350 1097 1524 1139 regnum
1545 1084 1633 1126 eius

129 1164 207 1194 non
228 1152 445 1204 transibit,
477 1153 518 1195 et
547 1153 770 1195 dominatio
812 1153 899 1194 eius
940 1153 983 1194 in
1022 1154 1267 1207 perpetuum
1308 1153 1561 1204 ambulabit,
1594 1155 1636 1196 et

131 1221 268 1263 saluos
303 1221 426 1264 faciet
461 1223 502 1263 et
538 1221 639 1263 facit
675 1222 793 1276 signa
830 1223 870 1263 et
906 1221 1094 1277 prodigia
1130 1223 1171 1263 et
1199 1221 1407 1263 mirabilia
1444 1222 1487 1263 in
1525 1223 1636 1265 caelo

90 1302 121 1327 1⁵
136 1291 176 1332 et
198 1290 240 1331 in
258 1291 386 1341 terra,
418 1291 488 1344 qui
509 1291 660 1344 eripuit
681 1290 897 1332 Danielem
918 1291 968 1332 de
989 1290 1080 1332 lacu
1101 1290 1279 1332 leonum.
1313 1291 1444 1332 Item
1474 1290 1524 1332 in
1554 1291 1639 1333 Mi-

135 1360 309 1402 chaea:
331 1360 379 1402 In
400 1373 479 1413 quo
501 1360 699 1413 adsequar
713 1360 936 1401 Dominum
960 1360 1000 1401 et
1020 1359 1322 1413 adprehendam
1343 1359 1479 1401 Deum
1499 1372 1639 1402 meum

132 1428 365 1470 sublimem.
398 1429 433 1470 si
455 1429 756 1482 adprehendam
777 1428 899 1470 illum
920 1429 963 1470 in
983 1428 1214 1478 sacrificiis,
1247 1428 1289 1470 in
1310 1428 1638 1471 holocaustoma-

130 1497 207 1548 tis,
239 1497 281 1539 in
311 1497 458 1540 uitulis
489 1498 710 1548 anniculis,
755 1497 790 1538 si
820 1499 985 1550 accepto
1016 1496 1130 1539 fauet
1160 1497 1363 1539 Dominus
1394 1497 1437 1539 in
1467 1497 1637 1539 milibus

131 1566 307 1608 arietum
329 1568 401 1608 aut
421 1567 463 1608 in
485 1567 625 1609 decem
646 1566 818 1608 milibus
839 1579 1053 1619 caprarum
1073 1566 1306 1621 pinguium,
1330 1566 1402 1608 aut
1423 1566 1528 1609 dabo
1550 1566 1636 1620 pri-

83 1635 279 1678 mmitiua
307 1648 398 1677 mea
428 1635 655 1689 impietatis
687 1635 870 1677 fructum
900 1635 1057 1677 uentris
1088 1635 1190 1685 mei,
1222 1636 1438 1688 peccatum
1469 1635 1631 1678 animae

127 1716 252 1746 meae.
275 1704 556 1746 renuntiatum
578 1705 640 1746 est
661 1704 760 1755 tibi,
793 1704 934 1754 homo,
967 1704 1074 1757 quod
1095 1703 1249 1745 bonum
1269 1704 1341 1745 aut
1362 1703 1462 1757 quid
1482 1703 1628 1746 Domi-

126 1786 202 1815 nus
232 1774 417 1827 exquirat
447 1774 560 1815 aliud
590 1773 671 1816 nisi
692 1774 739 1815 ut
759 1773 886 1815 facias
907 1773 1107 1814 iudicium
1128 1774 1169 1814 et
1191 1772 1400 1814 iustitiam
1422 1773 1462 1814 et
1483 1772 1634 1828 diligas

127 1842 449 1884 misericordiam
477 1844 518 1884 et
547 1844 715 1896 paratus
751 1843 808 1885 sis
839 1844 885 1884 ut
916 1855 984 1884 eas
1006 1855 1099 1884 cum
1120 1841 1297 1885 Domino
1318 1842 1402 1883 Deo
1425 1842 1508 1884 tuo.
1561 1853 1639 1883 uox

127 1911 294 1953 Domini
315 1912 357 1952 in
378 1911 550 1953 ciuitate
571 1912 850 1961 inuocabitur‚
884 1913 925 1953 et
945 1912 1139 1953 timentes
1161 1923 1308 1952 nomen
1329 1910 1415 1952 eius
1438 1910 1630 1952 saluabit.

81 1980 259 2022 2⁵Item
291 1980 340 2022 in
371 1980 621 2022 Michaea:
673 1981 799 2022 Pasce
821 1980 1018 2034 populum
1039 1981 1159 2022 tuum
1192 1979 1234 2021 in
1262 1979 1380 2034 uirga
1409 1979 1507 2030 tua,
1540 1990 1636 2021 oues

265 2129 289 2164 2
315 2129 403 2163 Dan.
424 2128 457 2170 6,
479 2128 638 2165 24—28.
716 2128 762 2164 16
788 2128 894 2163 Mieh.
916 2129 950 2169 6,
969 2128 1075 2166 5—9.
1149 2128 1200 2166 25
1225 2127 1335 2162 Mich.
1354 2128 1389 2168 7,
1410 2126 1569 2164 14—18.

200 2254 219 2290 1
247 2254 567 2299 tranquillitatem]
603 2255 882 2289 misericordiam
913 2255 964 2290 W
1113 2254 1398 2300 amplitudinem]
1433 2253 1639 2289 multitudi-

129 2321 206 2345 nem
225 2322 246 2346 v
316 2312 339 2348 2
358 2314 440 2346 tuae
458 2312 569 2346 libera
586 2323 647 2346 nos
664 2325 685 2347 v
756 2314 792 2347 et
811 2313 953 2358 iterum]
973 2314 1057 2347 item
1078 2313 1153 2347 illic
1170 2324 1191 2348 v
1262 2313 1285 2348 3
1303 2312 1509 2347 danihelum
1527 2311 1576 2346 W

130 2368 196 2404 eiv
265 2368 290 2405 4
314 2369 511 2403 crediderat
530 2370 566 2403 in
583 2382 602 2405 v
672 2369 912 2414 perduxerunt
929 2381 949 2404 v
1036 2371 1059 2408 5
1087 2360 1275 2404 accusauc}
1292 2369 1499 2404 danihclum
1522 2369 1572 2404 W

128 2424 152 2461 6
178 2425 256 2460 lacu
275 2426 340 2461 W²
433 2426 456 2462 9
483 2426 599 2461 tribus
618 2428 682 2462 JV·
768 2429 804 2462 et
822 2428 957 2472 linguis
976 2439 1063 2471 quae
1080 2439 1120 2471 2·;
1139 2428 1207 2471 cfr.
1228 2427 1348 2462 LXX
1432 2427 1481 2463 10
1505 2427 1581 2472 ego]
1601 2428 1639 2461 et

127 2492 194 2527 ago
207 2494 227 2517 v
285 2483 324 2517 hi
338 2494 455 2518 ornnes
474 2496 493 2519 v
555 2485 601 2520 11
621 2495 795 2519 summum
810 2484 911 2519 deum
926 2495 945 2519 v
1008 2485 1055 2522 12
1073 2484 1234 2520 dominus
1248 2497 1269 2520 υ
1328 2495 1536 2530 permanens
1550 2496 1570 2519 v

129 2539 178 2576 13
204 2539 403 2574 ambulabit
430 2542 582 2585 scripsi,
609 2541 816 2576 ambulabat
839 2543 903 2583 W,
930 2541 1091 2576 ambulat
1107 2554 1128 2578 v
1257 2542 1305 2578 14
1331 2542 1448 2576 saluos
1466 2542 1574 2575 faciet
1591 2542 1639 2586 ct]

127 2595 223 2631 solus
240 2608 261 2631 v
368 2600 404 2631 et
421 2599 521 2642 (ante
540 2598 632 2643 mir.)
650 2610 714 2633 mn.
737 2599 787 2633 W
897 2600 945 2637 15
963 2598 1169 2634 danihelum
1189 2599 1240 2633 W
1335 2600 1509 2633 micheam
1522 2599 1573 2633 W

129 2652 178 2689 16
196 2653 313 2688 deum.
330 2682 337 2688 .
353 2655 390 2689 .l.
406 2658 450 2690 17
462 2655 720 2700 adprehendam
734 2668 797 2690 om.
814 2667 834 2691 v
886 2657 931 2693 19
951 2656 1119 2691 arietum.
1135 2683 1142 2690 .
1159 2656 1321 2691 ,milibus
1339 2667 1403 2690 om.
1421 2667 1441 2690 v
1502 2656 1549 2691 21
1569 2654 1639 2690 tibi

128 2712 184 2744 est
200 2722 220 2746 v
299 2711 397 2756 quid]
416 2712 506 2756 quod
526 2724 544 2747 v
615 2713 665 2749 22
691 2713 846 2758 exquirit
863 2725 883 2749 v
961 2714 1012 2750 24
1038 2714 1207 2759 saluabit]
1227 2714 1312 2749 add.
1335 2714 1396 2748 W:
1425 2713 1460 2747 in
1477 2712 1639 2747 oratione

130 2768 333 2802 ambacum:
358 2770 424 2803 dne
441 2770 605 2804 exaudiui
627 2770 753 2805 auditu
772 2773 874 2805 tuum
893 2773 928 2805 et
946 2771 1070 2805 timui:
1089 2771 1308 2805 consideraui
1327 2781 1431 2815 opera
1450 2772 1511 2804 tua
1529 2772 1565 2804 ct
1582 2781 1638 2804 cx-

131 2825 214 2868 paui
227 2825 262 2859 in
281 2825 394 2860 medio
411 2826 557 2860 duorum
575 2827 899 2871 animalium(IIab.
917 2831 951 2868 3,
964 2830 1006 2871 2)
1054 2828 1105 2865 25
1124 2828 1286 2862 michean
1297 2828 1345 2861 W
1400 2830 1499 2861 tuum
1515 2827 1638 2862 om.W
