1838 3152
0 241 2 300 i
621 244 831 288 Epistula
855 243 1126 278 LIIII.—LV.
1536 246 1619 288 625

173 349 376 401 Quoniam
397 351 536 390 tamen
558 348 676 389 uideo
698 351 789 401 post
810 347 986 400 primam
1018 348 1265 389 sententiam
1296 348 1499 401 epistulae
1526 349 1620 389 tuae
1634 351 1657 391 3

115 419 338 461 Nouatiani
369 417 522 459 litteris
553 417 815 470 postmodum
846 417 887 458 te
919 428 1005 458 esse
1035 419 1300 467 commotum,
1343 416 1462 467 illud,
1495 416 1621 459 frater

117 487 339 540 carissime,
387 486 519 539 primo
560 486 602 527 in
643 486 729 527 loco
774 496 877 538 pono
918 496 1063 539 graues
1105 484 1214 526 uiros
1255 487 1296 526 et
1336 484 1461 526 semel
1501 498 1622 539 super

117 558 275 610 petram
313 555 445 597 solida
482 554 712 596 stabilitate
751 553 944 595 fundatos
975 565 1053 594 non
1084 553 1173 594 dico
1205 566 1305 595 aura
1336 553 1418 594 leui
1450 554 1520 595 sed
1550 567 1624 595 nec

87 627 235 666 suento
272 626 344 665 aut
382 623 545 665 turbine
583 622 845 671 commoneri,
884 635 934 663 ne
974 621 1137 663 animus
1175 621 1327 663 dubius
1367 624 1408 663 et
1443 622 1624 664 incertus

117 693 244 736 uariis
293 692 551 746 opinionibus
597 691 712 732 uelut
757 690 1006 744 quibusdam
1054 692 1275 732 uentorum
1326 690 1625 732 incursantium

115 761 282 804 flatibus
323 760 555 813 frequenter
595 759 778 814 agitetur
819 760 860 800 et
895 772 919 801 a
948 759 1156 811 proposito
1198 771 1270 800 suo
1314 771 1408 800 cum
1448 760 1626 812 quadam

116 830 302 872 leuitatis
348 828 656 883 reprehensione
702 828 898 869 mutetur.
947 827 1055 881 quod
1093 839 1143 869 ne
1181 828 1290 881 apud
1328 828 1370 868 te
1409 828 1477 869 uel
1518 827 1625 880 apud

115 911 363 952 quemquam
402 896 627 939 Nouatiani
671 896 837 937 litterae
878 895 1042 947 faciant,
1089 898 1137 938 ut
1178 895 1435 947 desiderasti,
1483 895 1623 946 frater,

72 985 105 1010 ιο
118 969 319 1010 rationem
341 967 396 1008 rei
419 966 496 1008 tibi
518 965 700 1007 breuiter
720 976 933 1018 exponam.
965 967 1007 1006 et
1028 964 1196 1017 quidem
1216 965 1412 1018 primum,
1435 965 1627 1018 quoniam

117 1037 166 1078 de
190 1048 280 1078 meo
311 1048 469 1088 quoque
500 1035 596 1076 actu
628 1034 766 1075 motus
798 1033 964 1084 uideris,
999 1046 1090 1075 mea
1121 1033 1230 1086 apud
1250 1035 1292 1075 te
1314 1034 1356 1075 et
1386 1045 1558 1087 persona
1587 1035 1628 1074 et

118 1118 239 1148 causa
275 1103 487 1158 purganda
518 1104 592 1153 est,
632 1116 682 1144 ne
712 1116 778 1143 me
817 1102 968 1155 aliquis
1004 1102 1215 1144 existimet
1245 1115 1268 1144 a
1298 1102 1506 1155 proposito
1537 1115 1628 1143 meo

118 1175 264 1216 leuiter
294 1173 520 1223 recessisse,
553 1173 594 1213 et
622 1184 717 1213 cum
749 1171 1035 1225 euangelicum
1066 1170 1251 1225 uigorem
1282 1171 1414 1224 primo
1447 1171 1489 1212 et
1518 1170 1628 1212 inter

118 1243 238 1287 initia
258 1241 524 1291 defenderim,
554 1240 816 1294 postmodum
837 1240 978 1281 uidear
998 1239 1180 1281 animum
1203 1252 1344 1281 meum
1365 1252 1389 1281 a
1409 1238 1629 1292 disciplina

74 1328 105 1352 15
120 1314 161 1355 et
182 1323 353 1354 censura
380 1310 513 1364 priore
543 1309 716 1359 flexisse,
748 1310 796 1350 ut
815 1309 880 1351 his
902 1309 971 1362 qui
1002 1308 1156 1350 libellis
1187 1308 1480 1350 conscientiam
1511 1320 1628 1350 suam

118 1380 420 1423 maculauerint
443 1379 510 1420 uel
532 1378 707 1420 nefanda
726 1377 926 1420 sacrificia
946 1376 1228 1419 commiserint
1248 1377 1467 1419 laxandam
1488 1390 1629 1431 pacem

118 1449 362 1503 putauerim.
402 1447 509 1501 quod
546 1449 766 1500 utrumque
805 1459 884 1488 non
922 1446 1009 1487 sine
1047 1445 1199 1488 librata
1229 1446 1301 1487 diu
1332 1447 1373 1488 et
1403 1445 1630 1499 ponderata

118 1518 275 1560 ratione
306 1530 329 1558 a
360 1529 425 1558 me
457 1516 614 1557 factum
647 1517 720 1557 est.

174 1587 282 1628 Nam
320 1599 415 1627 cum
452 1584 560 1627 acies
598 1584 731 1626 adhuc
769 1584 877 1625 inter
915 1596 1060 1625 manus
1092 1584 1199 1625 esset
1231 1584 1272 1624 et
1302 1583 1509 1636 proelium
1537 1583 1667 1638 glo-4

72 1669 106 1694 20
118 1655 215 1697 riosi
246 1654 482 1696 certaminis
512 1654 555 1695 in
585 1653 866 1706 persecutione
896 1651 1086 1702 ferueret,
1119 1653 1207 1694 toto
1237 1651 1406 1694 hortatu
1437 1653 1479 1694 et
1510 1652 1628 1705 pleno

120 1725 263 1777 inpetu
302 1723 487 1765 militum
526 1722 633 1764 uires
671 1722 837 1763 fuerant
868 1721 1107 1764 excitandae
1138 1722 1180 1763 et
1209 1721 1389 1763 maxime
1419 1721 1629 1775 lapsorum

119 1794 277 1836 mentes
309 1792 477 1834 classico
509 1791 685 1844 quodam
714 1792 878 1833 nostrae
908 1790 1021 1832 uocis
1053 1790 1309 1844 animandae,
1341 1790 1388 1831 ut
1417 1790 1630 1844 paeniten-

119 1861 203 1903 tiae
239 1861 352 1903 uiam
387 1874 466 1903 non
496 1860 629 1902 solum
659 1859 849 1913 precibus
881 1861 922 1901 et
952 1859 1319 1901 lamentationibus
1351 1860 1628 1912 sequerentur,

120 1931 190 1972 sed
219 1930 411 1983 quoniam
442 1929 651 1983 repetendi
682 1928 919 1971 certaminis
941 1929 982 1969 et
1003 1928 1250 1981 reparandae
1280 1927 1428 1969 salutis
1457 1927 1631 1969 dabatur

75 2011 107 2037 25
121 1999 289 2049 occasio,
335 1998 387 2040 ad
429 1998 691 2040 confessionis
735 1997 872 2050 potius
914 1996 1099 2038 ardorem
1140 1998 1182 2038 et
1222 1996 1413 2050 martyrii
1454 1996 1630 2051 gloriam

195 2182 217 2216 2
234 2181 376 2215 litteras
391 2181 425 2215 Β
518 2180 623 2214 illum
646 2181 689 2216 Ο·
791 2171 825 2214 ff
846 2168 921 2213 kmi
943 2178 973 2224 Q
1077 2180 1099 2213 3
1116 2189 1206 2223 pono
1223 2189 1289 2214 om.
1316 2179 1346 2224 Q
1437 2179 1461 2213 4
1477 2178 1629 2223 petram]

127 2239 309 2273 robustam
327 2238 410 2273 add.
434 2238 497 2273 CR
628 2239 650 2273 5
667 2239 743 2283 aut]
769 2240 805 2272 et
822 2237 892 2282 LQ
1022 2236 1078 2281 ne]
1104 2247 1167 2271 nec
1189 2236 1219 2272 G
1348 2237 1370 2271 6
1387 2235 1630 2281 opinionibus]

128 2296 317 2331 unionibus
336 2296 371 2330 Β
472 2296 490 2329 7
513 2298 549 2330 ct
566 2296 601 2340 a]
620 2307 641 2330 a
658 2296 693 2329 Β
787 2295 861 2339 suo]
881 2304 1017 2338 quoque
1040 2293 1070 2329 C
1162 2304 1239 2328 cum
1257 2304 1321 2329 om.
1347 2294 1376 2329 C
1475 2294 1498 2327 8
1514 2303 1630 2337 repre-

126 2353 270 2388 hesione
287 2354 322 2389 L
446 2354 501 2399 no]
519 2364 562 2388 ne
579 2353 637 2388 uel
661 2352 712 2398 Qv
837 2353 993 2386 alterum
1010 2351 1103 2396 apud
1120 2361 1186 2386 om.
1206 2351 1242 2385 Β
1365 2351 1386 2386 9
1403 2350 1629 2396 quemquam]

126 2410 301 2455 quendam
321 2411 351 2456 Q
456 2410 675 2445 desideranti
697 2412 727 2446 G
834 2409 957 2454 frater]
976 2408 1159 2443 carissime
1175 2408 1260 2443 add.
1280 2408 1376 2444 BRv
1484 2407 1530 2442 10
1546 2417 1632 2451 quo-

125 2468 236 2513 niam]
255 2467 423 2512 quoniam
441 2468 502 2512 qui
520 2468 556 2503 R
671 2468 715 2502 12
732 2467 898 2502 aestimet
916 2466 952 2501 B
1070 2466 1113 2500 13
1130 2466 1314 2510 euangelio
1336 2466 1366 2501 G
1472 2465 1631 2509 uigorem

126 2525 281 2570 primum
298 2526 343 2566 Β,
362 2525 475 2570 primo
495 2524 655 2569 uigorem
677 2525 707 2561 C
844 2526 881 2558 et
898 2534 963 2558 om.
984 2523 1056 2558 LB
1196 2523 1241 2557 14
1257 2533 1298 2557 ea
1314 2521 1423 2556 initia
1446 2521 1631 2556 defendere

127 2585 166 2618 in
183 2582 220 2616 Β
236 2582 298 2617 sed
316 2592 357 2616 ea
372 2592 399 2617 s.
416 2582 440 2616 l.
459 2593 503 2616 m.
519 2583 545 2616 2
646 2581 691 2616 ad
708 2581 937 2626 disciplinam
954 2583 991 2626 et
1008 2591 1192 2615 censuram
1210 2580 1362 2624 priorem
1379 2579 1533 2614 flectisse
1550 2578 1587 2613 B

131 2641 174 2674 15
190 2639 325 2684 prioret
346 2639 375 2675 C
382 2643 388 2660 ¹
525 2639 568 2674 16
581 2640 852 2674 maculauerunt
869 2639 903 2673 L
1018 2637 1208 2673 nefandam
1231 2638 1275 2673 0¹
1399 2635 1571 2670 sacrifitia
1587 2646 1633 2669 ex

127 2696 247 2741 gratia
269 2697 299 2733 C
435 2696 477 2730 17
495 2697 705 2741 putauerint
726 2696 756 2742 Q
888 2695 1043 2730 liberata
1065 2695 1108 2730 C¹
1249 2694 1291 2728 19
1308 2694 1403 2738 nam]
1421 2693 1532 2727 aliam
1550 2692 1587 2726 Β

128 2753 174 2788 20
198 2755 276 2788 tota
305 2754 333 2789 C
341 2757 347 2775 ¹
493 2753 713 2799 21‚imp1etu
742 2754 771 2789 C
778 2757 785 2775 ¹
932 2752 1079 2797 fuerunt
1100 2752 1129 2787 Ο
1266 2751 1311 2785 22
1335 2749 1487 2795 quodam
1512 2759 1579 2784 om.
1602 2748 1633 2793 Q

134 2811 226 2853 (exh.
254 2811 313 2854 M)
453 2810 596 2845 fortiter
620 2810 830 2846 animandae
858 2822 875 2845 v
987 2798 989 2802 ’
1020 2809 1064 2843 23
1091 2807 1266 2853 precibus]
1292 2809 1328 2842 et
1353 2805 1632 2852 allegationibus

129 2867 213 2902 adel.
234 2868 270 2902 B
363 2868 407 2902 24
425 2867 485 2901 sed
502 2879 568 2902 om.
588 2867 638 2903 13¹

266 2938 329 2967 111.
1301 2923 1358 2964 40
