1912 3152
653 233 831 269 Testim.
856 233 923 275 m,
950 233 1031 272 35--
1050 232 1110 270 39.
1556 231 1638 274 149

206 372 392 415 SERVVM
423 384 503 414 DEI
534 382 831 414 INNOCENTEM
862 382 966 412 ESSE
997 382 1179 412 DEBERE
1208 383 1269 412 NE
1299 381 1489 412 INCIDAT
1518 381 1568 411 m

620 451 807 481 POENAM
838 450 1150 481 SAECVLAREM.

191 522 394 564 Paulus
426 521 698 575 apostolus
729 520 785 562 ad
816 520 1083 562 Romanos:
1135 519 1209 560 Vis
1240 531 1320 560 non
1349 519 1496 561 timere
1524 519 1640 572 pote·
1655 525 1709 567 38

135 592 315 633 statem?
345 590 452 644 quod
472 591 625 632 bonum
648 591 710 631 est
730 589 813 639 fac,
847 589 887 631 et
907 588 1076 630 habebis
1097 587 1262 630 laudem
1285 600 1331 630 ex
1352 601 1410 630 ea.

106 695 119 719 ⁵
236 694 401 736 DATVM
432 703 566 735 NOBIS
597 703 702 734 ESSE
731 704 986 734 EXEMPLVM
1017 703 1211 733 VIVENDI
1241 703 1290 733 IN
1322 701 1527 733 CHRISTO.

191 774 245 816 In
276 774 507 828 epistula
528 773 672 816 Petri
703 773 928 827 apostoli
950 773 1009 815 ad
1031 772 1304 814 Ponticos:
1338 770 1526 813 Christus
1547 783 1642 826 pas·
1657 775 1712 816 3⁹

134 855 203 886 sus
224 844 287 886 est
305 854 378 896 pro
399 843 517 885 uobis
538 842 772 895 relinquens
793 841 911 884 uobis
933 841 1167 894 exemplum
1180 874 1189 891 ,
1222 842 1270 882 ut
1305 840 1533 894 sequamini
1570 853 1642 882 ue-

134 912 261 967 stigia
295 911 381 953 eius
413 911 483 964 qui
518 912 732 965 peccatum
758 922 838 951 non
867 909 984 960 feeit,
1015 921 1088 951 nee
1121 909 1239 951 dolus
1275 908 1467 950 inuentus
1503 909 1566 950 est
1600 909 1644 950 in

135 993 201 1022 ore
222 980 330 1023 eius:
363 980 547 1033 quicum
570 979 905 1029 malediceretur,
938 990 1019 1020 non
1047 977 1329 1029 remaledixit,
1361 990 1455 1020 cum
1485 979 1645 1031 patere-

91 1052 221 1099 mtur,
253 1061 332 1090 non
353 1048 610 1098 minabatur,
641 1047 833 1089 tradebat
853 1048 993 1089 autem
1027 1059 1069 1089 se
1098 1046 1227 1088 iudici
1255 1046 1456 1088 iudicanti
1477 1047 1642 1088 iniuste.

135 1119 270 1160 Item
300 1117 496 1159 Paulus
527 1116 795 1170 apostolus
826 1116 885 1157 ad
914 1115 1308 1168 Philippenses:
1349 1114 1428 1166 Qui
1449 1115 1492 1157 in
1512 1115 1645 1170 figura

135 1187 211 1229 Dei
246 1186 493 1228 constitutus
528 1197 607 1227 non
642 1185 828 1238 rapinam
863 1184 1088 1226 arbitratus
1132 1186 1194 1226 est
1225 1197 1312 1226 esse
1355 1197 1397 1226 se
1432 1184 1645 1238 aequalem

133 1256 239 1306 Dee,
272 1254 342 1297 sed
364 1267 406 1296 se
427 1253 655 1296 exinaniuit
690 1253 868 1296 formam
904 1253 1012 1295 serui
1049 1253 1274 1306 accipiens,
1307 1254 1350 1295 in
1372 1254 1646 1296 similitudine

134 1323 312 1366 hominis
333 1324 467 1365 factus
489 1324 530 1364 et
550 1322 695 1364 habitu
717 1323 911 1365 inuentus
942 1324 990 1365 ut
1017 1323 1151 1364 homo.
1185 1323 1427 1364 humiliauit
1448 1335 1491 1364 se
1511 1322 1645 1365 factus

90 1406 121 1430 15
135 1392 351 1434 oboediens
371 1404 499 1445 usque
520 1391 571 1433 ad
593 1392 790 1442 mortem,
813 1392 989 1434 mortem
1010 1392 1150 1433 autem
1172 1392 1317 1433 erucis.
1351 1393 1518 1445 propter
1538 1392 1646 1445 quod

134 1463 245 1504 Deus
267 1461 466 1503 exaltauit
487 1461 609 1502 illum
631 1461 672 1502 et
694 1460 863 1502 donauit
898 1461 964 1502 illi
999 1473 1168 1510 nomen,
1200 1462 1248 1502 ut
1285 1461 1340 1502 sit
1377 1473 1497 1514 super
1525 1472 1646 1502 omne

135 1542 301 1580 nomen,
324 1532 372 1572 ut
392 1530 436 1572 in
456 1530 619 1572 nomine
639 1530 733 1572 Iesu
755 1542 895 1572 omnes
916 1543 1026 1585 genu
1048 1531 1219 1573 curuent
1240 1530 1481 1572 caelestium
1502 1530 1544 1571 et
1564 1530 1648 1571 ter-

134 1600 329 1642 restrium
351 1600 391 1641 et
411 1598 663 1641 infernorum
694 1599 735 1640 et
770 1599 902 1641 omnis
933 1599 1076 1654 lingua
1097 1599 1355 1651 confiteatur,
1386 1599 1482 1652 quia
1501 1598 1647 1640 Domi-

134 1680 210 1710 nus
231 1668 346 1710 Iesus
367 1667 409 1709 in
431 1667 562 1723 gloria
583 1668 644 1709 est
665 1668 742 1710 Dei
763 1668 905 1722 patris.
936 1668 1066 1710 Item
1096 1669 1145 1711 in
1177 1668 1449 1723 euangelio
1471 1681 1520 1709 se
1533 1680 1647 1709 eun-

89 1748 121 1774 20
136 1737 248 1779 dum
279 1737 577 1779 Iohannem:
611 1736 653 1779 Si
675 1748 749 1792 ego
772 1737 857 1778 laui
888 1738 1012 1790 pedes
1033 1739 1192 1779 uestros
1229 1738 1430 1792 magister
1451 1738 1492 1779 et
1512 1737 1648 1779 domi-

136 1819 211 1848 nus
226 1839 235 1855 ‚
268 1807 309 1848 et
344 1818 416 1847 uos
438 1805 598 1848 debetis
635 1806 812 1848 aliorum
833 1806 955 1859 pedes
977 1806 1130 1857 lauare,
1163 1807 1399 1861 exemplum
1421 1807 1531 1848 enim
1553 1805 1648 1848 dedi

135 1874 272 1924 uobis,
303 1875 351 1916 ut
373 1874 479 1916 sicut
500 1886 574 1929 ego
596 1874 673 1916 feei
695 1875 736 1917 et
757 1887 829 1917 uos
850 1875 944 1917 aliis
965 1875 1141 1918 faciatis.

204 2023 226 2057 3
250 2022 349 2069 Rom.
368 2022 425 2064 13,
443 2023 474 2056 3.
592 2023 614 2057 6
639 2022 657 2056 I
674 2022 767 2057 Petr.
788 2022 820 2064 2,
839 2022 882 2057 21
909 2033 960 2068 sq.
1079 2024 1121 2058 11
1147 2024 1242 2058 Phil.
1262 2024 1293 2065 2,
1313 2025 1334 2058 6
1358 2034 1410 2068 sq.
1527 2023 1574 2058 20
1597 2024 1647 2059 Io.

140 2080 193 2122 13,
214 2080 256 2114 14
273 2090 321 2124 sq.

207 2194 226 2228 1
251 2193 392 2228 incedat
407 2194 460 2228 A¹
530 2195 552 2229 3
569 2195 606 2229 in
624 2195 779 2239 epistula
795 2195 894 2240 pauli
911 2195 955 2230 ad
971 2195 1162 2231 WLMBv
1227 2196 1249 2230 4
1274 2196 1366 2240 quod
1382 2197 1512 2232 bonum
1530 2198 1586 2231 est
1602 2197 1648 2239 A,

138 2251 266 2285 bonum
287 2251 478 2286 WLMBv
578 2251 726 2286 habebit
746 2253 781 2286 A
891 2253 944 2297 ex]
963 2253 1008 2287 ab
1026 2254 1162 2289 WLM
1275 2254 1327 2299 ea]
1349 2254 1415 2288 illa
1435 2266 1456 2289 v
1553 2266 1593 2289 ex
1611 2266 1650 2290 ea

138 2319 202 2343 mn.
219 2308 254 2342 Β
339 2309 362 2343 5
386 2308 487 2343 nobis
506 2320 581 2343 esse
600 2309 686 2351 Mv,
711 2312 765 2344 est
782 2309 885 2344 nobis
904 2311 968 2352 W,
995 2312 1095 2345 nobis
1109 2311 1276 2346 AWLB
1368 2313 1528 2356 exempla
1546 2313 1582 2347 Β

137 2366 159 2399 6
175 2366 328 2410 apostoli
345 2366 611 2402 om.WLMBv
681 2367 838 2402 christus
856 2368 949 2402 enim
972 2380 988 2403 v
1059 2369 1078 2403 7
1097 2379 1158 2413 pro
1175 2369 1278 2403 nobis
1292 2369 1464 2405 WML'v
1535 2371 1649 2417 uobis]

138 2423 238 2458 nobis
258 2424 291 2458 L
361 2434 551 2468 sequamur
570 2425 616 2459 M
706 2426 728 2459 9
753 2425 938 2460 maledixit
958 2427 1041 2461 ΜΒ
1135 2427 1180 2460 10
1203 2428 1322 2461 autem
1341 2438 1406 2462 om.
1426 2427 1462 2462 Β
1537 2427 1650 2462 iudici

138 2491 203 2514 om.
225 2481 409 2516 WLMBv
494 2482 631 2516 iucanti
649 2483 683 2516 A
771 2484 813 2517 11
840 2483 1024 2528 apostolus
1041 2494 1106 2518 om.
1125 2484 1308 2519 WLMBv
1393 2485 1430 2519 in
1448 2485 1562 2530 figura
1578 2485 1649 2530 dei]

137 2548 214 2572 cum
233 2538 270 2572 in
288 2537 405 2572 forma
421 2538 478 2572 dei
495 2541 587 2573 esset
607 2540 657 2575 W
728 2540 770 2574 12
787 2540 912 2584 rapina
933 2540 982 2574 W
1051 2541 1094 2575 13
1111 2543 1222 2575 semet
1239 2541 1355 2585 ipsum
1373 2543 1425 2577 W
1492 2542 1651 2576 inaniuit

139 2595 258 2629 LMB
329 2596 604 2631 similitudinem
618 2598 690 2632 Wv
750 2597 793 2631 14
818 2599 858 2632 ut
875 2608 939 2631 om.
955 2598 1000 2638 L,
1015 2598 1163 2632 estMB
1234 2599 1348 2633 factus
1366 2600 1400 2633 A
1417 2610 1445 2635 s.
1459 2600 1480 2634 l.
1499 2611 1542 2634 m.
1558 2603 1582 2634 2

139 2652 183 2686 15
207 2652 398 2687 obaudiens
417 2653 553 2689 WLM
634 2655 678 2689 16
702 2656 738 2688 et
755 2654 841 2689 deus
858 2654 964 2690 MBv
1056 2657 1097 2689 ut
1114 2656 1175 2701 sit]
1194 2655 1286 2700 quod
1303 2658 1358 2690 est
1374 2656 1409 2690 A
1481 2658 1523 2691 17
1549 2667 1650 2691 omne

144 2709 252 2744 WBv
366 2713 534 2745 curuetur
549 2722 588 2755 v,
615 2711 762 2746 flectant
778 2712 830 2753 A;
856 2713 903 2755 cf.
918 2716 993 2747 test.
1014 2713 1064 2747 II
1075 2715 1120 2747 13
1235 2715 1271 2747 et
1288 2724 1352 2747 om.
1371 2725 1392 2748 v
1487 2715 1530 2749 19
1555 2714 1649 2749 iesus

140 2765 293 2857 {gristus
312 2766 369 2801 Βυ
439 2766 494 2802 dei
512 2779 576 2803 om.
596 2769 633 2803 B
718 2769 829 2813 patris
847 2771 904 2803 est
920 2770 958 2804 Β
1053 2770 1097 2804 21
1122 2770 1286 2815 aliorum]
1306 2770 1519 2805 alterutrum
1532 2772 1583 2807 W

202 2824 249 2868 et]
269 2824 319 2858 sic
336 2825 372 2858 et
388 2824 423 2858 A
