<?xml version="1.0" encoding="UTF-8"?>
<!DOCTYPE html PUBLIC "-//W3C//DTD XHTML 1.0 Transitional//EN"
    "http://www.w3.org/TR/xhtml1/DTD/xhtml1-transitional.dtd">
<html xmlns="http://www.w3.org/1999/xhtml" xml:lang="en" lang="en">
 <head>
  <title>
</title>
<meta http-equiv="Content-Type" content="text/html;charset=utf-8" />
  <meta name='ocr-system' content='tesseract 3.04.00' />
  <meta name='ocr-capabilities' content='ocr_page ocr_carea ocr_par ocr_line ocrx_word'/>
</head>
<body>
  <div class='ocr_page' id='page_1' title='image "./corpusscriptor203cypruoft/corpusscriptor203cypruoft_0744.png"; bbox 0 0 1838 3152; ppageno 0'>
   <div class='ocr_carea' id='block_1_1' title="bbox 180 226 1145 271">
    <p class='ocr_par' dir='ltr' id='par_1_1' title="bbox 180 226 1145 271">
     <span class='ocr_line' id='line_1_1' title="bbox 180 226 1145 271; baseline -0.011 -1"><span class='ocrx_word' id='word_1_1' title='bbox 180 229 262 270; x_wconf 75' lang='lat'>730</span> <span class='ocrx_word' id='word_1_2' title='bbox 710 226 903 262; x_wconf 77' lang='lat' dir='ltr'>Caecilii</span> <span class='ocrx_word' id='word_1_3' title='bbox 928 227 1145 271; x_wconf 79' lang='lat' dir='ltr'>Cypriani</span> 
     </span>
    </p>
   </div>
   <div class='ocr_carea' id='block_1_2' title="bbox 134 330 1733 1967">
    <p class='ocr_par' dir='ltr' id='par_1_2' title="bbox 177 330 1678 453">
     <span class='ocr_line' id='line_1_2' title="bbox 177 330 1678 383; baseline 0.001 -12"><span class='ocrx_word' id='word_1_4' title='bbox 177 331 259 383; x_wconf 86' lang='lat' dir='ltr'>qui</span> <span class='ocrx_word' id='word_1_5' title='bbox 305 343 377 371; x_wconf 89' lang='lat' dir='ltr'>me</span> <span class='ocrx_word' id='word_1_6' title='bbox 423 331 584 372; x_wconf 88' lang='lat' dir='ltr'>misit.</span> <span class='ocrx_word' id='word_1_7' title='bbox 633 331 682 371; x_wconf 85' lang='lat' dir='ltr'>et</span> <span class='ocrx_word' id='word_1_8' title='bbox 713 331 798 383; x_wconf 90' lang='lat' dir='ltr'>qui</span> <span class='ocrx_word' id='word_1_9' title='bbox 839 330 993 372; x_wconf 88' lang='lat' dir='ltr'>reicit</span> <span class='ocrx_word' id='word_1_10' title='bbox 1033 342 1142 380; x_wconf 78' lang='lat' dir='ltr'>uos,</span> <span class='ocrx_word' id='word_1_11' title='bbox 1186 344 1258 372; x_wconf 91' lang='lat' dir='ltr'>me</span> <span class='ocrx_word' id='word_1_12' title='bbox 1297 332 1456 373; x_wconf 86' lang='lat' dir='ltr'>reicit</span> <span class='ocrx_word' id='word_1_13' title='bbox 1488 333 1535 373; x_wconf 92' lang='lat' dir='ltr'>et</span> <span class='ocrx_word' id='word_1_14' title='bbox 1568 345 1678 373; x_wconf 89' lang='lat' dir='ltr'>eum</span> 
     </span>
     <span class='ocr_line' id='line_1_3' title="bbox 177 400 554 453; baseline -0.003 -12"><span class='ocrx_word' id='word_1_15' title='bbox 177 401 261 453; x_wconf 85' lang='lat' dir='ltr'>qui</span> <span class='ocrx_word' id='word_1_16' title='bbox 294 413 366 441; x_wconf 89' lang='lat' dir='ltr'>me</span> <span class='ocrx_word' id='word_1_17' title='bbox 397 400 554 441; x_wconf 89' lang='lat' dir='ltr'>misit.</span> 
     </span>
    </p>

    <p class='ocr_par' dir='ltr' id='par_1_3' title="bbox 140 468 1733 1829">
     <span class='ocr_line' id='line_1_4' title="bbox 140 468 1679 511; baseline -0.001 0"><span class='ocrx_word' id='word_1_18' title='bbox 140 473 162 511; x_wconf 82' lang='lat'>5</span> <span class='ocrx_word' id='word_1_19' title='bbox 239 469 356 510; x_wconf 86' lang='lat' dir='ltr'>Vnde</span> <span class='ocrx_word' id='word_1_20' title='bbox 389 469 498 510; x_wconf 79' lang='lat' dir='ltr'>enim</span> <span class='ocrx_word' id='word_1_21' title='bbox 530 469 752 510; x_wconf 79' lang='lat' dir='ltr'>schismata</span> <span class='ocrx_word' id='word_1_22' title='bbox 783 470 823 508; x_wconf 88' lang='lat' dir='ltr'>et</span> <span class='ocrx_word' id='word_1_23' title='bbox 854 469 1040 509; x_wconf 78' lang='lat' dir='ltr'>haereses</span> <span class='ocrx_word' id='word_1_24' title='bbox 1072 468 1235 509; x_wconf 86' lang='lat' dir='ltr'>obortae</span> <span class='ocrx_word' id='word_1_25' title='bbox 1267 469 1363 509; x_wconf 89' lang='lat' dir='ltr'>sunt</span> <span class='ocrx_word' id='word_1_26' title='bbox 1394 470 1434 508; x_wconf 87' lang='lat' dir='ltr'>et</span> <span class='ocrx_word' id='word_1_27' title='bbox 1463 469 1679 510; x_wconf 81' lang='lat' dir='ltr'>oriuntur?</span> 
     </span>
     <span class='ocr_line' id='line_1_5' title="bbox 178 537 1679 590; baseline 0.001 -13"><span class='ocrx_word' id='word_1_28' title='bbox 178 538 277 578; x_wconf 91' lang='lat' dir='ltr'>dum</span> <span class='ocrx_word' id='word_1_29' title='bbox 312 538 522 590; x_wconf 86' lang='lat' dir='ltr'>episcopus</span> <span class='ocrx_word' id='word_1_30' title='bbox 545 537 615 589; x_wconf 91' lang='lat' dir='ltr'>qui</span> <span class='ocrx_word' id='word_1_31' title='bbox 637 549 741 577; x_wconf 90' lang='lat' dir='ltr'>unus</span> <span class='ocrx_word' id='word_1_32' title='bbox 764 537 825 577; x_wconf 85' lang='lat' dir='ltr'>est</span> <span class='ocrx_word' id='word_1_33' title='bbox 847 542 887 576; x_wconf 88' lang='lat' dir='ltr'>et</span> <span class='ocrx_word' id='word_1_34' title='bbox 909 537 1101 577; x_wconf 86' lang='lat' dir='ltr'>ecclesiae</span> <span class='ocrx_word' id='word_1_35' title='bbox 1121 537 1283 588; x_wconf 88' lang='lat' dir='ltr'>praeest</span> <span class='ocrx_word' id='word_1_36' title='bbox 1304 537 1477 588; x_wconf 87' lang='lat' dir='ltr'>superba</span> <span class='ocrx_word' id='word_1_37' title='bbox 1499 549 1679 589; x_wconf 87' lang='lat' dir='ltr'>quorun-</span> 
     </span>
     <span class='ocr_line' id='line_1_6' title="bbox 177 605 1711 659; baseline -0.001 -12"><span class='ocrx_word' id='word_1_38' title='bbox 177 607 271 647; x_wconf 88' lang='lat' dir='ltr'>dam</span> <span class='ocrx_word' id='word_1_39' title='bbox 299 606 630 659; x_wconf 76' lang='lat' dir='ltr'>praesumptione</span> <span class='ocrx_word' id='word_1_40' title='bbox 661 605 939 646; x_wconf 68' lang='lat' dir='ltr'>contemnitur</span> <span class='ocrx_word' id='word_1_41' title='bbox 961 605 1001 645; x_wconf 89' lang='lat' dir='ltr'>et</span> <span class='ocrx_word' id='word_1_42' title='bbox 1021 605 1142 645; x_wconf 91' lang='lat' dir='ltr'>homo</span> <span class='ocrx_word' id='word_1_43' title='bbox 1175 605 1412 658; x_wconf 82' lang='lat' dir='ltr'>dignatione</span> <span class='ocrx_word' id='word_1_44' title='bbox 1433 605 1510 646; x_wconf 87' lang='lat' dir='ltr'>Dei</span> <span class='ocrx_word' id='word_1_45' title='bbox 1540 605 1667 646; x_wconf 89' lang='lat' dir='ltr'>hono·</span> <span class='ocrx_word' id='word_1_46' title='bbox 1697 623 1711 646; x_wconf 81' lang='lat'>5</span> 
     </span>
     <span class='ocr_line' id='line_1_7' title="bbox 179 673 1674 727; baseline -0.001 -12"><span class='ocrx_word' id='word_1_47' title='bbox 179 676 294 716; x_wconf 88' lang='lat' dir='ltr'>ratus</span> <span class='ocrx_word' id='word_1_48' title='bbox 316 674 510 727; x_wconf 83' lang='lat' dir='ltr'>indignus</span> <span class='ocrx_word' id='word_1_49' title='bbox 532 674 767 715; x_wconf 86' lang='lat' dir='ltr'>hominibus</span> <span class='ocrx_word' id='word_1_50' title='bbox 789 673 1006 714; x_wconf 88' lang='lat' dir='ltr'>iudicatur.</span> <span class='ocrx_word' id='word_1_51' title='bbox 1031 674 1122 725; x_wconf 90' lang='lat' dir='ltr'>quis</span> <span class='ocrx_word' id='word_1_52' title='bbox 1144 673 1254 713; x_wconf 89' lang='lat' dir='ltr'>enim</span> <span class='ocrx_word' id='word_1_53' title='bbox 1273 673 1340 714; x_wconf 90' lang='lat' dir='ltr'>hic</span> <span class='ocrx_word' id='word_1_54' title='bbox 1370 674 1432 714; x_wconf 85' lang='lat' dir='ltr'>est</span> <span class='ocrx_word' id='word_1_55' title='bbox 1462 674 1674 725; x_wconf 73' lang='lat' dir='ltr'>superbiae</span> 
     </span>
     <span class='ocr_line' id='line_1_8' title="bbox 178 741 1680 797; baseline 0 -13"><span class='ocrx_word' id='word_1_56' title='bbox 178 746 328 793; x_wconf 76' lang='lat' dir='ltr'>tumor,</span> <span class='ocrx_word' id='word_1_57' title='bbox 368 756 468 796; x_wconf 89' lang='lat' dir='ltr'>quae</span> <span class='ocrx_word' id='word_1_58' title='bbox 491 742 732 797; x_wconf 78' lang='lat' dir='ltr'>adrogantia</span> <span class='ocrx_word' id='word_1_59' title='bbox 753 742 893 791; x_wconf 69' lang='lat' dir='ltr'>animi,</span> <span class='ocrx_word' id='word_1_60' title='bbox 917 755 1018 794; x_wconf 88' lang='lat' dir='ltr'>quae</span> <span class='ocrx_word' id='word_1_61' title='bbox 1040 742 1191 782; x_wconf 89' lang='lat' dir='ltr'>mentis</span> <span class='ocrx_word' id='word_1_62' title='bbox 1214 741 1383 792; x_wconf 68' lang='lat' dir='ltr'>inflatio,</span> <span class='ocrx_word' id='word_1_63' title='bbox 1408 742 1458 783; x_wconf 89' lang='lat' dir='ltr'>ad</span> <span class='ocrx_word' id='word_1_64' title='bbox 1481 743 1680 795; x_wconf 88' lang='lat' dir='ltr'>cognitio-</span> 
     </span>
     <span class='ocr_line' id='line_1_9' title="bbox 175 811 1680 865; baseline -0.001 -11"><span class='ocrx_word' id='word_1_65' title='bbox 175 826 268 854; x_wconf 86' lang='lat' dir='ltr'>nem</span> <span class='ocrx_word' id='word_1_66' title='bbox 291 825 406 853; x_wconf 84' lang='lat' dir='ltr'>suam</span> <span class='ocrx_word' id='word_1_67' title='bbox 426 812 677 865; x_wconf 85' lang='lat' dir='ltr'>praepositos</span> <span class='ocrx_word' id='word_1_68' title='bbox 695 812 735 852; x_wconf 89' lang='lat' dir='ltr'>et</span> <span class='ocrx_word' id='word_1_69' title='bbox 751 811 980 852; x_wconf 78' lang='lat' dir='ltr'>sacerdotes</span> <span class='ocrx_word' id='word_1_70' title='bbox 1002 823 1146 852; x_wconf 89' lang='lat' dir='ltr'>uocare</span> <span class='ocrx_word' id='word_1_71' title='bbox 1168 824 1213 852; x_wconf 87' lang='lat' dir='ltr'>ac</span> <span class='ocrx_word' id='word_1_72' title='bbox 1230 811 1309 851; x_wconf 89' lang='lat' dir='ltr'>nisi</span> <span class='ocrx_word' id='word_1_73' title='bbox 1332 812 1440 863; x_wconf 85' lang='lat' dir='ltr'>apud</span> <span class='ocrx_word' id='word_1_74' title='bbox 1457 811 1496 852; x_wconf 88' lang='lat' dir='ltr'>te</span> <span class='ocrx_word' id='word_1_75' title='bbox 1515 812 1680 865; x_wconf 84' lang='lat' dir='ltr'>purgati</span> 
     </span>
     <span class='ocr_line' id='line_1_10' title="bbox 174 880 1679 929; baseline -0.002 -6"><span class='ocrx_word' id='word_1_76' title='bbox 174 882 373 923; x_wconf 82' lang='lat' dir='ltr'>fuerimus</span> <span class='ocrx_word' id='word_1_77' title='bbox 396 884 436 922; x_wconf 85' lang='lat' dir='ltr'>et</span> <span class='ocrx_word' id='word_1_78' title='bbox 457 881 660 922; x_wconf 80' lang='lat' dir='ltr'>sententia</span> <span class='ocrx_word' id='word_1_79' title='bbox 680 881 753 921; x_wconf 91' lang='lat' dir='ltr'>tua</span> <span class='ocrx_word' id='word_1_80' title='bbox 774 880 964 929; x_wconf 82' lang='lat' dir='ltr'>absoluti,</span> <span class='ocrx_word' id='word_1_81' title='bbox 996 893 1085 921; x_wconf 89' lang='lat' dir='ltr'>ecce</span> <span class='ocrx_word' id='word_1_82' title='bbox 1106 880 1190 921; x_wconf 85' lang='lat' dir='ltr'>iam</span> <span class='ocrx_word' id='word_1_83' title='bbox 1214 893 1280 921; x_wconf 81' lang='lat' dir='ltr'>sex</span> <span class='ocrx_word' id='word_1_84' title='bbox 1302 881 1419 922; x_wconf 89' lang='lat' dir='ltr'>annis</span> <span class='ocrx_word' id='word_1_85' title='bbox 1440 893 1512 922; x_wconf 88' lang='lat' dir='ltr'>nec</span> <span class='ocrx_word' id='word_1_86' title='bbox 1533 881 1679 922; x_wconf 81' lang='lat' dir='ltr'>frater-</span> 
     </span>
     <span class='ocr_line' id='line_1_11' title="bbox 174 949 1728 1003; baseline -0.001 -11"><span class='ocrx_word' id='word_1_87' title='bbox 174 951 284 992; x_wconf 87' lang='lat' dir='ltr'>nitas</span> <span class='ocrx_word' id='word_1_88' title='bbox 305 950 495 991; x_wconf 85' lang='lat' dir='ltr'>habuerit</span> <span class='ocrx_word' id='word_1_89' title='bbox 517 949 752 1001; x_wconf 85' lang='lat' dir='ltr'>episcopum</span> <span class='ocrx_word' id='word_1_90' title='bbox 773 960 846 989; x_wconf 88' lang='lat' dir='ltr'>nec</span> <span class='ocrx_word' id='word_1_91' title='bbox 867 949 982 1000; x_wconf 83' lang='lat' dir='ltr'>plebs</span> <span class='ocrx_word' id='word_1_92' title='bbox 1005 949 1281 1002; x_wconf 83' lang='lat' dir='ltr'>praepositum</span> <span class='ocrx_word' id='word_1_93' title='bbox 1315 962 1387 990; x_wconf 89' lang='lat' dir='ltr'>nec</span> <span class='ocrx_word' id='word_1_94' title='bbox 1415 961 1512 1003; x_wconf 80' lang='lat' dir='ltr'>grex</span> <span class='ocrx_word' id='word_1_95' title='bbox 1540 950 1678 1002; x_wconf 88' lang='lat' dir='ltr'>pasto·</span> <span class='ocrx_word' id='word_1_96' title='bbox 1693 967 1728 991; x_wconf 77' lang='grc' dir='ltr'>ιο</span> 
     </span>
     <span class='ocr_line' id='line_1_12' title="bbox 176 1004 1675 1073; baseline -0.002 -11"><span class='ocrx_word' id='word_1_97' title='bbox 176 1034 263 1062; x_wconf 86' lang='grc'>16111</span> <span class='ocrx_word' id='word_1_98' title='bbox 284 1033 357 1061; x_wconf 88' lang='lat' dir='ltr'>nec</span> <span class='ocrx_word' id='word_1_99' title='bbox 379 1019 550 1060; x_wconf 78' lang='lat' dir='ltr'>ecclesia</span> <span class='ocrx_word' id='word_1_100' title='bbox 572 1018 888 1073; x_wconf 87' lang='lat' dir='ltr'>gubernatorem</span> <span class='ocrx_word' id='word_1_101' title='bbox 909 1004 981 1058; x_wconf 85' lang='lat' dir='ltr'>nec</span> <span class='ocrx_word' id='word_1_102' title='bbox 1003 1017 1192 1059; x_wconf 86' lang='lat' dir='ltr'>Christus</span> <span class='ocrx_word' id='word_1_103' title='bbox 1215 1018 1450 1059; x_wconf 83' lang='lat' dir='ltr'>antistitem</span> <span class='ocrx_word' id='word_1_104' title='bbox 1471 1031 1543 1059; x_wconf 88' lang='lat' dir='ltr'>nec</span> <span class='ocrx_word' id='word_1_105' title='bbox 1565 1019 1675 1059; x_wconf 90' lang='lat' dir='ltr'>Deus</span> 
     </span>
     <span class='ocr_line' id='line_1_13' title="bbox 178 1086 1679 1138; baseline -0.002 -8"><span class='ocrx_word' id='word_1_106' title='bbox 178 1088 443 1130; x_wconf 83' lang='lat' dir='ltr'>sacerdotem.</span> <span class='ocrx_word' id='word_1_107' title='bbox 469 1086 686 1128; x_wconf 88' lang='lat' dir='ltr'>subueniat</span> <span class='ocrx_word' id='word_1_108' title='bbox 707 1086 946 1138; x_wconf 87' lang='lat' dir='ltr'>Puppianus</span> <span class='ocrx_word' id='word_1_109' title='bbox 978 1087 1018 1127; x_wconf 90' lang='lat' dir='ltr'>et</span> <span class='ocrx_word' id='word_1_110' title='bbox 1047 1087 1297 1128; x_wconf 89' lang='lat' dir='ltr'>sententiam</span> <span class='ocrx_word' id='word_1_111' title='bbox 1325 1086 1448 1137; x_wconf 88' lang='lat' dir='ltr'>dicat,</span> <span class='ocrx_word' id='word_1_112' title='bbox 1478 1086 1679 1128; x_wconf 89' lang='lat' dir='ltr'>iudicium</span> 
     </span>
     <span class='ocr_line' id='line_1_14' title="bbox 173 1155 1676 1208; baseline -0.002 -9"><span class='ocrx_word' id='word_1_113' title='bbox 173 1158 252 1199; x_wconf 87' lang='lat' dir='ltr'>Dei</span> <span class='ocrx_word' id='word_1_114' title='bbox 275 1159 315 1198; x_wconf 93' lang='lat' dir='ltr'>et</span> <span class='ocrx_word' id='word_1_115' title='bbox 338 1156 492 1197; x_wconf 86' lang='lat' dir='ltr'>Christi</span> <span class='ocrx_word' id='word_1_116' title='bbox 514 1156 556 1196; x_wconf 90' lang='lat' dir='ltr'>in</span> <span class='ocrx_word' id='word_1_117' title='bbox 578 1157 791 1208; x_wconf 88' lang='lat' dir='ltr'>acceptum</span> <span class='ocrx_word' id='word_1_118' title='bbox 813 1155 977 1206; x_wconf 77' lang='lat' dir='ltr'>referat,</span> <span class='ocrx_word' id='word_1_119' title='bbox 1006 1169 1055 1197; x_wconf 90' lang='lat' dir='ltr'>ne</span> <span class='ocrx_word' id='word_1_120' title='bbox 1085 1157 1227 1197; x_wconf 90' lang='lat' dir='ltr'>tantus</span> <span class='ocrx_word' id='word_1_121' title='bbox 1258 1155 1447 1197; x_wconf 89' lang='lat' dir='ltr'>fidelium</span> <span class='ocrx_word' id='word_1_122' title='bbox 1482 1169 1676 1197; x_wconf 87' lang='lat' dir='ltr'>numerus</span> 
     </span>
     <span class='ocr_line' id='line_1_15' title="bbox 175 1225 1677 1280; baseline -0.001 -12"><span class='ocrx_word' id='word_1_123' title='bbox 175 1227 246 1280; x_wconf 92' lang='lat' dir='ltr'>qui</span> <span class='ocrx_word' id='word_1_124' title='bbox 268 1226 342 1267; x_wconf 88' lang='lat' dir='ltr'>sub</span> <span class='ocrx_word' id='word_1_125' title='bbox 365 1226 481 1267; x_wconf 88' lang='lat' dir='ltr'>nobis</span> <span class='ocrx_word' id='word_1_126' title='bbox 505 1225 725 1267; x_wconf 86' lang='lat' dir='ltr'>arcessitus</span> <span class='ocrx_word' id='word_1_127' title='bbox 748 1226 810 1266; x_wconf 90' lang='lat' dir='ltr'>est</span> <span class='ocrx_word' id='word_1_128' title='bbox 833 1225 919 1265; x_wconf 88' lang='lat' dir='ltr'>sine</span> <span class='ocrx_word' id='word_1_129' title='bbox 942 1238 1011 1277; x_wconf 91' lang='lat' dir='ltr'>spe</span> <span class='ocrx_word' id='word_1_130' title='bbox 1034 1225 1182 1267; x_wconf 86' lang='lat' dir='ltr'>salutis</span> <span class='ocrx_word' id='word_1_131' title='bbox 1200 1226 1241 1267; x_wconf 90' lang='lat' dir='ltr'>et</span> <span class='ocrx_word' id='word_1_132' title='bbox 1258 1225 1371 1278; x_wconf 90' lang='lat' dir='ltr'>pacis</span> <span class='ocrx_word' id='word_1_133' title='bbox 1390 1225 1519 1267; x_wconf 79' lang='lat' dir='ltr'>exisse</span> <span class='ocrx_word' id='word_1_134' title='bbox 1536 1226 1677 1266; x_wconf 84' lang='lat' dir='ltr'>uidea-</span> 
     </span>
     <span class='ocr_line' id='line_1_16' title="bbox 177 1294 1725 1350; baseline -0.001 -13"><span class='ocrx_word' id='word_1_135' title='bbox 177 1297 258 1350; x_wconf 77' lang='lat' dir='ltr'>tur7</span> <span class='ocrx_word' id='word_1_136' title='bbox 300 1308 350 1336; x_wconf 88' lang='lat' dir='ltr'>ne</span> <span class='ocrx_word' id='word_1_137' title='bbox 382 1306 512 1336; x_wconf 86' lang='lat' dir='ltr'>nouus</span> <span class='ocrx_word' id='word_1_138' title='bbox 545 1294 799 1336; x_wconf 81' lang='lat' dir='ltr'>credentium</span> <span class='ocrx_word' id='word_1_139' title='bbox 831 1294 1007 1346; x_wconf 86' lang='lat' dir='ltr'>populus</span> <span class='ocrx_word' id='word_1_140' title='bbox 1040 1294 1199 1336; x_wconf 86' lang='lat' dir='ltr'>nullam</span> <span class='ocrx_word' id='word_1_141' title='bbox 1229 1307 1300 1347; x_wconf 89' lang='lat' dir='ltr'>per</span> <span class='ocrx_word' id='word_1_142' title='bbox 1332 1307 1403 1336; x_wconf 90' lang='lat' dir='ltr'>nos</span> <span class='ocrx_word' id='word_1_143' title='bbox 1435 1295 1674 1336; x_wconf 86' lang='lat' dir='ltr'>consecutus</span> <span class='ocrx_word' id='word_1_144' title='bbox 1691 1311 1725 1336; x_wconf 73' lang='lat'>15</span> 
     </span>
     <span class='ocr_line' id='line_1_17' title="bbox 177 1362 1677 1417; baseline -0.001 -12"><span class='ocrx_word' id='word_1_145' title='bbox 177 1376 262 1406; x_wconf 89' lang='lat' dir='ltr'>esse</span> <span class='ocrx_word' id='word_1_146' title='bbox 284 1363 484 1416; x_wconf 84' lang='lat' dir='ltr'>baptismi</span> <span class='ocrx_word' id='word_1_147' title='bbox 507 1364 547 1404; x_wconf 91' lang='lat' dir='ltr'>et</span> <span class='ocrx_word' id='word_1_148' title='bbox 569 1363 738 1417; x_wconf 88' lang='lat' dir='ltr'>spiritus</span> <span class='ocrx_word' id='word_1_149' title='bbox 761 1362 893 1404; x_wconf 85' lang='lat' dir='ltr'>sancti</span> <span class='ocrx_word' id='word_1_150' title='bbox 923 1363 1101 1416; x_wconf 89' lang='lat' dir='ltr'>gratiam</span> <span class='ocrx_word' id='word_1_151' title='bbox 1131 1363 1348 1417; x_wconf 81' lang='lat' dir='ltr'>iudicetur,</span> <span class='ocrx_word' id='word_1_152' title='bbox 1381 1376 1430 1404; x_wconf 91' lang='lat' dir='ltr'>ne</span> <span class='ocrx_word' id='word_1_153' title='bbox 1459 1364 1522 1404; x_wconf 90' lang='lat' dir='ltr'>tot</span> <span class='ocrx_word' id='word_1_154' title='bbox 1551 1363 1677 1415; x_wconf 86' lang='lat' dir='ltr'>lapsis</span> 
     </span>
     <span class='ocr_line' id='line_1_18' title="bbox 173 1431 1677 1486; baseline -0.002 -11"><span class='ocrx_word' id='word_1_155' title='bbox 173 1435 213 1475; x_wconf 85' lang='lat' dir='ltr'>et</span> <span class='ocrx_word' id='word_1_156' title='bbox 234 1432 538 1486; x_wconf 88' lang='lat' dir='ltr'>paenitentibus</span> <span class='ocrx_word' id='word_1_157' title='bbox 571 1444 647 1484; x_wconf 76' lang='lat' dir='ltr'>pax</span> <span class='ocrx_word' id='word_1_158' title='bbox 676 1432 773 1472; x_wconf 91' lang='lat' dir='ltr'>data</span> <span class='ocrx_word' id='word_1_159' title='bbox 796 1432 836 1472; x_wconf 89' lang='lat' dir='ltr'>et</span> <span class='ocrx_word' id='word_1_160' title='bbox 866 1431 1182 1473; x_wconf 86' lang='lat' dir='ltr'>communicatio</span> <span class='ocrx_word' id='word_1_161' title='bbox 1212 1433 1351 1473; x_wconf 88' lang='lat' dir='ltr'>nostra</span> <span class='ocrx_word' id='word_1_162' title='bbox 1380 1432 1677 1473; x_wconf 77' lang='lat' dir='ltr'>examinatione</span> 
     </span>
     <span class='ocr_line' id='line_1_19' title="bbox 173 1499 1676 1553; baseline -0.003 -9"><span class='ocrx_word' id='word_1_163' title='bbox 173 1514 361 1544; x_wconf 86' lang='lat' dir='ltr'>concessa</span> <span class='ocrx_word' id='word_1_164' title='bbox 390 1501 534 1542; x_wconf 89' lang='lat' dir='ltr'>iudicii</span> <span class='ocrx_word' id='word_1_165' title='bbox 564 1501 627 1542; x_wconf 88' lang='lat' dir='ltr'>tui</span> <span class='ocrx_word' id='word_1_166' title='bbox 654 1501 902 1542; x_wconf 88' lang='lat' dir='ltr'>auctoritate</span> <span class='ocrx_word' id='word_1_167' title='bbox 932 1501 1130 1541; x_wconf 84' lang='lat' dir='ltr'>soluatur.</span> <span class='ocrx_word' id='word_1_168' title='bbox 1154 1500 1285 1541; x_wconf 88' lang='lat' dir='ltr'>adnue</span> <span class='ocrx_word' id='word_1_169' title='bbox 1309 1500 1526 1553; x_wconf 87' lang='lat' dir='ltr'>aliquando</span> <span class='ocrx_word' id='word_1_170' title='bbox 1549 1501 1589 1542; x_wconf 94' lang='lat' dir='ltr'>et</span> <span class='ocrx_word' id='word_1_171' title='bbox 1612 1499 1676 1541; x_wconf 89' lang='lat' dir='ltr'>di-</span> 
     </span>
     <span class='ocr_line' id='line_1_20' title="bbox 175 1569 1675 1625; baseline -0.002 -13"><span class='ocrx_word' id='word_1_172' title='bbox 175 1583 298 1625; x_wconf 89' lang='lat' dir='ltr'>gnare</span> <span class='ocrx_word' id='word_1_173' title='bbox 327 1570 592 1623; x_wconf 86' lang='lat' dir='ltr'>pronuntiare</span> <span class='ocrx_word' id='word_1_174' title='bbox 620 1570 670 1610; x_wconf 87' lang='lat' dir='ltr'>de</span> <span class='ocrx_word' id='word_1_175' title='bbox 698 1569 815 1610; x_wconf 87' lang='lat' dir='ltr'>nobis</span> <span class='ocrx_word' id='word_1_176' title='bbox 846 1570 885 1610; x_wconf 94' lang='lat' dir='ltr'>et</span> <span class='ocrx_word' id='word_1_177' title='bbox 907 1569 1188 1622; x_wconf 87' lang='lat' dir='ltr'>episcopatum</span> <span class='ocrx_word' id='word_1_178' title='bbox 1220 1570 1408 1610; x_wconf 86' lang='lat' dir='ltr'>nostrum</span> <span class='ocrx_word' id='word_1_179' title='bbox 1431 1569 1675 1623; x_wconf 88' lang='lat' dir='ltr'>cognitionis</span> 
     </span>
     <span class='ocr_line' id='line_1_21' title="bbox 174 1637 1733 1693; baseline -0.001 -13"><span class='ocrx_word' id='word_1_180' title='bbox 174 1642 270 1681; x_wconf 80' lang='lat' dir='ltr'>tuae</span> <span class='ocrx_word' id='word_1_181' title='bbox 292 1639 435 1693; x_wconf 87' lang='lat' dir='ltr'>uigore</span> <span class='ocrx_word' id='word_1_182' title='bbox 457 1638 632 1688; x_wconf 86' lang='lat' dir='ltr'>firmare,</span> <span class='ocrx_word' id='word_1_183' title='bbox 663 1639 710 1678; x_wconf 90' lang='lat' dir='ltr'>ut</span> <span class='ocrx_word' id='word_1_184' title='bbox 731 1639 842 1679; x_wconf 89' lang='lat' dir='ltr'>Deus</span> <span class='ocrx_word' id='word_1_185' title='bbox 865 1638 905 1679; x_wconf 90' lang='lat' dir='ltr'>et</span> <span class='ocrx_word' id='word_1_186' title='bbox 927 1637 1114 1679; x_wconf 87' lang='lat' dir='ltr'>Christus</span> <span class='ocrx_word' id='word_1_187' title='bbox 1145 1638 1231 1678; x_wconf 87' lang='lat' dir='ltr'>eius</span> <span class='ocrx_word' id='word_1_188' title='bbox 1261 1650 1380 1691; x_wconf 87' lang='lat' dir='ltr'>agere</span> <span class='ocrx_word' id='word_1_189' title='bbox 1410 1638 1489 1679; x_wconf 89' lang='lat' dir='ltr'>tibi</span> <span class='ocrx_word' id='word_1_190' title='bbox 1517 1637 1673 1692; x_wconf 87' lang='lat' dir='ltr'>gratias</span> <span class='ocrx_word' id='word_1_191' title='bbox 1697 1654 1733 1679; x_wconf 59' lang='grc' dir='ltr'>ρο</span> 
     </span>
     <span class='ocr_line' id='line_1_22' title="bbox 176 1707 1680 1762; baseline -0.001 -13"><span class='ocrx_word' id='word_1_192' title='bbox 176 1709 338 1762; x_wconf 89' lang='lat' dir='ltr'>possint</span> <span class='ocrx_word' id='word_1_193' title='bbox 360 1707 468 1760; x_wconf 88' lang='lat' dir='ltr'>quod</span> <span class='ocrx_word' id='word_1_194' title='bbox 489 1720 562 1761; x_wconf 89' lang='lat' dir='ltr'>per</span> <span class='ocrx_word' id='word_1_195' title='bbox 583 1708 624 1748; x_wconf 88' lang='lat' dir='ltr'>te</span> <span class='ocrx_word' id='word_1_196' title='bbox 647 1707 702 1748; x_wconf 89' lang='lat' dir='ltr'>sit</span> <span class='ocrx_word' id='word_1_197' title='bbox 724 1707 897 1748; x_wconf 88' lang='lat' dir='ltr'>antistes</span> <span class='ocrx_word' id='word_1_198' title='bbox 920 1708 961 1748; x_wconf 92' lang='lat' dir='ltr'>et</span> <span class='ocrx_word' id='word_1_199' title='bbox 983 1709 1117 1748; x_wconf 86' lang='lat' dir='ltr'>rector</span> <span class='ocrx_word' id='word_1_200' title='bbox 1139 1707 1263 1748; x_wconf 86' lang='lat' dir='ltr'>altari</span> <span class='ocrx_word' id='word_1_201' title='bbox 1286 1719 1427 1748; x_wconf 85' lang='lat' dir='ltr'>eorum</span> <span class='ocrx_word' id='word_1_202' title='bbox 1449 1707 1604 1760; x_wconf 87' lang='lat' dir='ltr'>pariter</span> <span class='ocrx_word' id='word_1_203' title='bbox 1640 1708 1680 1749; x_wconf 90' lang='lat' dir='ltr'>et</span> 
     </span>
     <span class='ocr_line' id='line_1_23' title="bbox 176 1776 545 1829; baseline -0.003 -12"><span class='ocrx_word' id='word_1_204' title='bbox 176 1777 288 1829; x_wconf 83' lang='lat' dir='ltr'>plebi</span> <span class='ocrx_word' id='word_1_205' title='bbox 311 1776 545 1817; x_wconf 86' lang='lat' dir='ltr'>restitutus.</span> 
     </span>
    </p>

    <p class='ocr_par' dir='ltr' id='par_1_4' title="bbox 134 1843 1680 1967">
     <span class='ocr_line' id='line_1_24' title="bbox 134 1843 1680 1898; baseline 0 -12"><span class='ocrx_word' id='word_1_206' title='bbox 134 1851 158 1891; x_wconf 81' lang='grc'>6</span> <span class='ocrx_word' id='word_1_207' title='bbox 232 1846 341 1898; x_wconf 90' lang='lat' dir='ltr'>Apes</span> <span class='ocrx_word' id='word_1_208' title='bbox 384 1844 539 1885; x_wconf 89' lang='lat' dir='ltr'>habent</span> <span class='ocrx_word' id='word_1_209' title='bbox 586 1857 725 1898; x_wconf 89' lang='lat' dir='ltr'>regem</span> <span class='ocrx_word' id='word_1_210' title='bbox 767 1846 808 1885; x_wconf 93' lang='lat' dir='ltr'>et</span> <span class='ocrx_word' id='word_1_211' title='bbox 849 1845 995 1885; x_wconf 86' lang='lat' dir='ltr'>ducem</span> <span class='ocrx_word' id='word_1_212' title='bbox 1034 1844 1209 1897; x_wconf 87' lang='lat' dir='ltr'>pecudes</span> <span class='ocrx_word' id='word_1_213' title='bbox 1251 1845 1292 1885; x_wconf 87' lang='lat' dir='ltr'>et</span> <span class='ocrx_word' id='word_1_214' title='bbox 1327 1843 1451 1885; x_wconf 87' lang='lat' dir='ltr'>fidem</span> <span class='ocrx_word' id='word_1_215' title='bbox 1493 1847 1680 1887; x_wconf 89' lang='lat' dir='ltr'>seruant:</span> 
     </span>
     <span class='ocr_line' id='line_1_25' title="bbox 178 1913 1680 1967; baseline 0.001 -12"><span class='ocrx_word' id='word_1_216' title='bbox 178 1915 357 1956; x_wconf 84' lang='lat' dir='ltr'>latrones</span> <span class='ocrx_word' id='word_1_217' title='bbox 379 1914 561 1966; x_wconf 88' lang='lat' dir='ltr'>mancipi</span> <span class='ocrx_word' id='word_1_218' title='bbox 582 1913 775 1966; x_wconf 91' lang='lat' dir='ltr'>obsequio</span> <span class='ocrx_word' id='word_1_219' title='bbox 796 1914 915 1966; x_wconf 88' lang='lat' dir='ltr'>pleno</span> <span class='ocrx_word' id='word_1_220' title='bbox 932 1914 1186 1955; x_wconf 88' lang='lat' dir='ltr'>humilitatis</span> <span class='ocrx_word' id='word_1_221' title='bbox 1204 1914 1504 1966; x_wconf 87' lang='lat' dir='ltr'>obtemperant.</span> <span class='ocrx_word' id='word_1_222' title='bbox 1528 1915 1680 1967; x_wconf 89' lang='lat' dir='ltr'>quanto</span> 
     </span>
    </p>
   </div>
   <div class='ocr_carea' id='block_1_3' title="bbox 169 2060 1683 2965">
    <p class='ocr_par' dir='ltr' id='par_1_5' title="bbox 246 2060 1599 2106">
     <span class='ocr_line' id='line_1_26' title="bbox 246 2060 1599 2106; baseline 0.001 -12"><span class='ocrx_word' id='word_1_223' title='bbox 246 2062 263 2095; x_wconf 86' lang='lat'>1</span> <span class='ocrx_word' id='word_1_224' title='bbox 281 2061 404 2095; x_wconf 85' lang='lat' dir='ltr'>reiecit</span> <span class='ocrx_word' id='word_1_225' title='bbox 422 2072 483 2095; x_wconf 89' lang='lat' dir='ltr'>uos</span> <span class='ocrx_word' id='word_1_226' title='bbox 501 2072 555 2095; x_wconf 90' lang='lat' dir='ltr'>me</span> <span class='ocrx_word' id='word_1_227' title='bbox 573 2060 697 2094; x_wconf 81' lang='lat' dir='ltr'>reiecit</span> <span class='ocrx_word' id='word_1_228' title='bbox 719 2062 751 2095; x_wconf 99' lang='lat' dir='ltr'><em>T</em></span> <span class='ocrx_word' id='word_1_229' title='bbox 943 2062 1034 2106; x_wconf 83' lang='grc'>611111]</span> <span class='ocrx_word' id='word_1_230' title='bbox 1055 2062 1115 2105; x_wconf 81' lang='lat' dir='ltr'>qui</span> <span class='ocrx_word' id='word_1_231' title='bbox 1133 2072 1187 2095; x_wconf 85' lang='lat' dir='ltr'>me</span> <span class='ocrx_word' id='word_1_232' title='bbox 1207 2062 1311 2095; x_wconf 86' lang='lat' dir='ltr'>reicit</span> <span class='ocrx_word' id='word_1_233' title='bbox 1334 2062 1438 2095; x_wconf 83' lang='lat' dir='ltr'>reicit</span> <span class='ocrx_word' id='word_1_234' title='bbox 1456 2072 1535 2095; x_wconf 85' lang='lat' dir='ltr'>curn</span> <span class='ocrx_word' id='word_1_235' title='bbox 1553 2062 1599 2095; x_wconf 87' lang='lat' dir='ltr'><em>H</em></span> 
     </span>
    </p>

    <p class='ocr_par' dir='ltr' id='par_1_6' title="bbox 169 2118 1683 2965">
     <span class='ocr_line' id='line_1_27' title="bbox 174 2118 1681 2163; baseline 0.001 -12"><span class='ocrx_word' id='word_1_236' title='bbox 174 2120 195 2152; x_wconf 77' lang='lat'><strong>3</strong></span> <span class='ocrx_word' id='word_1_237' title='bbox 213 2119 293 2153; x_wconf 91' lang='lat' dir='ltr'>inde</span> <span class='ocrx_word' id='word_1_238' title='bbox 312 2119 467 2153; x_wconf 77' lang='lat' dir='ltr'>BHTov</span> <span class='ocrx_word' id='word_1_239' title='bbox 617 2118 773 2152; x_wconf 82' lang='lat' dir='ltr'>haeresis</span> <span class='ocrx_word' id='word_1_240' title='bbox 793 2118 910 2152; x_wconf 89' lang='lat' dir='ltr'>BLN</span> <span class='ocrx_word' id='word_1_241' title='bbox 1055 2120 1076 2152; x_wconf 83' lang='lat'>4</span> <span class='ocrx_word' id='word_1_242' title='bbox 1094 2118 1190 2163; x_wconf 82' lang='lat' dir='ltr'>dum]</span> <span class='ocrx_word' id='word_1_243' title='bbox 1210 2119 1282 2152; x_wconf 88' lang='lat' dir='ltr'>nisi</span> <span class='ocrx_word' id='word_1_244' title='bbox 1300 2118 1383 2152; x_wconf 86' lang='lat' dir='ltr'>dum</span> <span class='ocrx_word' id='word_1_245' title='bbox 1401 2130 1420 2153; x_wconf 92' lang='lat'><em>0</em></span> <span class='ocrx_word' id='word_1_246' title='bbox 1572 2121 1625 2152; x_wconf 85' lang='lat' dir='ltr'>est</span> <span class='ocrx_word' id='word_1_247' title='bbox 1645 2120 1681 2152; x_wconf 85' lang='lat' dir='ltr'>et</span> 
     </span>
     <span class='ocr_line' id='line_1_28' title="bbox 172 2175 1680 2220; baseline -0.001 -10"><span class='ocrx_word' id='word_1_248' title='bbox 172 2187 237 2210; x_wconf 80' lang='lat' dir='ltr'>om.</span> <span class='ocrx_word' id='word_1_249' title='bbox 260 2177 292 2211; x_wconf 91' lang='lat' dir='ltr'><em>T</em></span> <span class='ocrx_word' id='word_1_250' title='bbox 416 2175 595 2220; x_wconf 84' lang='lat' dir='ltr'>ecclcsiae]</span> <span class='ocrx_word' id='word_1_251' title='bbox 615 2175 811 2209; x_wconf 86' lang='lat' dir='ltr'>catholicae</span> <span class='ocrx_word' id='word_1_252' title='bbox 829 2175 914 2210; x_wconf 74' lang='lat' dir='ltr'>add.</span> <span class='ocrx_word' id='word_1_253' title='bbox 936 2176 970 2210; x_wconf 91' lang='lat' dir='ltr'><em>L</em></span> <span class='ocrx_word' id='word_1_254' title='bbox 1095 2176 1116 2209; x_wconf 79' lang='lat'>5</span> <span class='ocrx_word' id='word_1_255' title='bbox 1134 2176 1383 2220; x_wconf 84' lang='lat' dir='ltr'>indignatione</span> <span class='ocrx_word' id='word_1_256' title='bbox 1400 2176 1456 2210; x_wconf 89' lang='lat' dir='ltr'>H¹</span> <span class='ocrx_word' id='word_1_257' title='bbox 1574 2176 1680 2210; x_wconf 89' lang='lat' dir='ltr'>hono-</span> 
     </span>
     <span class='ocr_line' id='line_1_29' title="bbox 171 2233 1681 2277; baseline 0.001 -11"><span class='ocrx_word' id='word_1_258' title='bbox 171 2235 273 2267; x_wconf 86' lang='lat' dir='ltr'>ratur</span> <span class='ocrx_word' id='word_1_259' title='bbox 292 2233 326 2267; x_wconf 92' lang='lat' dir='ltr'><em>L</em></span> <span class='ocrx_word' id='word_1_260' title='bbox 482 2234 502 2267; x_wconf 83' lang='lat'>6</span> <span class='ocrx_word' id='word_1_261' title='bbox 520 2233 697 2267; x_wconf 86' lang='lat' dir='ltr'>indicatur</span> <span class='ocrx_word' id='word_1_262' title='bbox 716 2233 761 2266; x_wconf 92' lang='lat' dir='ltr'><em>H</em></span> <span class='ocrx_word' id='word_1_263' title='bbox 895 2233 956 2277; x_wconf 90' lang='lat' dir='ltr'>qui</span> <span class='ocrx_word' id='word_1_264' title='bbox 974 2244 1003 2275; x_wconf 83' lang='grc' dir='ltr'>ο,</span> <span class='ocrx_word' id='word_1_265' title='bbox 1023 2244 1111 2277; x_wconf 85' lang='lat' dir='ltr'>quae</span> <span class='ocrx_word' id='word_1_266' title='bbox 1130 2234 1165 2267; x_wconf 95' lang='grc' dir='ltr'><em>Β</em></span> <span class='ocrx_word' id='word_1_267' title='bbox 1306 2235 1360 2268; x_wconf 82' lang='lat' dir='ltr'>cst</span> <span class='ocrx_word' id='word_1_268' title='bbox 1377 2233 1436 2268; x_wconf 89' lang='lat' dir='ltr'>hic</span> <span class='ocrx_word' id='word_1_269' title='bbox 1453 2234 1548 2267; x_wconf 88' lang='lat' dir='ltr'>enim</span> <span class='ocrx_word' id='word_1_270' title='bbox 1570 2234 1607 2274; x_wconf 88' lang='lat' dir='ltr'>T,</span> <span class='ocrx_word' id='word_1_271' title='bbox 1628 2235 1681 2267; x_wconf 85' lang='lat' dir='ltr'>est</span> 
     </span>
     <span class='ocr_line' id='line_1_30' title="bbox 172 2290 1679 2335; baseline 0.001 -11"><span class='ocrx_word' id='word_1_272' title='bbox 172 2290 266 2324; x_wconf 83' lang='lat' dir='ltr'>enim</span> <span class='ocrx_word' id='word_1_273' title='bbox 284 2290 368 2324; x_wconf 81' lang='lat' dir='ltr'>hacc</span> <span class='ocrx_word' id='word_1_274' title='bbox 385 2290 421 2324; x_wconf 93' lang='grc' dir='ltr'><em>Β</em></span> <span class='ocrx_word' id='word_1_275' title='bbox 594 2290 758 2334; x_wconf 78' lang='lat' dir='ltr'>superbia</span> <span class='ocrx_word' id='word_1_276' title='bbox 776 2292 839 2324; x_wconf 89' lang='lat' dir='ltr'>aut</span> <span class='ocrx_word' id='word_1_277' title='bbox 856 2290 889 2324; x_wconf 92' lang='grc' dir='ltr'><em>Β</em></span> <span class='ocrx_word' id='word_1_278' title='bbox 1061 2291 1079 2324; x_wconf 85' lang='grc'>7</span> <span class='ocrx_word' id='word_1_279' title='bbox 1099 2291 1237 2325; x_wconf 87' lang='lat' dir='ltr'>animae</span> <span class='ocrx_word' id='word_1_280' title='bbox 1260 2293 1292 2325; x_wconf 88' lang='lat' dir='ltr'><em>T</em></span> <span class='ocrx_word' id='word_1_281' title='bbox 1460 2291 1481 2325; x_wconf 85' lang='lat'>8</span> <span class='ocrx_word' id='word_1_282' title='bbox 1499 2291 1546 2335; x_wconf 85' lang='lat' dir='ltr'>et]</span> <span class='ocrx_word' id='word_1_283' title='bbox 1565 2290 1679 2325; x_wconf 84' lang='lat' dir='ltr'>factos</span> 
     </span>
     <span class='ocr_line' id='line_1_31' title="bbox 172 2348 1679 2393; baseline 0 -11"><span class='ocrx_word' id='word_1_284' title='bbox 172 2350 207 2382; x_wconf 84' lang='lat' dir='ltr'>et</span> <span class='ocrx_word' id='word_1_285' title='bbox 223 2349 267 2382; x_wconf 89' lang='lat' dir='ltr'><em>H</em></span> <span class='ocrx_word' id='word_1_286' title='bbox 388 2358 427 2381; x_wconf 89' lang='lat' dir='ltr'>ac</span> <span class='ocrx_word' id='word_1_287' title='bbox 445 2348 530 2392; x_wconf 84' lang='lat' dir='ltr'>nisi]</span> <span class='ocrx_word' id='word_1_288' title='bbox 549 2348 634 2392; x_wconf 84' lang='lat' dir='ltr'>agni</span> <span class='ocrx_word' id='word_1_289' title='bbox 653 2360 659 2381; x_wconf 94' lang='lat'>:</span> <span class='ocrx_word' id='word_1_290' title='bbox 680 2348 710 2381; x_wconf 91' lang='lat' dir='ltr'>si</span> <span class='ocrx_word' id='word_1_291' title='bbox 732 2349 764 2382; x_wconf 94' lang='lat' dir='ltr'><em>T</em></span> <span class='ocrx_word' id='word_1_292' title='bbox 891 2348 911 2382; x_wconf 88' lang='grc'><strong>9</strong></span> <span class='ocrx_word' id='word_1_293' title='bbox 930 2349 1019 2393; x_wconf 85' lang='lat' dir='ltr'>ecce]</span> <span class='ocrx_word' id='word_1_294' title='bbox 1039 2351 1074 2382; x_wconf 88' lang='lat' dir='ltr'>et</span> <span class='ocrx_word' id='word_1_295' title='bbox 1091 2351 1125 2382; x_wconf 86' lang='lat' dir='ltr'>te</span> <span class='ocrx_word' id='word_1_296' title='bbox 1145 2349 1225 2390; x_wconf 88' lang='lat' dir='ltr'>BL,</span> <span class='ocrx_word' id='word_1_297' title='bbox 1246 2351 1281 2382; x_wconf 88' lang='lat' dir='ltr'>et</span> <span class='ocrx_word' id='word_1_298' title='bbox 1300 2350 1355 2383; x_wconf 84' lang='lat' dir='ltr'>Po</span> <span class='ocrx_word' id='word_1_299' title='bbox 1486 2349 1530 2382; x_wconf 82' lang='lat'>10</span> <span class='ocrx_word' id='word_1_300' title='bbox 1548 2349 1679 2392; x_wconf 89' lang='lat' dir='ltr'>episco-</span> 
     </span>
     <span class='ocr_line' id='line_1_32' title="bbox 171 2394 1681 2450; baseline 0.001 -12"><span class='ocrx_word' id='word_1_301' title='bbox 171 2407 294 2449; x_wconf 85' lang='lat' dir='ltr'>patum</span> <span class='ocrx_word' id='word_1_302' title='bbox 313 2405 347 2439; x_wconf 90' lang='lat' dir='ltr'><em>L</em></span> <span class='ocrx_word' id='word_1_303' title='bbox 466 2405 508 2438; x_wconf 84' lang='lat'>11</span> <span class='ocrx_word' id='word_1_304' title='bbox 528 2404 698 2448; x_wconf 85' lang='lat' dir='ltr'>christus]</span> <span class='ocrx_word' id='word_1_305' title='bbox 718 2394 792 2449; x_wconf 41' lang='grc' dir='ltr'>ΞΕ</span> <span class='ocrx_word' id='word_1_306' title='bbox 798 2405 836 2446; x_wconf 84' lang='lat' dir='ltr'>T,</span> <span class='ocrx_word' id='word_1_307' title='bbox 856 2394 1008 2449; x_wconf 38' lang='grc' dir='ltr'>8115κεῖῖῖ</span> <span class='ocrx_word' id='word_1_308' title='bbox 1006 2406 1041 2440; x_wconf 91' lang='grc' dir='ltr'><em>Β</em></span> <span class='ocrx_word' id='word_1_309' title='bbox 1159 2407 1201 2440; x_wconf 91' lang='grc'>12</span> <span class='ocrx_word' id='word_1_310' title='bbox 1220 2406 1397 2450; x_wconf 87' lang='lat' dir='ltr'>pupianus</span> <span class='ocrx_word' id='word_1_311' title='bbox 1415 2417 1456 2440; x_wconf 81' lang='lat' dir='ltr'>ov</span> <span class='ocrx_word' id='word_1_312' title='bbox 1573 2406 1681 2450; x_wconf 89' lang='lat' dir='ltr'>dicat]</span> 
     </span>
     <span class='ocr_line' id='line_1_33' title="bbox 171 2462 1683 2507; baseline 0 -11"><span class='ocrx_word' id='word_1_313' title='bbox 171 2462 267 2496; x_wconf 86' lang='lat' dir='ltr'>dicat</span> <span class='ocrx_word' id='word_1_314' title='bbox 284 2464 320 2496; x_wconf 79' lang='lat' dir='ltr'>ct</span> <span class='ocrx_word' id='word_1_315' title='bbox 338 2462 419 2496; x_wconf 91' lang='grc' dir='ltr'>ΒΗ</span> <span class='ocrx_word' id='word_1_316' title='bbox 421 2464 493 2497; x_wconf 85' lang='lat' dir='ltr'>Tov</span> <span class='ocrx_word' id='word_1_317' title='bbox 645 2462 688 2496; x_wconf 87' lang='lat'>13</span> <span class='ocrx_word' id='word_1_318' title='bbox 707 2463 761 2507; x_wconf 86' lang='lat' dir='ltr'>nc]</span> <span class='ocrx_word' id='word_1_319' title='bbox 780 2473 841 2496; x_wconf 84' lang='lat' dir='ltr'>nec</span> <span class='ocrx_word' id='word_1_320' title='bbox 860 2462 942 2496; x_wconf 91' lang='lat' dir='ltr'>BH</span> <span class='ocrx_word' id='word_1_321' title='bbox 1082 2465 1223 2498; x_wconf 86' lang='lat' dir='ltr'>tantum</span> <span class='ocrx_word' id='word_1_322' title='bbox 1243 2464 1278 2498; x_wconf 93' lang='grc' dir='ltr'><em>Β</em></span> <span class='ocrx_word' id='word_1_323' title='bbox 1431 2464 1474 2497; x_wconf 80' lang='lat'>14</span> <span class='ocrx_word' id='word_1_324' title='bbox 1491 2463 1683 2497; x_wconf 84' lang='lat' dir='ltr'>accersitus</span> 
     </span>
     <span class='ocr_line' id='line_1_34' title="bbox 173 2519 1683 2564; baseline -0.001 -10"><span class='ocrx_word' id='word_1_325' title='bbox 173 2522 227 2554; x_wconf 83' lang='lat' dir='ltr'>est</span> <span class='ocrx_word' id='word_1_326' title='bbox 245 2521 311 2561; x_wconf 84' lang='grc' dir='ltr'>Βο,</span> <span class='ocrx_word' id='word_1_327' title='bbox 331 2521 479 2554; x_wconf 85' lang='lat' dir='ltr'>accessit</span> <span class='ocrx_word' id='word_1_328' title='bbox 496 2521 541 2554; x_wconf 89' lang='lat' dir='ltr'><em>H</em></span> <span class='ocrx_word' id='word_1_329' title='bbox 647 2520 690 2553; x_wconf 80' lang='lat'>15</span> <span class='ocrx_word' id='word_1_330' title='bbox 707 2520 763 2564; x_wconf 84' lang='grc'>116]</span> <span class='ocrx_word' id='word_1_331' title='bbox 783 2531 845 2554; x_wconf 88' lang='lat' dir='ltr'>nec</span> <span class='ocrx_word' id='word_1_332' title='bbox 863 2532 883 2555; x_wconf 84' lang='lat' dir='ltr'><em>v</em></span> <span class='ocrx_word' id='word_1_333' title='bbox 995 2521 1037 2555; x_wconf 90' lang='grc'>16</span> <span class='ocrx_word' id='word_1_334' title='bbox 1056 2523 1148 2555; x_wconf 85' lang='lat' dir='ltr'>esset</span> <span class='ocrx_word' id='word_1_335' title='bbox 1166 2522 1273 2563; x_wconf 77' lang='lat' dir='ltr'>H1N,</span> <span class='ocrx_word' id='word_1_336' title='bbox 1294 2523 1347 2555; x_wconf 85' lang='lat' dir='ltr'>est</span> <span class='ocrx_word' id='word_1_337' title='bbox 1365 2521 1400 2555; x_wconf 88' lang='lat' dir='ltr'><em>L</em></span> <span class='ocrx_word' id='word_1_338' title='bbox 1508 2519 1683 2554; x_wconf 83' lang='lat' dir='ltr'>iudicetur</span> 
     </span>
     <span class='ocr_line' id='line_1_35' title="bbox 170 2566 1682 2622; baseline -0.001 -11"><span class='ocrx_word' id='word_1_339' title='bbox 170 2578 326 2622; x_wconf 85' lang='lat' dir='ltr'>gratiam</span> <span class='ocrx_word' id='word_1_340' title='bbox 344 2577 516 2622; x_wconf 82' lang='lat' dir='ltr'>baptismi</span> <span class='ocrx_word' id='word_1_341' title='bbox 535 2579 570 2611; x_wconf 87' lang='lat' dir='ltr'>et</span> <span class='ocrx_word' id='word_1_342' title='bbox 589 2566 752 2622; x_wconf 38' lang='lat' dir='ltr'>spssscfixo</span> <span class='ocrx_word' id='word_1_343' title='bbox 877 2578 931 2622; x_wconf 89' lang='lat' dir='ltr'>ne]</span> <span class='ocrx_word' id='word_1_344' title='bbox 954 2589 1014 2611; x_wconf 88' lang='lat' dir='ltr'>nec</span> <span class='ocrx_word' id='word_1_345' title='bbox 1034 2578 1069 2612; x_wconf 95' lang='grc' dir='ltr'><em>Β</em></span> <span class='ocrx_word' id='word_1_346' title='bbox 1198 2579 1240 2612; x_wconf 76' lang='lat'>17</span> <span class='ocrx_word' id='word_1_347' title='bbox 1259 2578 1529 2612; x_wconf 83' lang='lat' dir='ltr'>communicatio</span> <span class='ocrx_word' id='word_1_348' title='bbox 1546 2577 1682 2621; x_wconf 87' lang='lat' dir='ltr'>nostra]</span> 
     </span>
     <span class='ocr_line' id='line_1_36' title="bbox 169 2634 1681 2680; baseline -0.001 -11"><span class='ocrx_word' id='word_1_349' title='bbox 169 2636 247 2680; x_wconf 81' lang='lat' dir='ltr'>lege</span> <span class='ocrx_word' id='word_1_350' title='bbox 266 2636 594 2669; x_wconf 85' lang='lat' dir='ltr'>communicationis</span> <span class='ocrx_word' id='word_1_351' title='bbox 612 2635 747 2668; x_wconf 85' lang='lat' dir='ltr'>tradita</span> <span class='ocrx_word' id='word_1_352' title='bbox 767 2635 813 2668; x_wconf 92' lang='lat' dir='ltr'><em>H</em></span> <span class='ocrx_word' id='word_1_353' title='bbox 962 2635 1006 2668; x_wconf 82' lang='grc'>18</span> <span class='ocrx_word' id='word_1_354' title='bbox 1025 2635 1209 2669; x_wconf 86' lang='lat' dir='ltr'>soluantnr</span> <span class='ocrx_word' id='word_1_355' title='bbox 1227 2636 1262 2669; x_wconf 89' lang='lat' dir='ltr'><em>B</em></span> <span class='ocrx_word' id='word_1_356' title='bbox 1415 2634 1619 2678; x_wconf 84' lang='lat' dir='ltr'>aliquamdo</span> <span class='ocrx_word' id='word_1_357' title='bbox 1642 2635 1681 2675; x_wconf 83' lang='lat' dir='ltr'>T,</span> 
     </span>
     <span class='ocr_line' id='line_1_37' title="bbox 172 2691 1680 2737; baseline -0.001 -11"><span class='ocrx_word' id='word_1_358' title='bbox 172 2693 358 2736; x_wconf 84' lang='lat' dir='ltr'>aliquanto</span> <span class='ocrx_word' id='word_1_359' title='bbox 378 2693 412 2726; x_wconf 98' lang='grc' dir='ltr'><em>Β</em></span> <span class='ocrx_word' id='word_1_360' title='bbox 552 2693 595 2726; x_wconf 86' lang='grc'>19</span> <span class='ocrx_word' id='word_1_361' title='bbox 612 2692 842 2737; x_wconf 82' lang='lat' dir='ltr'>pronuntiare</span> <span class='ocrx_word' id='word_1_362' title='bbox 860 2702 925 2726; x_wconf 87' lang='lat' dir='ltr'>om.</span> <span class='ocrx_word' id='word_1_363' title='bbox 946 2692 981 2726; x_wconf 93' lang='grc' dir='ltr'><em>Β</em></span> <span class='ocrx_word' id='word_1_364' title='bbox 1121 2693 1166 2726; x_wconf 89' lang='grc'>20</span> <span class='ocrx_word' id='word_1_365' title='bbox 1182 2694 1265 2726; x_wconf 87' lang='lat' dir='ltr'>tuae</span> <span class='ocrx_word' id='word_1_366' title='bbox 1284 2704 1348 2727; x_wconf 83' lang='lat' dir='ltr'>om.</span> <span class='ocrx_word' id='word_1_367' title='bbox 1374 2694 1406 2727; x_wconf 95' lang='lat' dir='ltr'><em>T</em></span> <span class='ocrx_word' id='word_1_368' title='bbox 1543 2691 1680 2735; x_wconf 79' lang='lat' dir='ltr'>uigore]</span> 
     </span>
     <span class='ocr_line' id='line_1_38' title="bbox 174 2749 1641 2798; baseline -0.001 -14"><span class='ocrx_word' id='word_1_369' title='bbox 174 2750 308 2798; x_wconf 80' lang='lat' dir='ltr'>uictore</span> <span class='ocrx_word' id='word_1_370' title='bbox 327 2751 409 2789; x_wconf 84' lang='lat' dir='ltr'>BP,</span> <span class='ocrx_word' id='word_1_371' title='bbox 435 2750 566 2784; x_wconf 87' lang='lat' dir='ltr'>iudicio</span> <span class='ocrx_word' id='word_1_372' title='bbox 583 2750 629 2783; x_wconf 88' lang='grc' dir='ltr'><em>Η</em></span> <span class='ocrx_word' id='word_1_373' title='bbox 629 2777 635 2789; x_wconf 78' lang='lat'>,</span> <span class='ocrx_word' id='word_1_374' title='bbox 654 2749 867 2783; x_wconf 83' lang='lat' dir='ltr'>auctoritate</span> <span class='ocrx_word' id='word_1_375' title='bbox 885 2759 927 2784; x_wconf 84' lang='lat' dir='ltr'>ov</span> <span class='ocrx_word' id='word_1_376' title='bbox 1113 2750 1265 2784; x_wconf 86' lang='lat' dir='ltr'>formare</span> <span class='ocrx_word' id='word_1_377' title='bbox 1284 2750 1368 2791; x_wconf 86' lang='lat' dir='ltr'>NP,</span> <span class='ocrx_word' id='word_1_378' title='bbox 1387 2749 1577 2783; x_wconf 87' lang='lat' dir='ltr'>reformare</span> <span class='ocrx_word' id='word_1_379' title='bbox 1596 2749 1641 2782; x_wconf 91' lang='lat' dir='ltr'><em>H</em></span> 
     </span>
     <span class='ocr_line' id='line_1_39' title="bbox 170 2796 1635 2851; baseline -0.001 -10"><span class='ocrx_word' id='word_1_380' title='bbox 170 2807 336 2851; x_wconf 85' lang='lat' dir='ltr'>christus]</span> <span class='ocrx_word' id='word_1_381' title='bbox 356 2796 432 2851; x_wconf 49' lang='lat' dir='ltr'>sff</span> <span class='ocrx_word' id='word_1_382' title='bbox 436 2808 468 2842; x_wconf 88' lang='lat' dir='ltr'><em>T</em></span> <span class='ocrx_word' id='word_1_383' title='bbox 602 2808 645 2841; x_wconf 90' lang='grc'>21</span> <span class='ocrx_word' id='word_1_384' title='bbox 664 2806 713 2840; x_wconf 89' lang='lat' dir='ltr'>sit</span> <span class='ocrx_word' id='word_1_385' title='bbox 731 2817 795 2840; x_wconf 80' lang='lat' dir='ltr'>om.</span> <span class='ocrx_word' id='word_1_386' title='bbox 814 2816 834 2839; x_wconf 90' lang='lat'><em>0</em></span> <span class='ocrx_word' id='word_1_387' title='bbox 968 2806 1091 2840; x_wconf 86' lang='lat' dir='ltr'>altarii</span> <span class='ocrx_word' id='word_1_388' title='bbox 1111 2807 1145 2840; x_wconf 93' lang='grc' dir='ltr'><em>Β</em></span> <span class='ocrx_word' id='word_1_389' title='bbox 1278 2807 1322 2841; x_wconf 94' lang='grc'>22</span> <span class='ocrx_word' id='word_1_390' title='bbox 1341 2807 1532 2841; x_wconf 85' lang='lat' dir='ltr'>restitutus</span> <span class='ocrx_word' id='word_1_391' title='bbox 1551 2806 1598 2839; x_wconf 89' lang='lat' dir='ltr'>sit</span> <span class='ocrx_word' id='word_1_392' title='bbox 1616 2817 1635 2840; x_wconf 89' lang='lat' dir='ltr'><strong><em>O</em></strong></span> 
     </span>
     <span class='ocr_line' id='line_1_40' title="bbox 169 2862 1637 2909; baseline -0.001 -12"><span class='ocrx_word' id='word_1_393' title='bbox 169 2864 214 2898; x_wconf 85' lang='grc'>23</span> <span class='ocrx_word' id='word_1_394' title='bbox 231 2864 369 2907; x_wconf 72' lang='lat' dir='ltr'>ducein!</span> <span class='ocrx_word' id='word_1_395' title='bbox 397 2865 549 2899; x_wconf 83' lang='lat' dir='ltr'>iudicem</span> <span class='ocrx_word' id='word_1_396' title='bbox 567 2875 586 2899; x_wconf 90' lang='lat' dir='ltr'>o</span> <span class='ocrx_word' id='word_1_397' title='bbox 772 2862 920 2907; x_wconf 85' lang='lat' dir='ltr'>pecudes</span> <span class='ocrx_word' id='word_1_398' title='bbox 942 2874 1008 2898; x_wconf 81' lang='lat' dir='ltr'>om.</span> <span class='ocrx_word' id='word_1_399' title='bbox 1031 2865 1086 2898; x_wconf 81' lang='lat' dir='ltr'>Po</span> <span class='ocrx_word' id='word_1_400' title='bbox 1275 2865 1323 2909; x_wconf 87' lang='lat' dir='ltr'>et]</span> <span class='ocrx_word' id='word_1_401' title='bbox 1344 2866 1379 2898; x_wconf 85' lang='lat' dir='ltr'>et</span> <span class='ocrx_word' id='word_1_402' title='bbox 1397 2864 1428 2897; x_wconf 87' lang='lat' dir='ltr'>ei</span> <span class='ocrx_word' id='word_1_403' title='bbox 1446 2875 1477 2904; x_wconf 82' lang='lat' dir='ltr'>v,</span> <span class='ocrx_word' id='word_1_404' title='bbox 1495 2866 1530 2897; x_wconf 88' lang='lat' dir='ltr'>ct</span> <span class='ocrx_word' id='word_1_405' title='bbox 1548 2863 1598 2896; x_wconf 83' lang='lat' dir='ltr'>eis</span> <span class='ocrx_word' id='word_1_406' title='bbox 1617 2874 1637 2897; x_wconf 86' lang='lat'><em>0</em></span> 
     </span>
     <span class='ocr_line' id='line_1_41' title="bbox 170 2921 1364 2965; baseline 0 -10"><span class='ocrx_word' id='word_1_407' title='bbox 170 2921 215 2955; x_wconf 88' lang='grc'>24</span> <span class='ocrx_word' id='word_1_408' title='bbox 232 2921 406 2964; x_wconf 82' lang='lat' dir='ltr'>mancipio</span> <span class='ocrx_word' id='word_1_409' title='bbox 426 2922 474 2957; x_wconf 82' lang='lat' dir='ltr'>H.</span> <span class='ocrx_word' id='word_1_410' title='bbox 499 2924 604 2965; x_wconf 76' lang='lat' dir='ltr'>atquc</span> <span class='ocrx_word' id='word_1_411' title='bbox 625 2921 802 2965; x_wconf 85' lang='lat' dir='ltr'>mancipia</span> <span class='ocrx_word' id='word_1_412' title='bbox 824 2921 870 2954; x_wconf 72' lang='lat' dir='ltr'>T²</span> <span class='ocrx_word' id='word_1_413' title='bbox 1015 2921 1116 2965; x_wconf 82' lang='lat' dir='ltr'>pleno</span> <span class='ocrx_word' id='word_1_414' title='bbox 1135 2921 1300 2965; x_wconf 74' lang='lat' dir='ltr'>obsequio</span> <span class='ocrx_word' id='word_1_415' title='bbox 1320 2922 1364 2955; x_wconf 88' lang='lat' dir='ltr'><em>H</em></span> 
     </span>
    </p>
   </div>
   <div class='ocr_carea' id='block_1_4' title="bbox 1815 344 1829 1136">
    <p class='ocr_par' dir='ltr' id='par_1_7' title="bbox 1815 344 1829 1136">
     <span class='ocr_line' id='line_1_42' title="bbox 1815 344 1829 1136; textangle 90"><span class='ocrx_word' id='word_1_416' title='bbox 1820 1059 1829 1136; x_wconf 40' lang='lat' dir='ltr'>“aaz</span> <span class='ocrx_word' id='word_1_417' title='bbox 1819 968 1829 1054; x_wconf 52' lang='lat' dir='ltr'>nur-m—</span> <span class='ocrx_word' id='word_1_418' title='bbox 1815 525 1829 962; x_wconf 45' lang='lat' dir='ltr'>affl</span> <span class='ocrx_word' id='word_1_419' title='bbox 1816 457 1825 521; x_wconf 50' lang='lat' dir='ltr'>›Au-0»</span> <span class='ocrx_word' id='word_1_420' title='bbox 1818 411 1825 451; x_wconf 58' lang='lat' dir='ltr'>so·-</span> <span class='ocrx_word' id='word_1_421' title='bbox 1817 359 1824 398; x_wconf 57' lang='grc' dir='ltr'>«φ,-</span> <span class='ocrx_word' id='word_1_422' title='bbox 1817 344 1821 353; x_wconf 84' lang='grc'>-</span> 
     </span>
    </p>
   </div>
   <div class='ocr_carea' id='block_1_5' title="bbox 1818 1142 1830 1342">
    <p class='ocr_par' dir='ltr' id='par_1_8' title="bbox 1818 1142 1830 1342">
     <span class='ocr_line' id='line_1_43' title="bbox 1818 1142 1830 1342; textangle 90"><span class='ocrx_word' id='word_1_423' title='bbox 1826 1331 1830 1342; x_wconf 80' lang='grc'>.-</span> <span class='ocrx_word' id='word_1_424' title='bbox 1818 1219 1830 1285; x_wconf 47' lang='lat' dir='ltr'>dtu</span> <span class='ocrx_word' id='word_1_425' title='bbox 1819 1142 1829 1201; x_wconf 60' lang='grc' dir='ltr'>,ων-</span> 
     </span>
    </p>
   </div>
  </div>
 </body>
</html>
