1838 3152
519 264 576 297 De
601 263 714 297 bono
740 263 994 307 patientiae
1020 275 1046 297 c.
1074 265 1218 299 10—12.
1527 268 1612 309 405

107 368 227 424 quia
256 367 477 417 audisti,
524 366 679 420 inquit,
712 379 883 409 uocem
916 367 1154 409 mulieris
1185 370 1300 409 tuae
1331 370 1379 410 et
1408 369 1612 411 mandu-

109 436 243 481 casti
276 448 332 477 ex
364 435 460 477 illa
491 435 692 484 arbore,
740 435 795 477 de
826 449 920 489 qua
960 437 1070 477 sola
1111 448 1469 490 praeceperam
1510 437 1612 479 tibi

106 518 162 549 ne
191 504 544 554 manducares,
567 504 846 546 maledicta
867 506 1003 546 terra
1026 505 1127 546 erit
1158 504 1207 546 in
1238 505 1470 548 omnibus
1501 519 1613 559 ope-

107 574 255 616 ribus
286 574 412 622 tuis,
456 573 506 614 in
544 573 783 614 tristitia
814 574 863 615 et
893 573 1090 627 gemitu
1125 573 1241 615 edes
1274 587 1329 615 ex
1361 587 1417 616 ea
1449 575 1612 616 omui-

76 643 196 686 sbus
227 642 415 685 diebus
446 642 589 684 uitae
619 643 747 684 tuae.
781 642 954 695 spinas
986 643 1034 684 et
1065 642 1294 684 tribulos
1326 643 1482 685 eiciet
1512 643 1613 685 tibi

106 712 156 755 et
201 710 317 753 edes
364 710 619 764 pabulum
664 711 788 765 agri.
835 711 883 752 in
928 710 1112 752 sudore
1156 712 1345 753 uultus
1386 712 1463 754 tui
1495 712 1613 754 edes

106 793 284 836 panem
316 781 483 830 tuum,
536 780 690 822 donec
738 781 1025 823 reuertaris
1071 781 1123 822 in
1169 782 1367 823 terram
1415 781 1473 823 de
1519 795 1614 834 qua

105 850 341 903 sumptus
372 861 447 891 es:
494 849 739 902 quoniam
785 850 928 892 terra
974 862 1022 891 es
1068 851 1115 892 et
1160 850 1209 892 iu
1255 852 1447 892 terram
1495 850 1611 891 ibis.

106 918 228 961 huius
265 918 491 960 sententiae
527 918 690 959 uinculo
728 919 925 974 conligati
957 930 1097 960 omnes
1135 921 1176 961 01
1212 919 1424 960 constricti
1456 931 1613 970 sumus,

61 1001 94 1027 ιο
106 987 230 1030 (10000
261 988 391 1028 morte
422 988 623 1040 expuncta
654 986 703 1028 de
735 987 814 1028 isto
846 987 1004 1029 saeculo
1026 987 1275 1029 recedamus.
1311 988 1353 1029 in
1374 988 1552 1030 tristitia
1574 990 1614 1030 et

106 1055 267 1112 gemitu
289 1055 420 1097 simus
441 1068 603 1097 necesse
626 1057 687 1098 est
709 1056 901 1098 omnibus
923 1056 1068 1098 diebus
1091 1056 1203 1098 uitae
1225 1058 1390 1099 nostrae
1404 1091 1413 1109 ,
1446 1057 1615 1099 edamus

106 1138 252 1180 panem
273 1136 432 1166 necesse
455 1125 517 1165 est
538 1137 629 1166 cum
654 1124 799 1166 sudore
821 1126 862 1166 et
884 1124 1033 1166 labore.

163 1194 281 1236 Vnde
302 1194 582 1247 uuusquisque
614 1206 707 1235 cum
737 1194 922 1235 nascitur
952 1195 994 1236 et
1025 1194 1203 1249 hospitio
1237 1195 1382 1237 mundi
1404 1195 1526 1236 huius
1547 1207 1615 1236 ex·
1638 1200 1686 1240 12

107 1263 276 1317 cipitur,
323 1263 491 1304 initium
529 1263 657 1304 sumit
693 1275 716 1304 a
751 1262 933 1305 lacrimis
970 1264 1010 1305 et
1046 1264 1237 1317 quamuis
1270 1264 1402 1306 adhuc
1433 1264 1617 1306 omnium

62 1331 266 1375 ”nescius
299 1332 339 1373 et
369 1331 535 1386 ignarus
567 1332 672 1373 nihil
703 1332 816 1375 aliud
838 1333 954 1375 nouit
976 1333 1018 1375 111
1039 1333 1111 1375 illa
1133 1334 1222 1387 ipsa
1243 1334 1377 1387 prima
1397 1334 1617 1376 natiuitate

26 1391 50 1435 '2³⁷
107 1414 230 1455 quam
260 1400 368 1443 flere.
399 1401 658 1454 prouidentia
679 1402 859 1444 naturali
891 1402 1146 1444 lamentatur
1180 1403 1292 1445 uitae
1325 1403 1514 1444 mortalis
1544 1415 1616 1444 an-

107 1469 279 1512 xietates
301 1471 342 1512 et
363 1470 522 1512 labores
543 1472 584 1512 et
605 1470 804 1523 procellas
827 1471 970 1512 mundi
992 1483 1093 1524 quas
1116 1471 1350 1527 ingreditur
1381 1472 1423 1513 in
1454 1471 1617 1514 exordio

108 1538 251 1581 statim
273 1551 344 1580 suo
366 1538 531 1592 ploratu
552 1539 593 1580 et
614 1539 775 1593 gemitu
793 1539 907 1581 rudis
924 1539 1062 1581 anima
1078 1540 1269 1582 testatur.
1304 1539 1477 1581 sudatur
1508 1539 1619 1581 0111111

108 1608 305 1662 quamdiu
326 1608 420 1650 istic
450 1607 609 1649 0101101·
639 1609 681 1650 01
717 1607 939 1649 laboratur.
971 1620 1044 1650 nec
1075 1608 1323 1651 sudantibus
1354 1610 1396 1650 et
1427 1608 1619 1650 laboran-

65 1678 219 1720 notibus
240 1679 411 1730 possunt
433 1678 514 1720 alia
535 1678 669 1733 magis
691 1691 815 1731 quam
832 1678 1056 1731 patientiae
1074 1678 1291 1721 subuenire
1310 1678 1483 1720 solacia:
1516 1690 1619 1731 quae

110 1758 203 1789 cum
225 1749 323 1802 apta
343 1748 427 1789 sint
449 1748 489 1790 et
510 1748 737 1790 necessaria
759 1747 801 1790 10
823 1748 902 1789 isto
926 1748 1078 1789 mundo
1101 1748 1326 1800 uniuersis,
1361 1748 1453 1789 tum
1485 1746 1620 1801 magis

110 1816 225 1858 nobis
247 1816 317 1870 qui
339 1816 502 1859 diabolo
524 1817 777 1871 inpugnante
798 1817 891 1870 plus
913 1817 1145 1870 quatimur,
1179 1817 1249 1871 qui
1281 1817 1324 1858 in
1354 1817 1438 1858 acie
1470 1815 1622 1858 cotidie

111 1885 267 1927 stantes
290 1885 509 1928 inueterati
533 1887 574 1928 et
596 1886 811 1928 exercitati
834 1886 965 1928 hostis
988 1886 1362 1929 conluctationibus
1382 1885 1621 1941 fatigamur,

111 1954 257 2008 quibus
279 1956 440 2010 praeter
461 1956 595 1997 uarias
618 1957 659 1998 et
680 1954 872 1997 adsiduas
894 1956 1216 2009 temptationum
1240 1968 1400 2010 pugnas
1423 1955 1466 1996 in
1486 1966 1623 2008 perse-

68 2024 320 2067 nscutionum
337 2036 496 2078 quoque
513 2024 736 2066 certamine
757 2024 1005 2078 patrimonia
1026 2024 1291 2078 relinquenda
1313 2025 1421 2074 sunt,
1445 2023 1624 2065 subeun-

111 2093 186 2135 dus
221 2106 378 2145 carcer,
410 2093 634 2148 portandae
670 2095 856 2144 catenae,
900 2094 1061 2136 animae
1097 2093 1398 2147 inpendendae,
1445 2092 1622 2147 gladius,

111 2161 286 2213 bestiae,
319 2163 454 2218 ignes,
488 2175 645 2214 cruces,
693 2163 830 2204 omnia
862 2162 1034 2216 denique
1065 2163 1366 2205 tormentorum
1399 2174 1445 2204 ac
1475 2173 1624 2216 poena-

114 2244 203 2273 rum
242 2244 390 2287 genera
423 2232 500 2273 fide
534 2233 576 2274 et
610 2231 766 2274 uirtute
804 2231 1029 2286 patientiae
1066 2232 1304 2286 perferenda
1338 2230 1515 2273 Domino
1537 2230 1625 2285 ipso

250 2358 267 2391 1
296 2357 381 2391 Gen.
401 2357 434 2398 3,
453 2357 494 2391 17
515 2368 565 2402 sq.

180 2459 202 2493 2
225 2459 267 2494 dc
285 2470 350 2495 om.
371 2460 399 2495 S
466 2461 489 2495 3
514 2459 739 2495 manducaris
759 2460 788 2494 S
859 2460 1024 2495 omnibus
1042 2471 1107 2495 om.
1128 2461 1158 2496 S
1237 2461 1259 2495 4
1284 2460 1407 2495 tristia
1432 2460 1462 2495 S
1543 2459 1565 2492 ἶ)
1590 2462 1626 2493 01

116 2517 234 2562 spinas
253 2517 284 2553 S
372 2518 393 2551 6
418 2518 468 2563 10]
487 2520 523 2552 01
541 2518 578 2552 111
598 2519 649 2554 W
729 2519 891 2554 sudorem
906 2519 936 2554 S
1027 2519 1047 2553 7
1074 2520 1168 2554 terra
1187 2519 1216 2553 S
1309 2519 1331 2553 8
1357 2520 1522 2563 sumptus
1542 2518 1573 2549 (τ’
1592 2521 1625 2552 et

115 2574 257 2621 August
280 2576 300 2610 l.
322 2587 369 2617 0.,
396 2575 605 2620 adsumptus
625 2576 669 2617 S,
695 2578 732 2610 ct
757 2578 920 2621 sumptus
943 2577 1007 2618 lV3
1034 2578 1080 2620 cf.
1107 2580 1184 2612 test.
1213 2576 1286 2611 III
1303 2579 1351 2611 58
1445 2575 1624 2620 quoniam]

117 2633 199 2677 quia
216 2645 236 2668 v
305 2634 452 2678 terram]
471 2635 567 2667 terra
586 2633 616 2668 S
687 2634 732 2668 10
757 2635 933 2679 expuncta
950 2635 1063 2669 morte
1085 2645 1103 2669 υ
1177 2634 1218 2667 11
1245 2644 1365 2667 sumus
1386 2633 1435 2668 W
1507 2633 1549 2666 12
1575 2632 1627 2666 la-

115 2689 196 2725 bore
214 2693 251 2725 et
268 2690 393 2726 sudore
412 2692 462 2727 W
532 2692 574 2726 13
592 2702 752 2736 unusque
769 2693 832 2727 W*
844 2719 851 2733 ‚
871 2692 1113 2736 unusquisque
1132 2694 1292 2726 nostrum
1312 2702 1330 2726 v
1402 2691 1444 2725 14
1463 2691 1627 2735 quamuis

116 2757 162 2782 ex
174 2749 362 2793 quamquis
383 2748 415 2783 G
429 2760 473 2783 m.
487 2751 510 2783 2
583 2749 624 2784 16
643 2749 860 2784 lamentetur
876 2750 905 2785 S
974 2750 1150 2794 mortalis]
1166 2749 1373 2794 temporalis
1389 2748 1422 2784 V
1491 2748 1532 2782 17
1551 2759 1628 2793 pro-

118 2804 221 2839 001103
244 2805 276 2840 G
359 2806 394 2839 in
412 2817 477 2840 om.
493 2806 543 2842 W
635 2807 677 2841 19
703 2807 769 2842 stic
789 2807 818 2842 S
901 2807 1113 2842 sudantibus
1131 2809 1167 2841 ct
1184 2817 1249 2841 om.
1272 2807 1303 2840 G
1396 2807 1442 2840 20
1466 2807 1629 2840 suuenire

125 2861 206 2904 W¹‚
231 2862 403 2897 sublinire
422 2863 469 2907 S;
496 2865 543 2907 cf.
563 2864 607 2899 cle
623 2865 698 2899 zelo
716 2869 749 2900 et
766 2865 787 2900 l.
808 2876 835 2901 c.
851 2868 875 2900 9
946 2866 987 2900 21
1015 2865 1065 2900 sit
1088 2865 1161 2899 GV
1228 2867 1313 2899 tunc
1333 2864 1417 2899 WG
1488 2864 1533 2898 24
1550 2874 1628 2908 pcr-

127 2920 337 2955 secutionem
359 2922 405 2955 G'
477 2923 520 2956 27
549 2922 664 2957 bestia
681 2924 717 2957 ct
733 2926 808 2957 oms
825 2934 943 2957 cruces
964 2923 995 2956 G
1067 2921 1222 2966 deni-que
1241 2923 1270 2956 S
