1912 3152
279 207 361 248 302
817 201 1010 236 Caecilii
1035 199 1254 245 Cypriani

242 322 265 360 9
337 307 444 360 Quin
466 308 593 349 immo
631 306 665 347 si
698 319 776 359 qua
797 305 1054 354 condicione,
1100 318 1178 357 qua
1216 304 1305 358 lege
1341 304 1558 345 crediderit
1592 303 1785 345 christia-

279 389 354 418 nus
378 377 518 418 noscat
541 376 581 417 et
602 374 759 423 teneat,
782 373 882 414 sciet
904 374 995 425 plus
1018 373 1096 414 sibi
1119 386 1242 425 quam
1264 372 1408 413 ceteris
1430 373 1471 413 in
1493 372 1651 413 saeculo
1673 372 1787 413 labo-

280 445 472 495 randum,
507 444 572 485 cui
609 443 744 497 magis
780 443 834 483 sit
871 456 965 483 cum
1003 442 1157 483 diaboli
1194 441 1491 496 inpugnatione
1528 440 1783 482 luctandum.

280 515 395 556 docet
432 514 473 555 et
507 513 745 567 praemonet
781 512 984 565 scriptura
1021 510 1162 551 diuina
1198 511 1355 552 dicens:
1396 509 1503 559 fili,
1537 510 1786 551 accedens

277 584 334 624 ad
367 581 676 624 seruitutem
708 580 799 622 Dei
833 581 910 621 sta
943 578 1240 620 iniustitia
1273 580 1320 620 et
1351 579 1533 619 timore
1565 580 1611 619 et
1641 591 1786 631 prae·
1818 588 1832 611 5

276 665 400 705 para
444 650 664 691 animam
710 650 850 690 tuam
896 648 953 688 ad
992 647 1408 699 temptationem,
1457 648 1497 688 et
1532 647 1705 688 iterum:
1739 647 1786 688 in

277 720 449 761 dolore
471 719 674 760 sustine
707 719 757 759 et
787 718 836 758 in
859 717 1165 758 humilitate
1187 717 1276 757 tua
1304 717 1618 769 patientiam
1640 716 1786 764 habe,

277 789 519 842 quoniam
550 789 603 829 111
635 788 750 841 igne
782 786 1030 839 probatur
1061 800 1241 828 aurum
1274 787 1321 827 et
1353 786 1634 840 argentum.

209 872 257 911 11)
334 858 399 900 Sic
431 859 502 899 Iob
535 859 627 912 post
658 870 793 898 rerum
825 856 994 907 damna,
1026 858 1119 910 post
1141 857 1359 911 pignerum
1382 855 1523 897 funera
1546 854 1787 896 uulneribus

276 939 434 979 quoque
457 928 496 967 et
520 926 729 967 uermibus
753 925 935 979 grauiter
966 924 1155 966 adflictus
1177 937 1255 966 non
1277 925 1413 966 uictus
1452 924 1513 965 est
1545 923 1612 965 sed
1643 923 1788 976 proba·
1803 928 1834 952 10

275 996 354 1045 tus,
380 995 449 1048 qui
471 995 513 1035 in
535 995 634 1048 ipsis
658 993 1028 1036 conflictationibus
1047 996 1086 1035 et
1104 994 1311 1036 doloribus
1331 994 1415 1035 suis
1433 993 1675 1047 patientiam
1694 992 1790 1033 reli-

276 1064 412 1118 giosae
434 1064 585 1105 mentis
607 1063 822 1104 ostendens
845 1063 924 1104 ait:
948 1064 1111 1105 nudus
1145 1063 1282 1105 exiui
1314 1064 1372 1105 de
1403 1062 1590 1104 matris
1621 1062 1788 1108 utero,

274 1132 439 1174 nudus
472 1133 630 1174 etiam
663 1133 744 1174 ibo
777 1133 867 1174 sub
899 1133 1102 1174 terram.
1150 1134 1397 1175 Dominus
1438 1132 1788 1174 (16111161Βο-

274 1201 441 1242 minus
474 1202 719 1244 abstulit:
754 1203 891 1244 sicut
913 1202 1127 1243 Domino
1150 1202 1319 1243 uisum
1352 1203 1450 1247 est,
1483 1201 1557 1243 ita
1590 1201 1788 1243 factum

273 1271 360 1312 est.
395 1271 472 1311 sit
505 1283 680 1312 nomen
713 1271 921 1312 Domini
961 1271 1308 1313 benedictum.
1358 1272 1398 1312 et
1435 1283 1524 1312 cum
1561 1283 1654 1312 eum
1689 1281 1833 1312 uxor15

273 1352 431 1393 quoque
469 1340 740 1393 conpelleret,
789 1342 835 1382 ut
872 1340 914 1381 ui
953 1340 1103 1382 doloris
1148 1340 1352 1393 inpatiens
1387 1339 1546 1392 aliquid
1587 1341 1784 1381 aduersus

273 1410 407 1450 Deum
445 1410 614 1463 querula
651 1410 690 1451 et
728 1409 933 1451 inuidiosa
955 1422 1052 1451 uoce
1075 1409 1331 1462 loqueretur,
1365 1409 1575 1462 respondit
1598 1410 1637 1450 et
1660 1409 1785 1450 dixit:

270 1478 534 1530 tamquam
581 1491 678 1519 una
724 1491 777 1520 ex
823 1478 1206 1531 insipientibus
1252 1478 1565 1520 mulieribus
1614 1479 1787 1519 locuta

273 1558 334 1587 es.
384 1547 426 1587 si
475 1547 604 1588 bona
650 1547 942 1600 excepimus
989 1548 1045 1588 de
1086 1560 1237 1588 manu
1268 1547 1492 1593 Domini,
1525 1547 1661 1588 mala
1692 1559 1784 1588 non

272 1614 645 1657 tolerabimus?
689 1617 739 1657 111
785 1616 865 1656 his
913 1616 1154 1657 omnibus
1200 1630 1326 1669 quae
1366 1617 1707 1671 contigerunt
1740 1615 1832 1657 ei20

273 1683 409 1724 nihil
447 1685 688 1737 peccauit
720 1684 806 1727 101)
838 1684 995 1726 labiis
1028 1686 1135 1726 suis
1167 1685 1217 1726 in
1248 1686 1525 1740 conspectu
1561 1685 1782 1727 Domini.

274 1751 412 1805 itaque
449 1754 513 1794 illi
549 1754 750 1796 Dominus
788 1756 898 1796 Deus
930 1754 1118 1807 perhibet
1156 1756 1443 1797 testimonium
1477 1755 1634 1797 dicens:
1682 1756 1784 1798 ani-

272 1822 615 1864 maduertisti
647 1836 858 1876 puerum
889 1836 1051 1865 meum
1083 1824 1207 1866 Iob?
1239 1837 1332 1866 non
1365 1825 1499 1866 enim
1532 1826 1608 1866 est
1642 1825 1782 1866 simi-

271 1890 342 1931 lis
390 1891 475 1932 illi
523 1892 790 1945 quisquam
837 1893 884 1933 111
918 1893 1106 1944 terris,
1162 1894 1305 1935 homo
1359 1894 1472 1936 sine
1520 1895 1781 1947 querella,

271 1972 426 2000 uerus
458 1961 552 2002 Dei
587 1962 767 2003 cultor.
812 1964 852 2003 et
880 1962 1028 2004 Tobias
1063 1964 1155 2016 post
1177 1975 1297 2016 opera
1318 1963 1555 2017 magnifica,
1587 1964 1679 2016 post
1701 1964 1826 2004 1111-25

270 2029 514 2070 sericordiae
537 2041 632 2071 suae
654 2030 787 2071 multa
810 2031 849 2071 et
871 2031 1049 2085 gloriosa
1070 2032 1284 2085 praeconia
1308 2032 1552 2074 caecitatem
1573 2032 1781 2074 luminum

270 2108 411 2149 passus
433 2097 584 2138 timens
604 2099 643 2139 et
661 2098 905 2140 benedicens
928 2099 970 2140 in
992 2101 1175 2142 aduersis
1194 2102 1329 2143 Deum
1353 2115 1424 2154 per
1446 2102 1580 2155 ipsam
1602 2103 1779 2156 corporis

270 2164 334 2205 sui
357 2165 513 2207 cladem
537 2167 666 2208 creuit
689 2168 739 2208 ad
763 2166 946 2219 laudem,
978 2181 1100 2221 quem
1123 2170 1161 2211 et
1183 2170 1320 2223 ipsum
1342 2182 1442 2211 uxor
1463 2183 1535 2212 sua
1557 2171 1779 2224 deprauare

403 2303 424 2335 4
452 2304 516 2336 s'ir.
536 2305 567 2338 22,
592 2304 667 2337 1.4.
688 2305 718 2338 ἵ),
863 2307 905 2339 12
933 2306 994 2340 Iob
1015 2308 1043 2347 1,
1063 2308 1116 2342 21.
1266 2310 1308 2343 13
1335 2309 1397 2343 Iob
1416 2311 1446 2351 2,
1468 2310 1518 2344 10.
1540 2313 1573 2344 et
1594 2312 1622 2350 1,
1643 2312 1695 2346 2⁴2.

269 2359 313 2392 ⁶22
338 2360 401 2393 Iob
421 2362 450 2395 1.
468 2361 498 2394 8.

340 2463 355 2495 1
384 2463 584 2498 conditione
609 2465 696 2499 WG
782 2467 802 2500 2
829 2467 898 2501 sibi
917 2469 995 2511 plus
1018 2468 1049 2503 G
1137 2480 1241 2513 «11161111
1261 2471 1387 2505 ceteris
1405 2483 1470 2506 om.
1493 2472 1521 2507 Ο
1599 2474 1619 2506 4
1646 2474 1775 2518 dicens}

268 2529 357 2562 quae
374 2520 464 2554 dicit
489 2522 521 2555 V
588 2523 608 2556 ὗ
634 2523 760 2557 timore
780 2535 824 2558 ea:
842 2536 939 2559 more
958 2527 1007 2561 W
1025 2537 1064 2560 m.
1085 2528 1110 2560 2
1181 2528 1202 2561 8
1229 2530 1428 2573 argentum]
1449 2530 1533 2564 add.
1558 2542 1592 2566 v:
1619 2531 1775 2565 homines

267 2587 350 2611 uero
376 2578 600 2623 receptibiles
619 2580 655 2613 in
674 2581 810 2615 camino
831 2583 1094 2618 humiliationis
1183 2586 1203 2619 9
1229 2586 1417 2629 pignorum
1440 2587 1543 2622 WOz-
1639 2589 1682 2621 io
1708 2599 1774 2623 11011

267 2634 383 2668 uictus
401 2646 464 2669 om.
493 2636 522 2669 (i
614 2638 654 2670 12
680 2640 779 2672 utero
799 2640 924 2673 matris
950 2641 999 2675 02·
1088 2643 1129 2675 1:23
1157 2642 1220 2676 sub
1239 2645 1370 2677 terram
1389 2644 1446 2678 ibo
1471 2644 1499 2679 O
1586 2649 1621 2679 ot
1647 2647 1694 2680 W*
1709 2659 1734 2680 s.
1755 2647 1773 2681 l.

265 2702 309 2725 m.
328 2694 369 2732 2,
396 2703 459 2726 om.
477 2705 496 2727 1·
570 2694 611 2728 14
639 2695 754 2729 uisum
775 2697 840 2741 est]
860 2697 993 2740 placuit
1020 2699 1051 2731 V
1124 2700 1166 2733 1ss
1184 2710 1320 2743 quoque
1339 2712 1400 2735 sua
1419 2713 1438 2736 2³
1511 2703 1551 2736 17
1579 2693 1662 2737 unffi
1677 2704 1709 2738 G

267 2750 445 2791 quaerella
470 2751 498 2785 ()
594 2752 636 2785 18
662 2753 915 2797 insipientibus
935 2755 974 2790 S,
1004 2755 1136 2800 ineptis
1153 2757 1296 2792 OWGz·
1370 2759 1412 2792 19
1439 2760 1634 2804 excepimus
1646 2761 1775 2801 SWI',

266 2806 456 2849 excipimus
481 2808 527 2848 O,
548 2809 772 2861 suscepimus
794 2822 831 2850 v.
858 2813 1116 2856 exsuscepimus
1141 2814 1172 2849 G
1264 2826 1323 2849 cur
1340 2827 1406 2850 non
1432 2816 1482 2851 01·
1580 2818 1623 2851 20
1648 2819 1773 2852 tolera-

266 2873 343 2896 mus
359 2863 388 2897 S
448 2865 492 2898 22>
510 2865 574 2899 dns
593 2858 631 2900 d}
650 2867 707 2901 illi
731 2867 761 2902 G
840 2870 919 2902 test.
942 2871 1034 2912 perh.
1056 2871 1106 2905 W
1174 2872 1218 2905 24
1243 2872 1346 2906 homo
1365 2884 1427 2908 om.
1450 2874 1478 2909 »S
1548 2875 1688 2918 querela
1709 2876 1774 2909 U'v
