1912 3152
216 218 270 259 64
745 211 938 246 Caecilii
963 210 1178 255 Cypriani

211 320 320 361 niam
343 317 481 359 Iudaei
511 316 627 370 signa
648 315 878 357 desiderant
900 315 940 355 et
962 314 1104 356 Graeci
1125 313 1386 367 prudentiam
1408 314 1618 366 quaerunt,
1641 326 1712 355 nos

210 389 348 429 autem
370 385 649 438 praedicamus
670 383 878 425 Christum
902 382 1150 433 crucifixum,
1174 381 1336 422 Iudaeis
1359 380 1524 434 quidem
1545 382 1712 423 scanda-

209 457 309 505 lum,
339 453 529 508 gentibus
558 453 696 493 autem
724 451 962 501 stultitiam,
992 450 1093 503 ipsis
1117 450 1254 490 autem
1283 449 1458 499 uocatis⁷
1489 449 1651 491 Iudaeis
1673 451 1713 491 et

211 522 388 572 Graecis,
412 521 622 563 Christum
643 520 719 562 Dei
742 520 941 561 uirtutem
963 519 1003 560 et
1024 518 1100 560 Dei
1123 518 1379 570 sapientiam.

210 627 341 678 QVOD
371 638 610 667 SAPIENTIA
641 637 720 666 DEI
750 634 992 673 CHRISTVS‚
1024 635 1080 664 ET
1102 635 1163 663 DE
1186 633 1487 664 SACRAMENTO
1510 634 1714 664 CONCAR-
1746 634 1760 658 5

208 706 422 737 NATIONIs
445 705 545 735 EIVS
575 706 631 734 ET
660 703 889 734 PASSIONIS
919 703 976 732 ET
1005 702 1181 733 CALICIS
1210 703 1266 731 ET
1294 702 1487 732 ALTARIS
1517 704 1573 732 ET
1605 705 1715 735 APO-

482 773 737 811 STOLORVM,
766 773 843 810 QVI
865 771 983 801 MISSI
1006 771 1434 801 PRAEDICAVERUNT.

170 853 193 892 2
269 841 422 895 Apud
454 841 770 884 Salomonem
806 841 854 881 in
883 840 1203 881 Prouerbiis:
1237 839 1445 893 Sapientia
1480 840 1712 882 aedificauit

210 910 287 951 sibi
306 911 470 951 domum
491 911 531 951 et
549 909 732 951 subdidit
750 909 958 950 columna-s
975 910 1146 961 septem.
1170 908 1371 950 mactauit
1388 921 1504 949 suam
1520 910 1711 959 hostiam,

208 979 375 1021 miscuit
417 979 458 1020 in
494 979 645 1020 cratere
682 978 826 1019 uinum
865 990 985 1018 suum
1016 979 1055 1018 et
1086 977 1250 1031 parauit
1293 990 1409 1019 suam
1454 990 1638 1019 mensam
1674 978 1714 1019 et
1729 995 1761 1020 ιο

210 1048 324 1089 misit
354 1059 489 1090 seruos
521 1059 613 1088 suos
636 1058 855 1087 conuocans
886 1058 977 1087 cum
1008 1047 1163 1088 excelsa
1193 1047 1491 1099 praedicatione
1513 1047 1564 1088 ad
1585 1047 1714 1087 crate-

208 1130 307 1166 rem,
328 1116 486 1158 dicens:
519 1116 588 1169 qui
611 1116 672 1157 est
693 1115 901 1167 insipiens,
926 1114 1100 1156 declinet
1116 1116 1166 1156 ad
1183 1129 1262 1157 me.
1295 1117 1336 1157 et
1356 1115 1573 1170 egentibus
1595 1128 1713 1157 sensu

209 1186 332 1227 dixit:
365 1185 513 1235 uenite,
553 1184 660 1226 edite
682 1184 731 1225 de
753 1183 854 1225 meis
876 1183 1048 1236 panibus
1067 1184 1107 1225 et
1122 1184 1254 1225 bibite
1271 1184 1414 1225 uinum
1437 1185 1543 1237 quod
1564 1185 1712 1226 miscui

208 1255 336 1296 uobis,
370 1253 637 1306 derelinquite
659 1252 883 1294 stultitiam
907 1254 947 1293 et
970 1252 1152 1305 quaerite
1173 1253 1435 1307 prudentiam
1457 1254 1497 1294 et
1518 1254 1711 1308 corrigite

210 1323 379 1366 scientia
400 1322 740 1376 intellegentiam.
1730 1335 1760 1360 15

499 1424 630 1476 QVOD
654 1436 872 1467 CHRISTVS
895 1438 1009 1466 IDEM
1034 1437 1101 1466 SIT
1124 1437 1271 1467 SERMO
1294 1438 1386 1467 DEI.

169 1512 192 1552 3
264 1508 322 1549 In
352 1507 546 1561 psalmo
567 1505 746 1546 XLIHI:
768 1506 985 1547 Eructauit
1003 1518 1222 1547 cormeum
1245 1506 1415 1548 uerbum
1436 1506 1601 1557 bonum,
1625 1507 1714 1549 dico

208 1590 281 1631 ego
311 1588 428 1629 opera
456 1587 546 1616 mea
574 1575 675 1630 regi.
716 1575 844 1616 Item
872 1575 922 1616 in
949 1575 1144 1627 psalmo
1173 1575 1353 1616 XXXII:
1388 1575 1520 1617 Verbo
1548 1576 1714 1617 Domini

209 1645 311 1688 caeli
332 1644 485 1685 firmati
507 1645 602 1685 sunt
624 1644 663 1684 et
685 1644 834 1696 spiritu
856 1643 936 1684 oris
959 1643 1044 1685 eius
1074 1643 1205 1685 omnis
1235 1643 1367 1684 uirtus
1400 1656 1550 1685 eorum.
1585 1645 1713 1687 ltem

210 1714 338 1766 apud
360 1712 561 1753 Esaiam
595 1712 911 1765 prophetam:
944 1712 1124 1753 Verbum
1150 1725 1435 1754 consummans
1465 1714 1504 1754 et
1524 1713 1713 1756 breuians
1729 1723 1762 1748 20

210 1783 251 1823 in
283 1783 465 1824 iustitia:
507 1782 698 1834 quoniam
735 1794 960 1823 sermonem
998 1781 1231 1822 breuiatum
1267 1781 1390 1823 faciet
1419 1783 1527 1823 Deus
1556 1783 1598 1824 in
1627 1785 1714 1825 toto

345 1896 368 1927 8
395 1896 495 1929 Pron.
517 1897 550 1930 ξ’.
572 1896 586 1928 1
613 1906 661 1938 sq.
739 1895 785 1930 17
812 1895 867 1928 Ps.
889 1894 950 1930 44.
970 1894 1127 1929 218
1154 1895 1210 1928 Ps.
1231 1894 1291 1935 32,
1312 1895 1345 1930 6.
1411 1896 1462 1931 20
1488 1896 1542 1930 Es.
1565 1897 1624 1932 10.
1652 1896 1711 1932 23.

279 2013 295 2044 1
323 2010 536 2054 desiderant]
560 2011 685 2054 petunt
707 2010 756 2044 W
758 2010 792 2043 R
862 2009 1089 2052 prudentiam
1103 2010 1286 2051 ALBM2,
1313 2011 1526 2055 sapientiam
1546 2011 1641 2046 WM
1650 2015 1655 2032 ¹

208 2068 231 2102 3
258 2068 345 2111 ipsis
364 2078 407 2101 ca)
425 2067 492 2111 ipsi
507 2068 541 2100 Α
612 2067 746 2100 uocatis
773 2077 817 2100 ecc
841 2066 969 2100 uocitis
985 2067 1018 2100 L
1101 2068 1124 2103 5
1150 2067 1206 2100 dei
1232 2067 1387 2101 christus
1413 2068 1462 2102 sit
1482 2069 1530 2102 M
1537 2096 1545 2110 ‚
1570 2069 1633 2103 sed
1658 2068 1713 2102 dei

208 2129 241 2159 et
267 2126 315 2158 sit
341 2125 424 2159 aad.
444 2136 487 2158 w.
506 2128 529 2159 :2
601 2125 860 2158 incarnationes
880 2125 933 2165 M,
961 2124 1217 2158 incarnationis
1238 2137 1258 2159 r
1329 2125 1352 2161 8
1378 2125 1471 2169 apud
1497 2126 1711 2159 salomonem

207 2194 272 2217 om.
287 2183 321 2215 A
392 2182 587 2226 prouerbiis
606 2182 649 2222 A,
670 2182 856 2225 paroemiis
879 2182 1048 2216 WLMB
1138 2182 1160 2218 9
1188 2182 1309 2216 subdit
1323 2183 1369 2216 M
1378 2187 1382 2204 ¹
1477 2193 1557 2217 suas
1575 2182 1711 2216 hostias

207 2241 254 2274 M
258 2251 274 2273 z:
371 2239 419 2275 10
444 2241 580 2273 cratera
599 2250 631 2279 r,
660 2241 819 2282 grater-e*
833 2239 878 2273 M
904 2240 951 2281 (m
970 2242 1076 2279 eras.)
1148 2239 1292 2283 parabit
1306 2240 1339 2272 A
1433 2251 1513 2273 suas
1532 2251 1596 2274 om.
1613 2240 1647 2273 B

209 2298 250 2330 11
270 2307 348 2330 suos
375 2307 491 2330 seruos
508 2296 590 2330 MR
657 2296 804 2340 excelsa]
825 2296 940 2330 excisa
964 2298 1008 2331 W
1069 2299 1243 2341 grat-erem
1261 2298 1310 2330 L¹
1402 2298 1447 2332 12
1466 2298 1544 2341 quis
1564 2298 1647 2331 LM

208 2355 253 2390 13
279 2356 314 2387 et
340 2354 432 2387 edite
451 2355 551 2388 WB.
579 2354 693 2387 aeditor
711 2354 756 2387 J!
860 2354 907 2389 14
933 2355 1098 2399 corrigite
1121 2355 1310 2389 ALM1R.
1339 2355 1501 2398 corripite
1521 2356 1578 2391 W,
1604 2354 1713 2398 perci-

206 2411 280 2455 pite
296 2412 358 2444 312
441 2412 485 2447 15
513 2411 658 2444 seientia
675 2411 723 2450 L,
752 2411 938 2444 scientiam
954 2412 1128 2446 AWMv.
1155 2412 1379 2446 inscientiam
1395 2413 1429 2445 R
1501 2412 1712 2455 intellegen-

206 2469 295 2502 tiam
314 2468 401 2508 AL,
429 2470 463 2501 et
489 2468 770 2511 intelhgenffiam
785 2469 820 2501 R
831 2495 837 2507 ‚
863 2471 897 2502 et
916 2468 952 2501 in
970 2469 1248 2503 intel-:÷**entiam
1267 2470 1330 2504 W.
1365 2471 1400 2503 et
1418 2469 1638 2503 intellectum
1654 2469 1711 2509 M,

207 2526 244 2558 in
268 2525 452 2559 intellectu
474 2537 506 2565 {73
532 2524 788 2570 κατωρθώσατε
807 2527 845 2559 ‹31'
863 2525 991 2571 γνώσῃ
1013 2525 1160 2561 σύνεσιν
1175 2528 1292 2561 LXX
1372 2529 1414 2562 16
1439 2528 1529 2571 quod
1556 2528 1711 2562 Christus

208 2582 298 2615 idem
325 2582 373 2615 sit
399 2583 449 2615 bis
475 2583 613 2616 ewhshet
633 2584 667 2615 A
770 2585 804 2617 et
831 2594 944 2617 sermo
969 2585 1002 2618 L
1123 2585 1169 2620 17
1197 2585 1339 2618 XLIIH
1366 2596 1409 2618 es
1434 2586 1587 2619 XLVIII.
1610 2586 1645 2619 B

207 2640 408 2672 erin-tinniit
430 2641 463 2673 A
546 2640 704 2684 uerbum]
727 2652 918 2674 sermonem
941 2642 1015 2684 Jst‘?
1033 2643 1079 2684 cf.
1097 2643 1117 2675 l.
1134 2645 1178 2675 16
1276 2643 1322 2677 18
1348 2642 1501 2686 XXXII]
1528 2643 1645 2676 XXXI
1665 2644 1710 2685 B,

207 2696 401 2729 tricessimo
426 2697 537 2739 primo
556 2697 589 2730 L
660 2697 775 2741 uerbo]
805 2709 960 2732 sermone
979 2699 1123 2733 LMJJv
1194 2699 1327 2732 domini
1343 2701 1377 2733 Α
1404 2704 1436 2733 et
1460 2711 1486 2733 a.
1505 2701 1525 2733 I.
1552 2711 1596 2734 m.
1615 2703 1637 2734 2
1651 2701 1710 2741 W,

207 2753 263 2786 dei
280 2754 419 2786 LML'z-
516 2754 561 2788 1‘.)
590 2754 722 2787 firmati
739 2756 844 2798 ΑΠ’,
873 2756 1017 2789 solidati
1045 2757 1185 2790 LMRo
1262 2757 1332 2790 oris
1359 2769 1422 2791 om.
1442 2758 1513 2790 LI}
1595 2757 1710 2791 uirtus

208 2820 325 2843 eorum
346 2811 395 2844 W
417 2821 442 2842 s.
462 2811 481 2843 l.
511 2822 551 2844 m.
573 2813 596 2843 :2
667 2811 718 2847 20
743 2812 948 2855 proplietam
976 2825 1039 2847 om.
1064 2814 1253 2848 'WLJIBU
1332 2825 1538 2847 consumans
1555 2816 1643 2850 ΑΠ’

212 2868 257 2902 21
285 2866 463 2900 iustitiam
486 2868 618 2902 WML'
