1838 3152
583 250 793 296 Epistula
816 249 1179 284 XLVI.—XLVII.
1543 249 1626 291 605

184 357 270 399 Nec
305 356 458 411 putetis
489 355 548 397 sic
578 367 650 396 uos
685 353 946 408 euangelium
977 351 1127 394 Christi
1164 353 1361 403 adserere,
1397 353 1495 394 dum
1532 363 1626 393 uos·
1639 356 1663 395 2

128 427 214 468 met
244 425 353 478 ipsos
374 437 398 466 a
418 423 571 465 Christi
605 435 726 477 grege
747 423 789 464 et
809 422 859 464 ab
882 422 969 463 eius
997 434 1096 474 pace
1117 422 1158 462 et
1179 420 1391 463 concordia
1412 420 1624 474 separatis,

128 506 221 535 cum
250 493 384 547 magis
405 491 613 534 militibus
634 491 824 545 gloriosis
845 491 887 532 et
908 490 1024 531 bonis
1047 490 1246 544 congruat
1267 489 1377 531 intra
1399 489 1625 531 domestica

128 563 260 604 castra
289 561 508 603 consistere
529 562 571 601 et
592 560 705 602 intus
733 559 888 614 positos
910 571 957 600 ea
978 571 1081 612 quae
1103 559 1145 599 in
1166 570 1380 599 commune
1408 557 1626 600 tractanda

98 650 112 674 ⁵
127 632 224 673 sunt
244 642 363 685 agere
379 642 426 671 ac
441 629 666 683 prouidere.
690 641 783 670 nam
805 640 898 670 cum
920 627 1171 669 unanimitas
1193 628 1236 668 et
1253 626 1467 668 concordia
1487 627 1626 667 nostra

126 698 256 740 scindi
285 699 449 739 omnino
478 710 557 738 non
578 696 738 746 debeat,
771 696 868 749 quia
888 707 960 737 nos
981 695 1152 738 ecclesia
1174 694 1369 737 derelicta
1390 694 1497 736 foras
1519 694 1625 735 exire

126 769 167 809 et
181 767 231 808 ad
248 779 320 808 uos
336 767 475 808 uenire
496 778 574 807 non
594 777 825 820 possumus,
847 767 895 806 ut
911 777 983 806 uos
1000 764 1134 819 magis
1149 764 1200 806 ad
1217 763 1432 806 ecclesiam
1448 764 1626 805 matrem

126 837 167 878 et
187 837 237 877 ad
260 837 442 877 uestram
474 834 774 876 fraternitatem
807 833 1074 875 reuertamini
1106 833 1254 886 quibus
1285 845 1503 886 possumus
1531 831 1625 872 hor-

125 905 320 946 tamentis
341 904 522 958 petimus
543 905 584 945 et
602 915 805 958 rogamus.
831 903 926 957 opto
947 914 1033 952 uos,
1059 901 1205 944 fratres
1227 901 1445 950 carissimi,
1467 913 1628 954 semper

81 992 114 1018 ιο
126 973 226 1015 bene
248 973 396 1021 ualere.

447 1164 939 1237 EPISTVLA
986 1163 1290 1237 XLVII.

481 1302 749 1338 CYPRIANVS
775 1302 1009 1339 CORNELIO
1034 1302 1208 1337 FRATRI
1235 1303 1270 1337 S.

182 1432 236 1472 Et
252 1431 492 1485 religiosum
511 1430 627 1471 uobis
641 1432 682 1472 et
695 1430 969 1472 necessarium
987 1430 1236 1480 existimaui,
1260 1429 1386 1472 frater
1402 1429 1628 1479 carissime,

124 1500 175 1541 ad
198 1499 444 1541 confessores
471 1499 541 1552 qui
570 1499 658 1540 illic
687 1499 783 1539 sunt
804 1499 846 1539 et
866 1498 1088 1540 Nouatiani
1111 1511 1157 1540 ac
1178 1498 1331 1540 Nouati
1353 1497 1629 1564 obstinatione

79 1592 110 1616 15
126 1570 166 1610 et
187 1568 395 1622 prauitate
417 1567 574 1609 seducti
597 1568 645 1609 de
667 1567 838 1610 ecclesia
859 1568 1112 1609 recesserunt
1132 1567 1295 1609 litteras
1318 1567 1460 1609 breues
1483 1565 1626 1618 facere,

123 1637 271 1690 quibus
292 1649 358 1678 eos
379 1650 451 1690 pro
472 1636 701 1678 adfectione
722 1638 869 1678 mutua
890 1637 1150 1679 conuenirem
1172 1638 1219 1678 ut
1235 1637 1288 1679 ad
1309 1637 1487 1679 matrem
1509 1647 1627 1678 suam

122 1706 165 1747 id
181 1707 243 1747 est
259 1706 471 1748 ecclesiam
494 1705 739 1748 catholicam
761 1706 1032 1747 reuertantur.
1055 1718 1155 1759 quas
1172 1705 1336 1748 litteras
1353 1706 1432 1747 tibi
1444 1705 1627 1747 aMettio

122 1775 401 1830 hypodiacono
429 1775 512 1830 legi
535 1775 648 1829 prius
670 1775 879 1826 mandaui,
910 1788 960 1817 ne
982 1776 1073 1828 quis
1095 1775 1210 1817 aliud
1232 1788 1299 1817 me
1321 1775 1533 1828 scripsisse
1549 1774 1627 1815 fin-

123 1846 239 1898 geret
260 1857 383 1897 quam
405 1844 511 1898 quod
534 1844 637 1886 meis
659 1843 815 1885 litteris
837 1845 1082 1885 continetur.
1117 1844 1310 1886 mandaui
1334 1845 1471 1886 tamen
1494 1843 1627 1885 eidem

191 2006 209 2038 1
228 2004 376 2049 putetis]
400 2004 548 2048 potestis
566 2004 671 2049 BFQ
785 2005 935 2049 uosmet]
954 2015 1014 2038 uos
1033 2007 1069 2037 et
1086 2005 1122 2038 B
1237 2005 1259 2038 2
1276 2015 1297 2038 a
1313 2015 1378 2039 om.
1399 2004 1434 2038 B
1551 2014 1628 2048 gre-

122 2073 201 2107 gem
219 2062 305 2096 BL¹
318 2061 348 2107 Q
485 2072 568 2106 pace
593 2062 644 2106 et]
670 2072 753 2107 pace
772 2062 880 2107 BLQ
1018 2063 1040 2097 3
1057 2062 1166 2108 intra]
1192 2063 1228 2097 in
1246 2062 1286 2097 F
1422 2062 1628 2107 domestica]

122 2119 297 2155 dominica
320 2120 451 2155 maluit
476 2119 655 2154 Baluzius
793 2120 815 2154 5
840 2122 923 2154 sunt
947 2131 1012 2154 om.
1033 2120 1068 2154 B
1198 2120 1264 2155 hac
1288 2120 1318 2165 Q
1446 2119 1629 2165 prouidere

119 2178 295 2223 possimus
312 2177 352 2212 F
441 2177 619 2211 unanimis
637 2176 676 2211 F
766 2179 910 2212 nostran
927 2177 966 2212 F
1054 2178 1075 2211 6
1092 2177 1238 2212 debeam
1254 2177 1295 2212 F
1384 2179 1419 2212 et
1436 2177 1531 2212 foras
1553 2177 1583 2222 Q

121 2234 141 2269 7
159 2235 213 2281 ut]
232 2236 267 2269 et
281 2235 317 2270 B
408 2235 430 2269 8
445 2236 604 2269 nostram
622 2245 643 2269 v
734 2235 755 2269 9
772 2235 946 2269 carissimi
964 2245 1027 2269 om.
1046 2235 1119 2270 BP
1211 2235 1256 2270 10
1271 2235 1358 2270 bene
1374 2246 1511 2281 semper
1523 2236 1568 2270 B.
1584 2255 1628 2262 -

121 2292 175 2327 Ad
194 2292 365 2338 (Explicit
382 2293 425 2327 ad
439 2293 489 2336 P)
505 2292 699 2327 Maximum
715 2295 751 2327 et
768 2292 1012 2327 Nicostratum
1030 2292 1287 2337 (Nicostratum
1306 2295 1342 2328 et
1358 2293 1554 2328 Maximum
1572 2293 1628 2337 L,-

121 2351 163 2385 de
180 2350 321 2385 unitate
337 2350 422 2385 add.
445 2350 487 2395 Q)
506 2350 651 2395 explicit
668 2353 749 2394 (om.
770 2351 820 2395 P)
840 2350 1029 2396 BFLPQ.
1050 2371 1088 2376 —

191 2408 305 2453 Epist.
337 2407 483 2442 XLVII.
511 2428 554 2433 -
579 2407 714 2452 Incipit
742 2408 829 2442 item
858 2408 902 2443 ad
931 2408 1078 2443 eundem
1109 2409 1161 2443 ·V·
1190 2409 1272 2449 FR,
1307 2409 1443 2454 Incipit
1471 2409 1628 2444 eiusdem

124 2466 251 2511 quinta
282 2465 321 2511 Q,
351 2465 486 2510 Incipit
516 2465 559 2500 ad
589 2465 738 2500 eundem
767 2466 921 2501 feliciter
952 2467 987 2508 C,
1018 2466 1153 2512 Incipit
1181 2467 1225 2502 ad
1251 2467 1453 2502 Cornelium
1484 2468 1566 2503 LP.
1589 2487 1625 2492 -—-

124 2524 167 2558 13
183 2524 285 2558 nobis
304 2522 362 2559 Rv
494 2523 597 2557 nobis
615 2525 651 2557 et
667 2525 903 2558 necessarium
922 2523 1024 2559 uobis
1049 2524 1164 2560 Oxou.
1296 2525 1521 2559 existimauit
1541 2525 1570 2559 0

123 2573 152 2615 ff
171 2569 252 2616 kffis
269 2582 299 2616 C
427 2580 473 2614 15
496 2581 671 2624 prauitati
692 2581 722 2626 Q
852 2581 975 2616 brebes
995 2582 1065 2627 FQ
1197 2583 1240 2617 16
1264 2583 1492 2617 conuenirent
1508 2582 1627 2628 FLQ,

126 2638 313 2673 conuenire
331 2638 366 2673 R
483 2648 582 2672 suam
600 2649 664 2673 om.
689 2638 755 2674 CR
872 2639 913 2673 17
932 2641 1154 2674 reuertentur
1175 2639 1205 2675 C
1212 2645 1218 2662 ¹
1342 2640 1411 2674 tibi
1428 2651 1493 2675 om.
1518 2639 1583 2674 CR

124 2696 156 2741 a]
174 2695 217 2730 ab
236 2695 276 2741 Q,
293 2698 330 2729 et
343 2696 379 2730 P
489 2696 630 2741 mettio]
649 2695 820 2730 demetrio
839 2696 884 2737 F,
903 2697 1034 2731 metdio
1052 2697 1097 2738 L,
1116 2697 1172 2732 dio
1191 2698 1235 2740 P,
1256 2698 1327 2732 etio
1347 2697 1386 2742 Q,
1406 2707 1568 2742 mecyopo
1589 2697 1627 2739 C,

121 2753 227 2788 metio
245 2753 282 2789 R
298 2755 334 2787 et
351 2754 391 2787 in
407 2764 479 2787 ras.
621 2754 664 2788 18
680 2753 826 2789 diacono
849 2755 878 2789 C
1015 2755 1107 2789 alius
1128 2754 1169 2789 de
1186 2766 1240 2789 me
1263 2754 1503 2800 GOELPQR
1530 2753 1628 2789 aliud

122 2810 164 2845 de
180 2821 235 2845 me
258 2811 301 2845 0²
442 2811 485 2845 19
501 2810 720 2846 confinentur
740 2812 777 2853 0,
805 2812 1031 2847 continentur
1050 2812 1097 2846 M
1117 2812 1332 2855 (continetur
1352 2812 1395 2857 Q)
1536 2811 1627 2846 idem

123 2867 275 2913 FLPQ,
301 2870 336 2901 et
353 2867 431 2921 dein
455 2868 485 2901 (7
