1912 3152
240 224 319 266 102
774 222 969 258 Caecilii
995 222 1210 267 Cypriani

813 350 838 383 (j
856 350 886 383 Α
904 349 932 382 P
954 349 964 382 Ι
985 349 1012 382 Τ
1031 349 1059 381 V
1078 348 1105 382 L
1126 349 1166 383 A.

508 433 538 474 l.
571 433 631 473 De
653 432 756 474 bono
779 432 911 485 operis
935 433 975 473 et
998 431 1315 473 misericordiae.

481 502 536 543 II.
569 501 617 542 In
639 513 756 554 opere
779 501 819 542 et
840 500 1120 554 eleemosynis,
1144 499 1307 541 etiamsi
1328 513 1399 553 per
1421 498 1751 541 mediocritatem

570 570 707 612 minus
730 569 823 620 fiat,
855 570 989 623 ipsam
1010 569 1272 610 uoluntatem
1293 568 1394 610 satis
1417 581 1513 610 esse.

464 639 537 680 [II.
570 638 758 692 Agapem
781 639 821 679 et
843 637 1107 679 dilectionem
1137 636 1361 678 fraternam
1391 637 1584 691 religiose
1614 637 1654 678 et
1682 635 1752 677 fir·
1783 659 1795 680 r.

572 708 696 749 miter
718 707 993 749 exercendam.

440 776 536 817 IIII.
573 777 618 817 In
638 776 752 817 nullo
775 776 1059 830 gloriandum,
1094 775 1253 828 quando
1275 775 1463 816 nostrum
1483 775 1588 816 nihil
1610 774 1676 816 sit.

485 845 533 886 V.
569 844 866 885 Humilitatem
889 845 929 885 et
950 844 1131 897 quietem
1152 843 1195 884 in
1218 844 1406 885 omnibus
1429 844 1657 885 tenendam.

466 913 536 955 VI.
570 915 706 955 Bonos
728 926 907 966 quosque
930 915 969 955 et
993 913 1122 954 iustos
1151 913 1244 966 plus
1273 913 1456 955 laborare
1487 913 1557 954 sed
1579 913 1753 955 tolerare

575 983 741 1033 debere,
775 982 870 1036 quia
890 983 1130 1035 probantur.
1769 1007 1800 1032 10

446 1051 538 1093 Vll.
573 1051 665 1092 Non
687 1051 1016 1093 contristandum
1038 1051 1241 1105 Spiritum
1276 1051 1462 1092 sanetum
1490 1063 1611 1105 quem
1641 1062 1754 1092 aoce-

574 1119 722 1173 pimus.

424 1189 540 1230 VIII.
575 1189 837 1231 lraoundiam
858 1189 1102 1231 uineendam
1124 1201 1233 1240 esse,
1265 1201 1314 1230 ne
1336 1189 1455 1244 cogat
1477 1188 1723 1241 delinquere.

403 1257 540 1299 VIIII.
575 1258 759 1299 Inuicem
781 1271 823 1300 se
845 1257 991 1299 fratres
1014 1257 1213 1299 sustinere
1236 1258 1392 1299 debere.

487 1326 537 1367 X.
570 1326 619 1367 In
641 1327 777 1367 Deum
799 1327 933 1368 solum
954 1325 1164 1368 fidendum
1186 1326 1225 1367 et
1247 1326 1292 1367 in
1313 1326 1401 1380 ipso
1423 1325 1697 1380 gloriandum.
1772 1345 1800 1367 ις)

478 1395 551 1436 Xl.
583 1395 692 1436 Eum
713 1395 783 1448 qui
805 1394 927 1436 fidem
951 1396 1190 1437 consecutus
1229 1396 1290 1437 est
1327 1395 1508 1448 exposito
1530 1394 1663 1448 priore
1683 1393 1756 1435 ho-

576 1464 686 1506 mine
708 1463 899 1506 caelestia
921 1464 1084 1506 tantum
1106 1465 1147 1506 et
1170 1464 1373 1518 spiritalia
1402 1464 1581 1518 cogitare
1612 1464 1756 1505 debere

577 1545 650 1574 nee
672 1533 891 1574 adtendere
913 1533 964 1574 ad
987 1533 1215 1584 saeculum,
1239 1533 1304 1575 eui
1326 1533 1410 1575 iam
1430 1532 1696 1575 renuntiauit.

451 1601 546 1642 XII.
579 1601 671 1643 Non
693 1601 924 1643 iurandum.

430 1671 547 1712 XIII.
580 1671 672 1713 Non
692 1671 1032 1713 maledicendum.
1772 1688 1804 1714 20

404 1740 546 1782 XIIII.
578 1740 818 1794 Numquam
853 1741 1178 1792 mussitandum,
1232 1741 1302 1783 sed
1339 1741 1447 1783 eirea
1483 1741 1619 1782 omnia
1656 1753 1758 1794 quae

582 1809 773 1851 accidunt
795 1810 1116 1851 benedicendum
1137 1811 1283 1852 Deum.

474 1878 552 1920 XV
581 1878 648 1919 Ad
669 1878 745 1920 hoe
765 1879 961 1931 temptari
983 1879 1169 1920 homines
1192 1892 1215 1921 a
1237 1879 1342 1930 Deo,
1376 1880 1423 1921 ut
1445 1879 1714 1933 explorentur.

436 1946 547 1988 XVI.
581 1947 642 1989 De
663 1947 766 1989 bono
788 1947 991 2002 martyrii.

413 2016 547 2057 XVII.
581 2016 741 2057 Minora
762 2029 847 2058 esse
869 2029 972 2070 quae
994 2016 1036 2058 in
1054 2017 1213 2059 saeculo
1230 2017 1414 2070 patimur
1432 2030 1553 2070 quam
1572 2017 1627 2059 sit
1645 2029 1760 2071 prae·
1772 2025 1804 2051 Ξῖ»

583 2085 715 2126 mium
737 2086 843 2139 quod
864 2086 1113 2139 promissum
1136 2086 1208 2127 est.

388 2152 545 2194 XVIII.
577 2153 798 2195 Dileotioni
821 2154 898 2195 Dei
920 2155 960 2196 et
983 2153 1136 2196 Christi
1156 2154 1262 2196 nihil
1282 2155 1623 2208 praeponendum.

366 2221 546 2263 XVIIII.
579 2222 797 2264 Voluntati
818 2235 899 2264 non
919 2223 1081 2264 nostrae
1103 2223 1173 2264 sed
1194 2223 1272 2265 Dei
1294 2223 1671 2276 obtemperandum.

457 2290 547 2331 XX.
577 2291 910 2333 Fundamentum
943 2292 983 2334 et
1012 2292 1320 2334 firmamentum
1358 2293 1443 2345 spei
1481 2293 1521 2334 et
1549 2292 1644 2334 fidei
1674 2304 1759 2334 esse

584 2359 789 2401 timorem.

323 2483 346 2517 3
373 2482 723 2528 aelemosynisAlV,
742 2483 942 2519 elemosinis
956 2485 1041 2519 LM
1108 2486 1132 2523 5
1150 2486 1330 2530 agapenB
1401 2485 1423 2522 6
1443 2486 1630 2520 exercenda
1645 2486 1695 2521 W

255 2540 276 2575 7
296 2540 453 2574 inulloA
541 2540 614 2574 sint
627 2542 678 2577 W
768 2542 791 2578 8
811 2544 845 2576 et
863 2554 927 2577 om.
943 2543 994 2578 W
1086 2542 1108 2579 9
1136 2553 1272 2587 quoque
1289 2543 1451 2578 AW1M
1534 2543 1593 2578 sed
1609 2543 1759 2577 tolerare

255 2609 318 2633 om.
343 2599 394 2634 W
494 2598 543 2635 10
561 2599 719 2634 deberem
738 2601 788 2636 W
796 2604 801 2622 ¹
904 2601 952 2637 13
978 2601 1033 2645 no]
1052 2612 1122 2636 non
1139 2602 1183 2643 L,
1204 2603 1243 2635 ut
1267 2612 1335 2635 non
1353 2602 1389 2635 B
1504 2602 1550 2639 15
1577 2601 1638 2635 deo
1657 2601 1693 2635 B

253 2655 523 2700 glorificandum
551 2657 587 2691 A
711 2657 759 2693 16
786 2659 957 2703 expositio
983 2659 1017 2693 B
1136 2658 1184 2695 18
1209 2659 1494 2693 renuntiauimus
1525 2660 1573 2695 W
1574 2659 1693 2693 LMB

255 2713 303 2749 21
331 2724 448 2757 numq.
468 2714 606 2748 mussit.
624 2725 689 2749 om.
713 2715 764 2750 W
847 2715 950 2760 eirea]
970 2716 1013 2750 ad
1038 2716 1071 2751 V
1153 2717 1202 2752 22
1228 2716 1460 2758 acoeduntA,
1479 2716 1641 2751 accidant
1657 2717 1692 2751 L

255 2770 490 2805 benecendum
503 2772 554 2807 W
622 2771 672 2807 23
698 2761 771 2806 d‘ffi
780 2773 831 2808 W
914 2783 934 2807 a
950 2773 1012 2807 deo
1030 2773 1191 2808 homines
1209 2774 1244 2808 L
1325 2775 1366 2808 ut
1383 2785 1447 2809 om.
1463 2775 1514 2810 W
1582 2774 1759 2818 exploren-

256 2829 313 2860 tur
330 2828 383 2866 A;
413 2829 479 2870 cfr.
499 2829 531 2863 lz.
552 2828 573 2862 Z.
593 2841 618 2862 c.
634 2831 696 2872 15,
720 2829 913 2874 probentur
936 2831 1125 2866 WLMBv
1219 2831 1268 2867 27
1295 2831 1341 2875 et]
1361 2832 1458 2867 acIV
1533 2842 1760 2876 perperonen-

256 2884 336 2918 «lum
356 2886 405 2920 W
427 2886 462 2922 (u
492 2897 584 2920 corr.
616 2897 657 2920 m.
684 2888 722 2931 22)
794 2887 844 2923 28
874 2888 1060 2922 uoluntate
1077 2888 1133 2923 dei
1158 2900 1226 2923 non
1252 2890 1392 2923 nostrae
1412 2890 1447 2923 A
