1838 3152
639 245 872 289 Epistulae
898 244 975 278 LV.
1004 245 1145 279 17—19.
1558 249 1639 290 (537

142 350 284 400 ruini,
317 350 628 391 alterutrum
655 362 803 391 onera
825 349 1104 400 sustinete,
1136 351 1278 392 etsie
1299 351 1646 404 adinplebitis

139 419 301 473 legem
324 418 547 468 Christi,
570 417 671 459 item
692 417 800 471 quod
821 415 1015 470 superbos
1036 417 1283 473 redarguens
1301 421 1342 461 et
1358 419 1646 474 adrogantiam

137 487 329 541 frangens
350 488 392 528 in
413 486 592 541 epistula
613 499 686 528 sua
707 487 852 539 ponat:
875 487 1026 539 etqui
1049 499 1099 528 se
1120 489 1269 540 putat
1290 489 1446 539 stare,
1469 488 1647 529 uideat

137 569 193 598 ue
232 557 401 609 cadat,
442 556 593 598 etalio
624 556 666 596 in
697 555 784 598 loco
816 555 947 597 dicat:
988 556 1043 597 tu
1082 556 1196 608 quis
1236 570 1285 598 es
1324 558 1408 610 qui
1445 556 1646 598 iudicas

110 626 364 668 .=›alieuum
402 626 632 667 seruum?
672 625 875 666 domino
914 636 1000 666 suo
1032 627 1141 666 stat
1171 627 1258 667 aut
1290 626 1441 667 cadit.
1481 626 1646 667 stabit

137 696 329 736 autem:
361 695 540 746 potens
572 695 648 734 est
678 693 809 734 enim
841 693 974 734 Deus
1005 693 1253 736 stabilire
1285 708 1412 747 eum,
1446 694 1646 735 Iohannes

136 775 295 816 quoque
318 763 453 804 Iesum
476 762 684 804 Christum
706 762 930 803 Dominum
962 764 1150 804 nostrum
1171 762 1417 805 aduocatum
1440 764 1481 804 et
1502 763 1644 816 depre-

136 832 314 873 catorem
343 843 416 886 pro
444 831 620 884 peccatis
649 830 800 871 nostris
830 831 972 884 probet
1002 831 1159 872 dicens:
1193 831 1362 873 filioli
1392 832 1510 880 mei,
1542 830 1646 872 ista

136 900 307 942 scribo
339 900 484 941 uobis
506 912 562 941 ne
584 899 932 952 delinquatis:
964 901 1011 941 et
1033 900 1077 941 si
1107 900 1194 953 qui
1225 900 1532 953 deliquerit,
1564 899 1646 941 ad-

92 971 375 1011 muocatum
432 969 673 1010 habemus
729 969 858 1022 apud
908 971 1110 1022 patrem
1162 969 1329 1011 Iesum
1380 968 1646 1011 Christum

136 1038 350 1087 iustum,
383 1039 431 1079 et
461 1037 570 1090 ipse
607 1038 684 1078 est
721 1037 1024 1090 deprecatio
1062 1049 1150 1091 pro
1188 1037 1403 1080 delictis
1433 1035 1644 1079 nostris.

135 1107 176 1147 et
196 1105 351 1147 Paulus
380 1117 539 1158 quoque
566 1105 775 1157 apostolus
797 1105 840 1146 in
863 1105 1042 1157 epistula
1063 1118 1137 1148 sua
1158 1107 1315 1159 posuit:
1348 1106 1390 1147 si
1421 1118 1532 1148 cum
1563 1104 1645 1146 ad-

134 1174 228 1216 huc
258 1176 557 1227 peccatores
587 1186 838 1224 essemus,
872 1173 1111 1216 Christus
1140 1187 1225 1228 pro
1248 1175 1394 1217 nobis
1415 1174 1645 1216 mortuus

137 1245 234 1294 est,
266 1243 429 1285 multo
460 1243 626 1298 magis
655 1256 784 1284 nunc
816 1242 1114 1285 iustificati
1137 1244 1187 1286 in
1209 1244 1458 1298 sanguine
1489 1242 1646 1284 illius

92 1312 513 1354 15eliberabimur
542 1324 628 1366 per
656 1311 809 1353 illum
839 1312 898 1353 ab
930 1313 1016 1354 ira.

193 1379 318 1422 Cuius
347 1380 545 1434 pietatem
566 1381 607 1422 et
628 1380 891 1423 clementiam
921 1381 1165 1436 cogitantes,
1198 1393 1277 1423 non
1298 1381 1433 1423 acerbi
1453 1380 1552 1423 adeo
1573 1391 1645 1422 nec
1663 1382 1713 1423 19

136 1449 229 1490 duri
250 1462 323 1491 nec
344 1449 386 1491 in
408 1449 594 1492 fouendis
615 1449 813 1491 fratribus
835 1449 1049 1491 inhumani
1070 1462 1156 1492 esse
1179 1450 1386 1500 debemus,
1416 1450 1487 1491 sed
1509 1448 1644 1491 dolere

137 1531 231 1560 cum
260 1518 496 1560 dolentibus
518 1519 559 1560 et
579 1531 675 1560 cum
695 1517 892 1560 fientibus
913 1518 1020 1571 flere,
1054 1521 1095 1560 et
1117 1531 1183 1560 eos
1205 1520 1406 1572 quantum
1427 1530 1644 1571 possumus

137 1587 289 1629 auxilio
311 1589 353 1628 et
374 1587 523 1629 solacio
550 1588 711 1629 nostrae
740 1587 974 1628 dilectionis
1005 1587 1172 1642 erigere,
1201 1599 1273 1629 nec
1294 1587 1395 1629 adeo
1416 1586 1582 1628 inmites
1603 1586 1644 1626 et

90 1672 123 1697 ’.ιο
137 1657 362 1710 pertinaces
385 1655 436 1698 ad
457 1668 596 1698 eorum
617 1655 913 1709 paenitentiam
935 1656 1231 1698 retundendam
1252 1668 1324 1697 nec
1343 1656 1497 1697 iterum
1518 1653 1645 1696 soluti

137 1727 178 1767 et
199 1725 341 1767 faciles
363 1726 415 1767 ad
436 1725 849 1767 communicationem
871 1726 1024 1767 temere
1045 1725 1278 1767 laxandam.
1310 1725 1415 1766 iacet
1437 1737 1527 1766 ecce
1548 1736 1644 1765 sau-

137 1795 223 1835 cius
244 1794 370 1836 frater
386 1795 435 1836 ab
452 1794 685 1835 aduersario
706 1793 746 1835 in
765 1794 850 1835 acie
873 1794 1125 1835 uulneratus.
1152 1794 1245 1835 inde
1267 1793 1454 1834 diabolus
1476 1792 1646 1834 conatur

137 1863 318 1904 occidere
350 1875 471 1915 quem
503 1862 754 1912 uulnerauit,
792 1862 886 1904 hinc
917 1861 1105 1904 Christus
1137 1862 1326 1904 hortatur
1356 1875 1405 1903 ne
1436 1861 1478 1902 in
1509 1861 1643 1902 totum

273 2011 295 2045 3
320 2010 431 2045 ICor.
459 2010 511 2051 10,
539 2010 592 2044 12.
686 2011 708 2044 4
732 2010 831 2045 Rom.
860 2011 912 2051 14,
939 2011 972 2045 4.
1066 2010 1088 2044 8
1114 2010 1131 2044 1
1157 2010 1204 2044 Io.
1233 2011 1265 2051 2,
1292 2011 1321 2044 1.
1348 2011 1379 2045 2.
1476 2011 1519 2044 12
1544 2010 1643 2044 Rom.

138 2069 169 2109 5,
196 2070 226 2102 8.
253 2069 284 2103 9.

208 2182 226 2215 1
246 2181 378 2215 honera
397 2182 440 2222 B,
467 2192 572 2215 onera
591 2181 625 2215 L
743 2181 928 2226 inplebitis
948 2182 984 2216 Β
1108 2182 1129 2216 3
1147 2182 1249 2226 ponit
1267 2182 1351 2216 BC·
1477 2181 1501 2216 4
1517 2182 1555 2215 in
1572 2181 1643 2215 alio

148 2238 248 2284 CQR
354 2238 443 2272 (licit
460 2238 534 2273 BP
638 2239 718 2283 quis
735 2249 772 2273 es
789 2238 864 2283 qui]
883 2239 944 2283 qui
962 2250 998 2273 es
1016 2239 1051 2273 Β
1158 2239 1180 2274 6
1196 2239 1358 2273 dominus
1380 2239 1414 2274 V
1514 2238 1643 2273 iterum

140 2295 302 2329 stabilire
325 2295 402 2335 CR,
432 2297 587 2330 statuere
604 2306 625 2330 v
763 2296 856 2341 eum]
875 2295 979 2330 illum
998 2296 1107 2341 BPQ
1246 2296 1264 2330 7
1284 2295 1466 2331 dominum
1482 2296 1642 2330 nostrum

137 2353 249 2387 iesum
266 2353 439 2387 christum
461 2353 490 2398 Q
612 2353 837 2398 aduocatum]
857 2353 1028 2388 habemus
1044 2354 1129 2389 add.
1148 2354 1184 2389 R
1309 2354 1592 2399 deprecationem
1614 2354 1644 2388 G

134 2420 216 2444 nem
235 2420 260 2444 s.
281 2411 304 2444 l.
436 2411 458 2445 8
474 2411 602 2455 probat
623 2411 722 2452 CRv,
739 2413 845 2456 rogat
862 2411 898 2446 Β
1022 2412 1093 2446 ista
1109 2422 1202 2447 corr.
1222 2413 1261 2446 in
1280 2412 1333 2446 ita
1355 2412 1434 2447 CM
1448 2412 1532 2455 (ista
1552 2411 1596 2456 Q)

136 2467 158 2501 9
176 2467 300 2512 scripsi
323 2469 353 2513 Q
460 2468 676 2513 delinquetis
698 2469 728 2504 C
734 2471 743 2490 ¹
861 2470 891 2503 si
908 2470 988 2514 quis
1006 2469 1135 2515 BQRv
1243 2469 1285 2503 11
1303 2469 1450 2514 iustum]
1471 2468 1642 2513 suffraga-

137 2526 248 2559 torem
269 2524 320 2570 Qv
427 2528 464 2560 et
486 2521 551 2562 δτη.
573 2526 603 2571 Q
713 2527 756 2561 12
775 2529 812 2561 et
836 2537 901 2561 om.
926 2526 957 2571 Q
1064 2526 1184 2571 posuit
1201 2528 1238 2560 et
1255 2526 1344 2560 dicit
1363 2526 1393 2571 Q
1502 2526 1545 2560 14
1562 2537 1640 2560 san-

137 2582 280 2625 guinem
298 2583 410 2627 ipsius
432 2583 463 2627 Q
600 2584 644 2618 15
660 2583 912 2618 eliberabimur
930 2583 1037 2619 LPR
1045 2584 1085 2623 V,
1102 2584 1139 2617 et
1156 2582 1390 2617 liberabimur
1408 2583 1452 2624 Β,
1471 2582 1641 2617 liberabi·

137 2650 214 2674 mus
238 2639 321 2685 CQv
428 2640 471 2674 16
488 2640 605 2675 acerui
622 2651 644 2675 a
660 2640 724 2675 deo
742 2641 815 2677 BR
921 2651 984 2675 nec
1000 2640 1080 2675 duri
1098 2640 1150 2674 bis
1168 2640 1235 2680 L¹,
1257 2641 1293 2674 et
1309 2639 1387 2674 duri
1408 2639 1438 2684 Q
1543 2639 1584 2673 17
1602 2639 1639 2673 in

136 2706 202 2731 om.
221 2697 252 2731 C
342 2697 533 2732 inhumane
550 2697 599 2732 P·
610 2724 618 2739 ,
641 2698 790 2732 inunani
813 2699 857 2733 0¹
969 2697 1088 2732 dolore
1111 2698 1140 2733 C
1147 2701 1154 2719 ¹
1268 2698 1312 2731 18
1328 2696 1411 2730 flere
1428 2707 1506 2731 eum
1523 2695 1639 2730 flenti·

137 2754 206 2788 bus
223 2754 276 2799 Qv
371 2754 413 2788 19
430 2757 550 2790 nostro
566 2754 599 2789 d.
617 2755 749 2800 eligere
764 2755 798 2789 Β
892 2755 1054 2790 inmittes
1070 2755 1120 2789 P¹
1131 2781 1139 2791 .
1157 2754 1317 2788 inmittit
1330 2754 1366 2788 B
1457 2754 1503 2787 ‘20
1519 2753 1640 2797 paeni-

138 2810 305 2856 tentiam]
336 2811 506 2846 duritiam
530 2811 596 2848 GR
733 2812 858 2857 soluti]
887 2812 1028 2847 remissi
1052 2812 1118 2847 CR
1255 2812 1297 2845 ⁶21
1325 2810 1556 2845 lancxandam
1579 2810 1641 2846 0¹.

138 2867 365 2903 relaxandam
391 2869 422 2904 V
512 2869 557 2903 23
573 2869 725 2904 occidere
742 2871 888 2905 conatur
911 2869 942 2915 Q
1035 2868 1239 2903 uulnerabit
1257 2868 1293 2904 R
1386 2870 1462 2902 toto
1480 2867 1516 2902 Β
