1912 3152
222 242 276 283 36
751 236 946 272 Caecilii
973 235 1190 280 Cypriani

221 354 451 404 funderem,
476 353 545 394 sed
567 353 766 406 quantum
787 351 1004 393 mediocris
1026 350 1224 392 memoria
1245 351 1504 404 suggerebat,
1528 352 1728 405 excerptis

221 423 411 477 capitulis
449 423 489 463 et
530 422 693 463 adnexis
730 422 957 463 necessaria
980 433 1161 474 quaeque
1191 420 1446 474 colligerem,
1481 420 1628 473 quibus
1651 434 1728 463 non

219 493 305 533 tam
326 492 519 533 tractasse
556 504 679 543 quam
709 490 981 531 tractantibus
1003 488 1221 530 materiam
1242 488 1477 541 praebuisse
1500 489 1726 531 uideamur.

220 561 290 601 sed
311 561 350 601 et
371 560 601 614 legentibus
625 559 805 599 breuitas
828 558 1028 599 eiusmodi
1049 558 1278 611 plurimum
1299 558 1484 610 prodest,
1518 559 1617 599 dum
1647 570 1727 600 non

219 629 473 670 intellectum
509 628 682 682 legentis
721 628 760 668 et
796 639 959 668 sensum
981 627 1087 668 liber
1108 627 1269 681 longior
1291 627 1466 680 spargit,
1501 627 1570 668 sed
1593 628 1725 668 subti-
1760 643 1773 666 ε

218 698 317 739 11010
357 697 576 751 conpendio
617 696 660 737 id
691 695 798 748 quod
829 695 984 750 legitur
1014 696 1134 737 tenax
1163 695 1362 737 memoria
1391 695 1584 737 custodit.
1631 708 1726 737 con-

217 767 358 820 plexus
389 779 480 807 sum
511 776 605 807 uero
636 764 798 805 libellos
830 764 929 805 duos
960 764 1049 817 pari
1086 764 1285 817 qualitate
1313 764 1565 806 moderatos:
1598 778 1726 806 unum

218 847 295 888 quo
318 835 525 875 ostendere
547 833 648 874 enisi
670 845 831 884 sumus,
866 832 1036 874 Iudaeos
1069 833 1293 873 secundum
1326 845 1427 885 quae
1449 832 1611 875 fuerant
1632 834 1725 875 ante

216 903 423 956 praedicta
451 915 473 943 a
502 903 587 944 Deo
623 902 834 944 recessisse
870 903 910 943 et
948 901 1250 955 indulgentiam
1281 900 1474 952 Domini,
1515 915 1617 955 quae
1647 902 1724 944 sibi

217 973 257 1013 et
272 972 430 1026 pridem
453 972 547 1012 data
569 972 608 1013 et
629 971 671 1012 in
687 973 898 1025 posterum
915 970 1114 1023 promissa
1135 970 1280 1020 fuerat,
1305 971 1543 1024 perdidisse,
1568 984 1725 1012 succes·
1741 983 1773 1007 10

216 1041 314 1082 sisse
336 1053 430 1082 uero
452 1041 494 1081 in
515 1052 655 1081 eorum
676 1040 811 1081 locum
834 1038 1086 1080 Christianos
1104 1038 1183 1080 fide
1201 1039 1426 1080 Dominum
1448 1041 1724 1093 promerentes

216 1110 255 1150 et
287 1111 334 1151 de
366 1109 554 1150 omnibus
575 1109 766 1163 gentibus
799 1121 844 1150 ac
877 1109 925 1149 de
956 1108 1042 1148 toto
1065 1108 1160 1149 orbe
1181 1107 1403 1150 uenientes.
1436 1108 1537 1150 item
1558 1109 1724 1151 libellus

215 1179 319 1220 alius
342 1179 522 1220 continet
545 1177 696 1219 Christi
719 1178 1041 1228 sacramentum,
1074 1176 1182 1230 quod
1203 1177 1314 1218 idem
1335 1178 1515 1232 uenerit,
1551 1178 1621 1231 qui
1659 1191 1722 1220 se-

215 1248 392 1289 cundum
414 1248 635 1300 scriptiuas
658 1247 926 1288 adnuntiatus
949 1247 1030 1297 est,
1065 1247 1106 1287 et
1129 1247 1301 1300 gesserit
1323 1259 1369 1288 ac
1390 1246 1606 1299 perfecerit
1628 1247 1720 1288 uni-

214 1329 349 1367 uersa,
383 1316 530 1369 quibus
552 1315 736 1369 intellegi
758 1316 797 1356 et
819 1316 1005 1369 cognosci
1025 1327 1142 1367 posse
1164 1315 1397 1368 praedictus
1419 1316 1501 1357 est:
1540 1328 1641 1369 quae
1664 1317 1768 1356 le-15

213 1386 327 1440 genti
363 1385 529 1426 interim
565 1385 721 1437 prosint
758 1385 808 1425 ad
831 1384 965 1438 prima
985 1383 1080 1426 fidei
1102 1383 1345 1426 liniamenta
1366 1383 1596 1426 formanda.
1629 1385 1721 1438 plus

213 1454 367 1496 roboris
409 1453 487 1494 tibi
532 1453 697 1495 dabitur
740 1455 780 1494 et
828 1453 961 1507 magis
1026 1465 1071 1494 ac
1121 1453 1257 1508 magis
1313 1453 1549 1495 intellectus
1592 1454 1723 1495 cordis

214 1522 449 1576 operabitur
471 1522 673 1564 scrutanti
696 1523 919 1576 scripturas
937 1523 1097 1564 ueteres
1120 1535 1167 1564 ac
1196 1534 1325 1564 nouas
1359 1522 1520 1576 plenius
1554 1523 1594 1564 et
1625 1523 1720 1564 uni-

213 1605 330 1633 uersa
366 1592 566 1633 librorum
596 1592 848 1645 spiritalium
874 1592 1086 1633 uolumina
1122 1591 1362 1646 perlegenti.
1396 1604 1491 1633 nam
1513 1604 1585 1634 nos
1609 1605 1722 1634 nunc

214 1660 262 1702 de
284 1661 433 1702 diuinis
456 1660 637 1702 fontibus
666 1661 916 1714 inpleuimus
947 1660 1157 1702 modicum
1189 1661 1295 1713 quod
1326 1660 1412 1715 tibi,
1433 1661 1602 1702 interim
1624 1661 1771 1702 mit-20

211 1730 402 1771 teremus.
444 1730 582 1771 bibere
613 1730 778 1771 uberius
810 1731 850 1771 et
882 1730 1059 1772 saturari
1081 1730 1282 1783 copiosius
1304 1730 1470 1783 poteris,
1494 1730 1528 1771 si
1551 1730 1597 1771 tu
1620 1742 1720 1783 quo-

213 1811 289 1851 que
311 1799 363 1840 ad
386 1799 548 1840 eosdem
567 1799 731 1841 diuinae
750 1799 1022 1852 plenitudinis
1046 1799 1179 1842 fontes
1202 1799 1416 1840 nobiscum
1429 1799 1583 1852 pariter
1603 1800 1720 1852 pota-

212 1868 328 1909 turus
366 1868 590 1909 accesseris.
625 1869 716 1921 opto
747 1869 814 1919 te,
848 1869 906 1909 fili
944 1869 1170 1919 carissime,
1212 1881 1371 1922 semper
1401 1869 1501 1909 bene
1524 1868 1672 1910 ualere.

283 2004 303 2040 1
331 2005 540 2049 sucgerebat
568 2005 602 2039 L
709 2006 863 2050 exceptis
881 2006 966 2040 LM
1048 2006 1071 2042 2
1099 2016 1233 2050 queque
1259 2005 1293 2038 A
1379 2005 1403 2040 4
1429 2005 1592 2049 prodeest
1622 2006 1657 2039 A

212 2063 235 2100 5
261 2064 444 2107 spargeret
466 2063 500 2098 V
582 2063 780 2107 subtiliore]
800 2064 944 2098 utiliore
968 2064 999 2098 V
1085 2064 1106 2099 6
1134 2063 1329 2098 custodiret
1353 2063 1388 2097 A
1498 2063 1520 2098 7
1548 2063 1723 2106 qualitate

212 2121 281 2154 AL
290 2121 328 2161 V,
348 2121 564 2164 aequalitate
583 2122 627 2161 B,
647 2122 879 2165 equalitatem
896 2122 944 2155 Μ
1012 2122 1035 2157 8
1063 2121 1171 2156 enisssi
1189 2122 1249 2163 M,
1277 2120 1349 2155 nisi
1364 2121 1435 2154 LR
1507 2120 1620 2154 simus
1638 2131 1657 2154 υ

212 2177 316 2211 enisi.
335 2204 339 2209 .
357 2178 561 2212 ‚secundum
576 2189 638 2212 om.
655 2179 690 2212 A
755 2180 855 2223 quae]
876 2189 941 2223 que
956 2180 1009 2220 Μ,
1029 2190 1142 2222 neque
1159 2179 1194 2212 A
1261 2178 1310 2215 10
1328 2180 1363 2212 et
1372 2179 1454 2221 AL,
1474 2178 1545 2211 iarn
1556 2178 1658 2211 MBv

211 2235 331 2268 datam
350 2235 384 2268 L
470 2235 612 2269 fuerant
629 2236 677 2269 M
761 2237 808 2272 11
835 2237 908 2270 loco
928 2247 971 2271 ea:
988 2236 1066 2270 locu
1084 2237 1119 2270 A
1136 2248 1179 2270 m.
1199 2239 1221 2270 2
1308 2235 1412 2270 fidem
1430 2236 1478 2269 M
1545 2235 1727 2268 dominum

212 2293 262 2333 A,
291 2292 353 2326 dni
372 2293 459 2333 LB,
487 2293 544 2327 din
562 2294 611 2327 Μ
623 2305 657 2327 111
686 2294 727 2328 'in
756 2305 891 2328 ‘rasura
1000 2294 1049 2330 14
1075 2295 1144 2339 est]
1174 2296 1267 2328 esset
1284 2295 1332 2328 M
1425 2295 1472 2332 15
1499 2304 1598 2338 posse
1629 2303 1726 2336 prae-

211 2349 324 2383 dictus
344 2351 408 2394 est]
435 2352 569 2394 potest,
596 2351 686 2394 quod
704 2351 778 2395 ipse
797 2352 860 2392 sit,
889 2352 949 2396 qui
966 2351 1168 2396 pra-edictus
1187 2353 1241 2386 est
1260 2364 1278 2387 v
1371 2352 1507 2396 legenti
1525 2352 1572 2395 A,
1590 2352 1727 2395 legenti

211 2407 279 2441 tibi
297 2409 341 2448 B,
376 2408 577 2452 legentibus
596 2409 677 2442 LM
684 2410 717 2443 V
802 2410 848 2445 16
868 2409 1005 2454 prosint
1031 2411 1083 2450 R,
1113 2411 1261 2454 prosunt
1278 2410 1399 2444 ALM
1478 2409 1613 2453 primae
1625 2410 1657 2442 A

211 2465 427 2498 lineamenta
445 2466 562 2499 LMJJ
651 2466 698 2502 17
724 2466 870 2510 roboris]
904 2467 1036 2501 laboris
1061 2468 1095 2501 A
1183 2467 1252 2501 tibi
1282 2478 1346 2502 om.
1374 2467 1408 2501 L
1489 2466 1537 2502 18
1565 2468 1724 2500 scrutan-

211 2522 259 2555 tis
275 2522 309 2555 R
395 2524 430 2555 et
448 2534 511 2556 om.
528 2523 563 2556 B
634 2523 685 2559 ‘20
710 2523 887 2558 fssontibus
906 2525 940 2557 A
1013 2524 1227 2568 inplebimus
1245 2525 1280 2559 A
1369 2526 1417 2561 :21
1447 2526 1606 2558 saturare
1625 2524 1659 2558 L

212 2585 260 2619 22
287 2586 472 2628 potaturus
506 2586 619 2627 BL2,
656 2586 837 2631 potiturus
870 2587 928 2629 A,
969 2590 1117 2631 poturus
1146 2589 1243 2622 ML¹
1395 2589 1444 2624 23
1470 2571 1549 2622 kffie
1579 2587 1660 2621 MR

211 2642 480 2685 opto...ualerc
511 2654 574 2677 om.
601 2644 673 2677 AL
780 2645 925 2689 explicit
955 2645 1129 2690 praefatio
1164 2647 1293 2691 incipit
1328 2647 1474 2680 libellus
1510 2646 1646 2690 primus
1671 2646 1726 2687 M,

212 2699 354 2742 explicit
374 2700 529 2743 epistula
557 2701 687 2746 incipit
716 2707 778 2747 cap
807 2703 892 2737 libri
922 2703 1029 2748 primi
1048 2704 1094 2748 B,
1126 2714 1305 2739 LIBELLvs
1324 2714 1465 2738 Pium-s
1493 2704 1538 2746 A,
1567 2703 1730 2747 inscrip-

212 2756 343 2791 tionem
358 2768 420 2791 om.
445 2758 478 2792 L
