1838 3152
163 205 249 246 494
680 202 876 238 Caecilii
910 201 1126 246 Cypriani

163 319 271 360 tores
303 319 350 360 ut
382 319 504 360 ceteri
536 331 694 372 quoque
726 318 936 360 sectemini
968 318 1008 358 et
1030 318 1124 370 opto
1153 317 1307 370 pariter
1328 318 1368 358 et
1390 318 1589 372 exhortor,
1623 320 1669 360 ut

164 399 263 441 quos
292 388 505 429 uinculum
536 387 800 429 confessionis
838 389 878 428 et
909 386 1136 440 hospitium
1168 386 1338 428 carceris
1375 387 1501 427 simul
1536 387 1670 428 iunxit

164 457 309 512 iungat
331 457 456 498 etiam
478 458 775 498 consummatio
807 456 976 498 uirtutis
1008 457 1048 497 et
1078 468 1222 497 corona
1243 456 1447 509 caelestis,
1479 457 1526 497 ut
1546 456 1669 497 lacri-

164 538 253 566 mas
274 526 419 567 matris
451 525 643 567 ecclesiae
675 538 777 578 quae
807 525 970 579 plangit
1002 524 1139 565 ruinas
1172 525 1211 566 et
1236 524 1375 565 funera
1396 524 1670 577 plurimorum

164 606 235 635 uos
272 594 408 636 uestra
429 594 590 636 laetitia
611 594 809 649 tergeatis
832 594 872 635 et
894 594 1119 635 ceterorum
1142 605 1299 646 quoque
1321 593 1521 634 stantium
1542 593 1672 634 firmi·
1686 604 1700 629 5

163 663 295 704 tatem
318 664 447 704 uestri
479 662 654 715 exempli
685 661 970 714 prouocatione
1002 662 1200 702 solidetis.
1253 661 1288 702 si
1319 673 1391 703 uos
1422 662 1528 703 acies
1549 675 1672 703 uoca-

163 732 283 786 uerit,
317 732 352 773 si
377 732 613 773 certaminis
645 731 773 772 uestri
805 731 890 772 dies
923 730 1094 780 uenerit,
1128 730 1309 771 militate
1339 730 1514 781 fortiter,
1547 730 1671 772 dimi-

168 802 255 842 cate
278 802 522 852 constanter,
556 801 727 842 scientes
759 812 830 841 uos
863 800 937 841 sub
960 800 1088 842 oculis
1110 799 1336 853 praesentis
1358 800 1526 841 Domini
1548 799 1672 841 dimi-

167 882 269 921 care,
316 869 564 911 confessione
595 870 772 911 nominis
804 869 891 911 eius
922 869 973 911 ad
994 869 1124 923 ipsius
1147 869 1324 922 gloriam
1344 869 1569 921 peruenire,
1602 868 1672 922 qui

165 951 245 980 non
277 939 335 981 sic
366 940 495 980 estut
526 951 663 980 seruos
695 951 788 980 suos
820 940 986 980 tantum
1018 939 1185 991 spectet,
1219 938 1289 979 sed
1310 937 1396 990 ipse
1419 938 1600 979 luctatur
1630 938 1672 979 in
1687 949 1718 974 10

163 1008 291 1062 nobis,
324 1008 409 1060 ipse
435 1008 706 1062 congreditur,
741 1008 826 1061 ipse
854 1008 897 1048 in
920 1007 1142 1049 certamine
1174 1006 1315 1061 agonis
1347 1006 1476 1048 nostri
1499 1007 1538 1048 et
1560 1018 1672 1048 coro-

164 1077 234 1118 nat
255 1077 410 1129 pariter
431 1077 471 1117 et
493 1078 720 1118 coronatur.

126 1156 147 1195 5
221 1144 337 1196 Quod
369 1146 402 1186 si
435 1147 527 1187 ante
564 1146 674 1187 diem
711 1146 945 1188 certaminis
981 1146 1107 1187 uestri
1139 1146 1187 1187 de
1218 1145 1477 1199 indulgentia
1506 1144 1672 1186 Domini

163 1226 241 1267 pax
278 1214 571 1268 superuenerit,
604 1215 720 1256 uobis
752 1216 889 1256 tamen
922 1216 1061 1256 manet
1094 1215 1284 1256 uoluntas
1315 1215 1476 1268 integra
1507 1215 1547 1254 et
1578 1225 1672 1255 con-

164 1282 334 1324 scientia
394 1284 581 1338 gloriosa.
642 1296 714 1325 nec
765 1283 1030 1325 contristetur
1087 1283 1236 1336 aliquis
1287 1295 1333 1324 ex
1383 1283 1500 1330 uobis
1556 1282 1673 1335 quasi
1687 1296 1718 1320 15

163 1351 248 1392 illis
293 1352 427 1393 minor
472 1352 542 1405 qui
588 1354 682 1394 ante
723 1364 795 1393 uos
835 1353 1040 1393 tormenta
1081 1352 1260 1406 perpessi
1301 1352 1410 1393 uicto
1448 1353 1488 1393 et
1520 1352 1672 1394 calcato

164 1421 325 1462 saeculo
383 1420 433 1461 ad
482 1421 707 1462 Dominum
765 1421 941 1475 glorioso
999 1421 1145 1462 itinere
1203 1421 1412 1463 uenerunt.
1472 1420 1672 1462 Dominus

164 1490 367 1531 scrutator
389 1491 449 1531 est
471 1490 578 1531 renis
602 1491 642 1531 et
664 1490 806 1544 cordis,
841 1503 986 1531 arcana
1006 1490 1204 1543 perspicit
1226 1491 1266 1531 et
1288 1490 1471 1531 intuetur
1500 1489 1671 1531 occulta.

164 1558 214 1598 ad
237 1570 426 1600 coronam
448 1559 497 1599 de
520 1571 563 1600 eo
585 1559 893 1612 promerendam
916 1559 1070 1600 sufficit
1087 1559 1216 1612 ipsius
1236 1559 1522 1600 testimonium
1540 1558 1673 1600 solum

164 1627 233 1679 qui
255 1627 511 1669 iudicaturus
534 1629 606 1669 est.
642 1640 736 1682 ergo
758 1628 931 1680 utraque
952 1640 1027 1678 res,
1059 1627 1207 1669 fratres
1231 1627 1446 1678 carissimi,
1481 1627 1670 1669 sublimis
1685 1643 1718 1669 20

164 1696 319 1749 pariter
341 1698 381 1738 et
402 1698 609 1739 inlustris:
643 1697 717 1739 illa
739 1697 916 1739 securior
938 1698 989 1739 ad
1017 1698 1238 1739 Dominum
1264 1698 1461 1740 uictoriae
1484 1709 1671 1739 consum-

164 1766 342 1807 matione
374 1779 597 1819 properare,
631 1766 729 1808 haec
760 1766 905 1807 laetior
935 1767 1097 1819 accepto
1129 1768 1222 1820 post
1242 1767 1418 1821 gloriam
1440 1768 1671 1808 commeatu

164 1833 206 1874 in
229 1834 420 1876 ecclesiae
443 1835 562 1876 laude
584 1834 737 1876 florere.
791 1847 811 1875 o
833 1835 996 1876 beatam
1028 1835 1243 1877 eeclesiam
1264 1837 1447 1877 nostram
1470 1848 1593 1888 quam
1615 1835 1672 1875 sic

163 1902 290 1944 honor
321 1903 484 1945 diuinae
516 1903 765 1958 dignationis
808 1904 1043 1955 inluminat,
1081 1917 1203 1957 quam
1236 1905 1489 1957 temporibus
1523 1903 1672 1945 nostris

234 2027 252 2059 1
271 2026 323 2070 ut]
344 2028 379 2060 et
404 2026 433 2061 C
518 2027 639 2060 hortor
657 2027 693 2061 P
785 2027 807 2060 2
825 2027 1066 2061 consensionis
1084 2028 1118 2061 P
1204 2028 1340 2062 iuncxit
1364 2027 1435 2063 CN
1522 2031 1543 2063 3
1561 2029 1671 2063 etiam

168 2085 202 2118 et
220 2084 255 2118 P
348 2085 625 2118 consumationis
645 2084 686 2119 0¹
789 2095 933 2118 coronae
950 2085 985 2118 P
1078 2086 1263 2121 lacrimam
1284 2086 1321 2132 C,
1349 2087 1393 2121 ad
1409 2087 1575 2121 lacrimas
1590 2087 1633 2121 N

165 2141 186 2174 5
212 2143 368 2175 uestram
394 2143 572 2177 laetitiam
595 2144 624 2189 Q
717 2145 870 2189 ter-gatis
895 2145 939 2180 0²
1036 2146 1056 2179 (5
1082 2147 1279 2189 exemplum
1304 2146 1340 2188 C,
1378 2146 1545 2189 exemplis
1564 2146 1607 2180 N

167 2201 413 2242 prouocauerit
437 2200 543 2236 GRV
633 2202 651 2235 7
675 2202 863 2236 certamini
882 2203 915 2237 L
1009 2204 1030 2237 ὅ
1051 2192 1123 2237 (frio
1136 2204 1178 2237 N
1268 2204 1289 2238 9
1308 2203 1368 2247 qui
1387 2214 1431 2238 eoe
1449 2204 1533 2247 quia
1557 2203 1586 2237 G

168 2256 212 2289 10
237 2258 277 2289 ut
302 2268 345 2291 ex
364 2259 400 2291 et
425 2258 453 2293 C
529 2260 671 2293 tantum
702 2261 836 2303 spectet
863 2272 926 2295 om.
948 2261 983 2296 R
1077 2261 1137 2296 sed
1166 2262 1201 2295 et
1217 2261 1325 2303 NPv,
1359 2273 1395 2296 se
1413 2262 1448 2297 R
1528 2262 1569 2295 11
1596 2262 1670 2305 ipse

164 2323 229 2347 om.
249 2314 284 2348 R
378 2317 562 2360 congregit
579 2316 622 2350 N
711 2318 747 2351 et
773 2320 917 2351 coronat
942 2346 949 2352 .
965 2344 994 2352 ..
1020 2319 1040 2352 I.
1062 2321 1107 2352 13
1142 2319 1254 2353 uestri
1287 2329 1351 2353 om.
1379 2319 1408 2354 C
1501 2319 1543 2353 12
1578 2329 1670 2353 coro-

163 2372 268 2404 natus
295 2372 329 2406 L
425 2373 467 2406 13
502 2373 532 2406 si
565 2374 661 2419 ante]
697 2375 814 2408 stante
839 2375 883 2409 N
971 2375 1195 2420 indulgentie
1233 2376 1261 2411 C
1350 2377 1406 2411 (101
1426 2377 1469 2419 P,
1505 2365 1592 2411 (111ᾞῖ
1621 2379 1672 2421 Ν,

166 2428 267 2462 (101110
293 2430 322 2464 C
415 2431 457 2464 14
475 2433 616 2465 maneat
636 2444 663 2473 r,
691 2434 809 2466 monet
833 2433 868 2475 C,
888 2444 952 2467 om.
973 2434 1009 2467 P
1078 2435 1113 2468 et
1131 2445 1195 2469 om.
1216 2435 1251 2469 P
1324 2436 1369 2471 15
1386 2435 1552 2470 tristetur
1569 2437 1621 2470 L¹

167 2486 281 2530 aliqui
299 2488 348 2521 Ρ1
450 2489 493 2522 16
522 2490 636 2523 minor
666 2489 715 2523 sit
731 2489 792 2524 Nv
887 2491 970 2535 quia
999 2493 1082 2525 ante
1099 2492 1165 2533 R¹‚
1197 2493 1280 2536 quia
1309 2504 1371 2528 nec
1395 2494 1424 2528 C
1515 2495 1670 2539 perpessi

166 2544 252 2577 estis
284 2545 313 2579 C
343 2545 405 2579 sed
439 2546 524 2580 estis
557 2547 643 2581 add.
672 2558 716 2581 m.
743 2550 766 2581 ,2
861 2548 901 2581 17
935 2551 1171 2593 peruenerunt
1195 2550 1299 2586 GNR
1393 2552 1435 2585 18
1468 2553 1535 2597 est]
1570 2554 1605 2586 et
1624 2554 1668 2595 L,

164 2602 218 2633 est
236 2618 269 2636 ss*
286 2602 322 2637 R
415 2603 529 2637 cordis
561 2606 596 2638 et
624 2605 719 2638 renis
742 2604 771 2649 Q
865 2606 1018 2661 01Αο110110
1042 2599 1132 2642 NR¹
1148 2607 1176 2652 Q
1270 2610 1305 2642 et
1336 2620 1400 2643 om.
1419 2610 1463 2644 N
1552 2610 1669 2645 intue-

165 2659 254 2692 mini
278 2660 307 2694 C
400 2661 442 2694 19
472 2661 512 2695 de
531 2662 582 2705 eo]
614 2661 747 2695 domini
772 2662 811 2703 V,
845 2662 930 2696 (111111
946 2663 996 2707 N,
1028 2664 1084 2698 (101
1102 2665 1151 2699 P¹
1187 2665 1250 2699 sed
1280 2677 1379 2699 suam
1411 2677 1436 2701 s.
1457 2667 1580 2701 19112

164 2715 210 2748 20
226 2717 388 2762 utraque]
407 2730 559 2764 ueraque
586 2720 614 2754 C
628 2721 690 2754 sed
708 2732 774 2765 que
794 2731 873 2763 erp.
892 2732 934 2754 m.
956 2723 982 2755 2
1091 2723 1280 2768 carissimi]
1301 2724 1526 2758 dilectissimi
1544 2725 1578 2758 P

163 2773 207 2805 21
242 2775 417 2809 securiora
434 2777 478 2811 N
552 2778 654 2812 (1011111
674 2779 718 2820 L,
753 2767 837 2813 dffn
861 2770 917 2812 nfi
933 2780 968 2813 P
1047 2781 1383 2816 consummationem
1407 2782 1435 2827 Q
1529 2783 1572 2817 22
1593 2793 1669 2827 pro-

165 2842 303 2874 perasse
327 2833 390 2868 CR
484 2835 582 2879 haec]
602 2835 660 2869 hic
683 2836 712 2880 Q
805 2837 943 2871 letitior
960 2838 1007 2879 N,
1039 2838 1166 2872 letiora
1191 2839 1219 2874 C
1310 2839 1353 2873 23
1379 2840 1525 2874 ecclesia
1543 2841 1579 2875 P

163 2889 303 2923 laudem
330 2891 356 2925 C
449 2902 467 2925 o
486 2902 550 2927 om.
571 2893 605 2926 P
699 2904 803 2938 quam
822 2894 883 2940 sic]
903 2906 990 2940 quas
1007 2895 1065 2930 hic
1089 2896 1118 2931 C
1209 2896 1254 2930 ‘24
1271 2898 1389 2943 quam]
1409 2908 1478 2942 qua
1502 2898 1532 2933 0
