1912 3152
644 242 700 276 De
726 240 867 284 lapsis
894 251 921 274 0.
947 242 1092 275 :ea-⁵245.
1540 242 1623 284 255

174 350 392 391 Praesente
426 361 472 389 ac
509 348 613 388 teste
635 357 700 386 me
736 344 823 398 ipso
861 344 1034 398 accipite
1071 344 1168 397 quid
1207 345 1400 387 euenerit.
1437 346 1623 398 parentes
1638 343 1691 383 25

117 420 220 461 forte
256 416 460 471 fugientes
496 415 593 456 dum
631 413 782 467 trepidi
820 412 955 454 minus
987 412 1222 463 consulunt,
1256 413 1329 454 sub
1352 413 1523 455 nutricis
1545 412 1623 454 ali·

116 488 252 529 mento
284 485 501 538 paruulam
532 483 663 524 filiam
695 481 958 534 reliquerunt.
999 481 1188 523 relictam
1219 482 1358 523 nutrix
1389 481 1540 523 detulit
1571 482 1622 523 ad

116 555 397 609 magistratus.
431 552 518 594 illic
547 552 583 593 ei
616 552 716 605 aput
750 549 908 592 idolum
939 562 1017 602 quo
1038 550 1212 603 populus
1234 550 1484 600 confluebat,
1517 551 1623 603 quod

71 634 86 658 ⁵
116 635 276 666 carnem
299 622 469 663 necdum
494 622 633 674 posset
655 619 772 661 edere
794 630 865 672 per
885 619 1064 660 aetatem
1079 650 1088 667 ,
1121 631 1268 672 panem
1299 631 1409 660 mero
1431 619 1621 669 mixtum,

116 691 221 745 quod
244 693 382 732 tamen
405 692 445 731 et
466 689 603 743 ipsum
624 688 673 729 de
695 687 976 729 immolatione
999 687 1259 740 pereuntium
1281 690 1513 741 supererat,
1536 690 1622 729 tra-

116 759 317 801 diderunt.
351 758 503 811 recepit
538 757 668 798 filiam
707 755 970 810 postmodum
1008 758 1150 797 mater.
1184 756 1253 797 sed
1290 756 1448 798 facinus
1485 756 1623 809 puella

116 828 378 871 commissum
410 829 498 869 tam
530 827 640 880 loqui
673 828 713 868 et
744 826 921 867 indicare
953 838 1032 867 non
1064 825 1199 879 potuit
1221 839 1344 878 quam
1366 838 1438 867 nec
1460 825 1623 867 intelle—

117 910 209 953 gere
231 897 342 950 prius
365 897 501 949 potuit
522 908 593 937 nec
615 907 760 937 arcere.
795 895 1049 949 ignoratione
1071 894 1201 949 igitur
1223 894 1440 948 obreptum
1461 896 1543 945 est,
1576 896 1623 936 ut

71 983 103 1008 ιο
117 965 438 1008 sacrificantibus
460 964 575 1006 nobis
605 976 695 1005 eam
724 976 863 1005 secum
891 965 1024 1005 mater
1051 963 1230 1005 inferret.
1265 963 1333 1004 sed
1355 963 1464 1005 enim
1486 963 1623 1017 puella

117 1034 244 1076 mixta
267 1047 359 1075 cum
382 1034 533 1075 sanctis
556 1033 685 1086 precis
714 1034 875 1074 nostrae
898 1034 939 1074 et
961 1032 1156 1074 orationis
1178 1033 1382 1086 inpatiens
1404 1044 1509 1074 nunc
1530 1032 1619 1086 plo-

115 1105 207 1145 ratu
229 1102 412 1152 concuti,
444 1115 550 1144 nunc
572 1101 722 1143 mentis
745 1103 862 1143 aestu
884 1101 1179 1143 fluctuabunda
1201 1101 1366 1151 iactari,
1400 1102 1514 1143 uelut
1536 1103 1621 1143 tor-

115 1174 200 1214 tore
222 1173 391 1225 cogente
414 1170 561 1223 quibus
583 1171 745 1223 poterat
767 1169 930 1212 indiciis
960 1169 1252 1212 conscientiam
1274 1169 1374 1211 facti
1396 1171 1438 1211 in
1460 1171 1623 1224 simpli-

116 1241 228 1282 cibus
266 1240 399 1281 adhuc
437 1239 553 1280 annis
586 1239 699 1280 rudis
729 1239 867 1280 anima
890 1238 1111 1280 fatebatur.
1145 1238 1214 1279 ubi
1236 1251 1331 1280 uero
1354 1239 1623 1280 sollemnibus

71 1308 333 1362 15adinpletis
356 1308 525 1349 calicem
547 1308 741 1349 diaconus
777 1307 919 1349 offerre
949 1307 1230 1361 praesentibus
1267 1308 1399 1361 coepit
1437 1310 1478 1349 et
1515 1308 1622 1350 acci-

115 1377 320 1432 pientibus
358 1376 502 1418 ceteris
539 1377 650 1418 locus
685 1377 771 1418 eius
808 1377 994 1427 aduenit,
1028 1376 1175 1418 facicm
1208 1389 1325 1418 suam
1354 1377 1528 1430 paruula
1557 1377 1623 1418 in-

115 1447 268 1490 stinctu
300 1447 463 1488 diuinae
496 1446 728 1487 maiestatis
760 1448 963 1496 auertere,
996 1458 1039 1487 os
1070 1446 1191 1487 labiis
1214 1445 1511 1487 obdurantibus
1533 1458 1623 1499 pre-

115 1528 244 1565 mere,
277 1516 447 1557 calicem
470 1528 666 1557 recusare.
700 1514 885 1568 perstitit
921 1516 1058 1557 tamen
1096 1515 1288 1556 diaconus
1326 1516 1366 1556 et
1402 1514 1622 1556 reluctanti

115 1584 210 1626 licet
233 1583 281 1624 de
303 1586 556 1625 sacramento
578 1583 717 1625 calicis
739 1583 904 1624 infudit.
936 1586 1034 1625 tunc
1056 1583 1241 1635 sequitur
1261 1583 1467 1636 singultus
1489 1585 1529 1624 et
1551 1596 1623 1624 uo-

73 1652 255 1696 mmituS.
289 1652 330 1694 in
362 1666 525 1706 corpore
557 1653 688 1705 adque
719 1664 785 1693 ore
816 1651 971 1693 uiolato
1003 1651 1250 1693 eucharistia
1282 1664 1518 1705 permanere
1545 1664 1624 1692 11011

119 1721 276 1775 potuit,
308 1721 591 1763 sanctificatus
613 1721 655 1762 in
676 1721 843 1762 Domini
866 1721 1063 1775 sanguine
1102 1723 1223 1774 potus
1262 1720 1309 1761 de
1344 1720 1516 1774 pollutis
1554 1720 1618 1761 ui-

117 1790 295 1832 sceribus
318 1790 466 1843 erupit.
499 1791 617 1832 tanta
650 1792 711 1832 est
748 1791 930 1843 potestas
951 1790 1139 1840 Domini,
1172 1790 1289 1832 tanta
1310 1789 1524 1831 maiestas:
1557 1801 1620 1831 se-

118 1860 224 1900 creta
246 1858 506 1900 tenebrarum
529 1859 604 1900 sub
627 1859 713 1900 eius
735 1859 826 1901 luce
848 1859 1010 1901 detecta
1032 1861 1147 1908 sunt,
1178 1858 1431 1900 sacerdotem
1452 1858 1530 1900 Dei
1552 1870 1623 1900 nec

119 1927 276 1969 occulta
297 1927 470 1969 crimina
491 1927 737 1969 fefellerunt.

76 2011 106 2037 25
175 1995 260 2037 Hoc
283 1996 391 2037 circa
412 1996 612 2038 infantem
634 2010 735 2049 quae
757 1996 809 2038 ad
826 1996 1072 2049 loquendum
1090 1997 1270 2038 alienum
1289 1997 1395 2038 circa
1413 2010 1454 2039 se
1471 1997 1625 2039 crimen
1643 1997 1696 2038 26

119 2064 290 2106 necdum
324 2064 471 2106 habuit
508 2066 701 2107 aetatem.
733 2067 776 2107 at
815 2078 909 2107 uero
946 2078 992 2106 ea
1026 2077 1127 2118 quae
1150 2067 1285 2107 aetate
1306 2068 1498 2119 prouecta
1520 2066 1625 2108 etin

120 2132 232 2174 annis
255 2132 529 2175 adultioribus
552 2134 778 2176 constituta
799 2133 1124 2176 sacrificantibus
1146 2134 1323 2177 latenter
1344 2135 1524 2188 obrepsit
1544 2148 1624 2177 non

189 2257 206 2290 1
225 2258 378 2301 accepite
390 2259 419 2292 S
502 2260 523 2293 2
542 2259 705 2304 sugentes
719 2260 769 2295 W
861 2260 977 2293 minus
992 2259 1062 2293 sibi
1076 2260 1167 2294 coni.
1186 2260 1379 2301 Cauehiu&
1407 2261 1523 2294 minus
1552 2260 1625 2294 suis

126 2313 239 2349 Oxou.
311 2315 332 2349 3
349 2316 518 2351 rolictaR
587 2318 610 2351 4
627 2318 841 2362 magistratu
861 2317 890 2352 S
906 2316 936 2361 (”
953 2328 997 2351 m.
1015 2319 1056 2361 2)
1128 2316 1202 2352 11110
1220 2317 1252 2351 01
1268 2318 1411 2362 scripsi,
1425 2318 1481 2352 illi
1499 2318 1531 2352 01
1545 2319 1625 2358 Wv,

121 2371 194 2406 illic
203 2372 267 2407 SR
341 2373 490 2408 idolium
504 2375 538 2409 R
606 2375 712 2419 quod]
728 2385 795 2419 quo
805 2375 854 2409 W
924 2375 945 2409 6
959 2374 1050 2418 quod
1062 2373 1098 2415 S,
1113 2385 1179 2418 quo
1190 2375 1236 2418 R,
1246 2375 1337 2410 illud
1353 2377 1396 2409 W
1462 2375 1625 2410 immula-

122 2428 214 2463 tione
230 2430 259 2463 S
343 2430 518 2465 tradidere
537 2432 653 2476 coepit
672 2433 706 2467 R
793 2433 810 2466 ἶ
830 2432 903 2475 scd]
922 2435 958 2466 01
978 2434 1026 2468 W
1112 2436 1133 2468 8
1152 2443 1212 2466 1100
1230 2433 1252 2466 1.
1271 2444 1302 2476 p.
1319 2433 1436 2477 potuit
1449 2444 1514 2468 om.
1531 2433 1560 2467 S

125 2487 164 2520 11
181 2488 292 2531 precis
310 2499 354 2522 ea·
373 2500 510 2532 praeces
525 2490 554 2524 S
561 2491 603 2523 W
616 2493 704 2532 m.2‚
724 2491 931 2534 precibusR
1013 2494 1154 2526 nostrae
1172 2503 1237 2526 om.
1250 2492 1284 2526 R
1354 2491 1530 2525 orationes
1549 2492 1598 2527 W
1604 2492 1623 2530 ¹,

123 2545 341 2579 orationibus
360 2547 395 2582 R
474 2548 516 2582 12
541 2551 641 2582 aestu
659 2549 773 2592 coepit
793 2561 810 2583 v
881 2549 1008 2584 iactari
1026 2552 1061 2584 et
1078 2562 1098 2585 v
1180 2549 1279 2584 uelut
1296 2550 1440 2593 tortore]
1460 2550 1515 2584 ucl
1535 2550 1625 2583 ulto-

123 2611 192 2635 rem
211 2602 245 2637 R
332 2605 374 2638 15
398 2616 543 2639 zaconus
563 2606 605 2640 S¹
695 2606 736 2640 16
762 2607 947 2651 paruulam
967 2607 1047 2642 RS*
1136 2607 1176 2642 17
1203 2607 1375 2651 auertere]
1395 2618 1415 2640 3
1432 2617 1513 2641 11010
1531 2607 1559 2641 S

124 2658 371 2694 obturantibus
392 2674 409 2697 υ
501 2663 543 2697 21
572 2664 780 2708 sanguinem
798 2664 833 2699 R
916 2664 1062 2708 pollutis
1081 2675 1146 2699 om.
1166 2664 1196 2699 S
1285 2665 1330 2698 22
1355 2666 1408 2698 cst
1424 2675 1488 2699 om.
1513 2664 1561 2698 W

124 2718 167 2752 23
191 2719 375 2753 tenebrum
395 2720 423 2754 S
430 2722 436 2738 ¹
509 2709 581 2755 d'ffii
600 2720 629 2755 S
713 2721 758 2755 24
783 2721 984 2756 fefellerunt
1001 2732 1046 2757 ea·
1064 2722 1227 2756 fenerent
1246 2721 1275 2756 S
1290 2732 1333 2755 m.
1353 2724 1375 2755 2
1444 2721 1490 2755 25
1514 2721 1625 2764 alige-

125 2785 205 2809 num
225 2777 273 2810 W
287 2778 349 2810 sed
365 2788 389 2821 g
407 2777 562 2812 deletum
580 2789 622 2812 m.
638 2781 661 2812 2
754 2780 798 2813 26
824 2779 867 2813 ad
886 2779 914 2814 S
921 2782 929 2797 ¹
1017 2790 1092 2824 eaq.
1113 2780 1147 2815 R
1240 2779 1283 2813 27
1311 2778 1502 2812 ultioribus
1523 2778 1557 2814 R

126 2833 405 2868 sacrificantibus
424 2835 524 2869 nobis
541 2847 561 2871 v
