1838 3152
444 248 681 294 Epistulae
706 247 889 283 LVIIII.
916 258 943 283 c.
972 247 1116 283 12—13.
1511 247 1591 290 681

90 355 253 408 pectore
288 352 421 406 adque
457 364 525 395 ore
560 352 769 406 lapsorum
803 350 924 394 fietus
958 351 1000 392 et
1036 350 1216 405 gemitus
1252 350 1459 392 audiatur.
1498 362 1595 392 con-

90 422 305 477 pelluntur
333 421 466 463 adhuc
498 420 665 474 insuper
692 419 797 473 lapsi
819 420 867 461 ut
887 418 1042 474 linguis
1063 418 1195 472 adque
1216 430 1284 460 ore
1305 431 1384 472 quo
1406 419 1448 461 in
1470 417 1592 471 Capi-

90 490 191 532 tolio
215 490 309 532 ante
325 489 583 542 deliquerant
605 487 883 530 sacerdotibus
905 486 1136 529 conuicium
1158 486 1325 541 faciant,
1349 486 1596 530 confessores

90 560 132 601 et
162 557 344 612 uirgines
376 558 417 600 et
449 557 580 599 iustos
615 568 796 610 quosque
832 555 928 598 fidei
963 555 1084 597 laude
1119 555 1357 608 praecipuos
1393 556 1523 609 adque
1554 555 1597 598 in

59 625 262 669 aecclesia
290 625 490 680 gloriosos
520 624 783 667 contumeliis
804 625 846 666 et
868 623 1082 666 maledicis
1112 622 1282 665 uocibus
1313 624 1592 676 prosecuntur.

89 708 113 738 a
133 694 283 748 quibus
316 694 485 747 quidem
516 705 596 735 non
626 695 715 735 tam
745 694 979 735 nostrorum
1010 691 1216 734 modestia
1245 692 1286 733 et
1316 691 1534 733 humilitas
1556 692 1598 733 et

88 763 219 818 pudor
256 763 444 806 caeditur
478 775 603 816 quam
638 762 807 804 illorum
843 761 1026 816 ipsorum
1060 772 1151 813 spes
1184 761 1226 802 et
1257 759 1346 801 uita
1380 759 1594 802 laceratur.

89 844 219 886 neque
252 832 361 874 enim
393 832 463 885 qui
493 831 626 884 audit,
659 831 730 873 sed
759 831 830 884 qui
859 830 959 872 facit
988 829 1235 880 conuicium,
1268 829 1393 871 miser
1412 830 1493 870 est:
1526 841 1598 871 nec

89 901 160 955 qui
181 914 205 943 a
226 900 354 944 fratre
376 900 547 954 uapulat
567 899 640 942 sed
661 899 731 953 qui
754 899 928 942 fratrem
950 899 1098 948 caedit,
1129 898 1171 940 in
1192 899 1284 953 lege
1305 899 1494 952 peccator
1514 899 1596 940 est:

39 986 75 1011 ιο
89 971 129 1013 et
150 982 244 1012 cum
269 970 458 1012 nocentes
479 969 763 1011 innocentibus
785 968 979 1011 iniuriam
1001 967 1174 1018 faciunt,
1206 968 1271 1009 illi
1292 968 1510 1022 patiuntur
1531 967 1596 1009 in-

87 1038 239 1081 iuriam
270 1038 341 1092 qui
372 1037 505 1081 facere
527 1050 570 1080 se
591 1038 774 1080 credunt.
813 1037 990 1090 denique
1021 1037 1115 1079 hinc
1146 1037 1231 1078 illis
1262 1049 1452 1090 percussa
1482 1049 1596 1079 mens

87 1108 129 1149 et
150 1106 272 1149 hebes
301 1106 464 1149 animus
486 1108 527 1149 et
543 1118 684 1149 sensus
706 1106 864 1148 alienus
886 1107 969 1147 est:
993 1106 1054 1147 ira
1075 1106 1137 1147 est
1154 1106 1231 1148 Dei
1253 1118 1333 1148 non
1353 1105 1596 1160 intellegere

87 1175 253 1226 delicta,
285 1188 335 1217 ne
356 1177 552 1229 sequatur
580 1175 844 1228 paenitentia,
877 1175 985 1217 sicut
1016 1174 1220 1228 scriptum
1249 1176 1333 1217 est:
1371 1176 1420 1216 et
1451 1173 1599 1216 dedit

90 1243 208 1286 illis
249 1243 384 1287 Deus
430 1244 678 1298 spiritum
723 1244 1201 1297 transpunctionis,
1249 1256 1299 1285 ne
1340 1244 1600 1285 reuertantur

46 1313 251 1356 asscilicet
281 1314 323 1355 et
353 1314 547 1355 curentur
578 1314 619 1355 et
648 1312 1003 1367 deprecationibus
1025 1325 1071 1355 ac
1094 1311 1448 1354 satisfactionibus
1476 1311 1599 1353 iustis

89 1383 183 1436 post
212 1383 378 1437 peccata
408 1383 617 1424 sanentur.
647 1382 802 1424 Paulus
831 1382 1040 1436 apostolus
1062 1381 1105 1423 in
1127 1381 1305 1434 epistula
1326 1393 1400 1423 sua
1420 1380 1537 1435 ponit
1558 1381 1599 1422 et

90 1450 214 1493 dicit:
266 1451 522 1493 dilectum
573 1451 821 1492 ueritatis
870 1462 967 1492 non
1016 1450 1307 1492 habuerunt
1356 1451 1411 1491 ut
1462 1449 1600 1491 salui

89 1518 301 1562 fierent:
333 1532 387 1563 ac
418 1520 692 1573 propterea
723 1519 906 1561 mittet
936 1518 1052 1560 illis
1080 1519 1215 1560 Deus
1245 1517 1598 1571 operationem

90 1588 302 1639 erroris,
344 1590 399 1631 ut
429 1588 644 1631 credant
674 1588 962 1641 mendacio,
996 1589 1049 1629 ut
1080 1586 1383 1630 iudicentur
1430 1598 1600 1629 omnes

42 1657 179 1711 aequi
223 1668 318 1699 non
364 1657 696 1700 crediderunt
738 1656 981 1708 ueritati,
1029 1657 1115 1699 sed
1160 1656 1262 1699 sibi
1302 1656 1508 1710 placent
1551 1655 1600 1697 in

92 1726 379 1768 iniustitia.
403 1726 564 1780 primus
585 1725 800 1768 felicitatis
821 1726 973 1781 gradus
995 1727 1058 1768 est
1079 1737 1159 1767 non
1180 1725 1431 1778 delinquere,
1455 1736 1600 1767 secun-

92 1795 169 1837 dus
202 1794 354 1837 delicta
376 1806 629 1850 cognoscere.
662 1795 750 1837 illic
772 1795 901 1837 currit
922 1795 1154 1837 innocentia
1174 1794 1338 1849 integra
1359 1795 1401 1836 et
1423 1793 1601 1836 inlibata

93 1875 196 1917 quae
213 1865 362 1914 seruet,
385 1863 452 1906 hic
474 1864 658 1906 succedit
678 1864 855 1906 medella
877 1876 980 1917 quae
1003 1865 1132 1906 sanet.
1155 1863 1262 1917 quod
1283 1864 1505 1916 utrumque
1527 1861 1599 1904 isti

91 1931 242 1975 offenso
259 1933 344 1975 Deo
366 1932 644 1987 perdiderunt,
668 1934 772 1974 utet
794 1932 946 1975 amissa
969 1932 1024 1974 sit
1046 1932 1184 1987 gratia
1205 1944 1308 1986 quae
1330 1932 1380 1974 de
1402 1932 1600 1985 baptismi

233 2058 276 2092 13
302 2057 356 2092 Es.
384 2058 438 2098 29,
466 2058 519 2092 10.
617 2058 658 2092 17
684 2058 722 2092 II
748 2058 870 2092 Thess.
897 2058 929 2098 2,
958 2058 1102 2092 10—12.

160 2172 179 2206 1
197 2173 371 2216 pecatore
394 2171 435 2217 Q,
461 2173 660 2216 (peccatore
680 2171 741 2213 M)
882 2171 1074 2205 audiantur
1093 2170 1159 2206 CR
1298 2171 1505 2217 conpellunt
1525 2170 1556 2217 Q

89 2229 113 2264 2
128 2228 229 2274 lapsu
245 2229 280 2265 R
385 2229 436 2274 ut]
456 2231 491 2263 et
509 2229 539 2264 C
642 2229 664 2262 3
681 2228 930 2272 delinquerant
948 2228 982 2262 L
1088 2228 1285 2263 sacerdotes
1304 2228 1334 2263 C
1340 2230 1349 2247 ¹
1451 2227 1598 2263 conuin-

92 2287 185 2322 cium
204 2287 240 2322 R
343 2286 481 2321 faciunt
498 2287 543 2322 C’
654 2286 676 2320 4
694 2286 863 2330 quosque]
882 2296 971 2330 quos
989 2287 1018 2321 C
1121 2286 1143 2321 5
1160 2286 1348 2331 gloriosos]
1366 2296 1442 2320 esse
1459 2286 1601 2321 constat

89 2343 178 2378 add.
200 2344 230 2379 C
244 2354 271 2378 8.
291 2344 313 2378 l.
438 2343 649 2379 contumelis
668 2343 703 2378 L
715 2344 730 2384 ¹,
750 2343 1017 2378 contumeliosis
1035 2343 1142 2378 GRV
1261 2344 1519 2388 prosequantur
1536 2353 1556 2378 v

92 2403 323 2446 prosecuntur
347 2412 368 2436 a
392 2401 523 2446 quibus
551 2412 616 2436 om.
637 2400 686 2436 M
712 2401 806 2445 (exh.
830 2401 876 2445 Q)
1015 2402 1037 2435 6
1057 2400 1245 2435 humilitas
1264 2401 1301 2435 P
1326 2401 1388 2436 sed
1418 2411 1435 2435 s
1464 2401 1505 2435 in
1528 2410 1599 2435 ras.

91 2461 115 2494 3
131 2458 200 2493 litt.
332 2459 355 2493 8
372 2458 485 2503 audit]
507 2459 647 2504 patitur
665 2458 748 2493 Bal.
875 2457 1086 2503 conuicium]
1106 2458 1272 2493 iniuriam
1290 2458 1356 2494 CR
1479 2458 1502 2492 9
1518 2457 1602 2502 quia

93 2516 204 2550 frater
221 2527 254 2550 u.
272 2515 331 2551 sed
349 2516 433 2560 quia
452 2515 482 2561 Q
620 2516 745 2550 caedat
762 2516 791 2551 C
798 2517 807 2536 ¹
948 2515 992 2550 10
1008 2518 1044 2550 et
1062 2526 1126 2550 om.
1147 2515 1212 2551 CR
1350 2515 1409 2550 illi
1429 2541 1435 2547 .
1451 2541 1459 2549 .
1475 2541 1483 2549 .
1502 2525 1600 2549 mens

92 2583 158 2609 om.
178 2573 207 2608 C
307 2573 476 2608 iniuriam
497 2601 503 2608 .
520 2600 527 2606 .
544 2601 550 2607 .
571 2574 718 2610 credunt
735 2584 799 2608 om.
821 2573 857 2609 R
966 2574 1008 2608 12
1027 2574 1207 2608 animatus
1225 2573 1270 2608 0¹
1363 2575 1418 2608 est
1435 2583 1499 2608 om.
1520 2572 1556 2606 P

94 2634 168 2669 irae
188 2633 218 2667 C
354 2631 397 2666 13
413 2631 471 2676 nc]
489 2642 550 2666 nec
572 2631 603 2677 Q
732 2631 989 2677 paenitentiam
1007 2632 1076 2677 LQ
1208 2631 1252 2665 15
1268 2631 1334 2665 hac
1357 2631 1397 2676 Q,
1415 2632 1451 2665 et
1468 2630 1555 2666 (⁷sz

95 2691 136 2725 17
155 2690 326 2725 delictum
351 2689 381 2734 Q
520 2700 588 2724 non
606 2700 672 2724 om.
692 2689 728 2725 R
869 2690 912 2724 18
929 2689 1048 2723 mittit
1064 2689 1113 2723 M
1125 2688 1264 2733 (mittet
1285 2688 1341 2733 Q),
1359 2688 1505 2722 amittet
1521 2687 1556 2723 R

92 2748 139 2782 20
155 2747 229 2793 qui]
249 2748 333 2792 quia
352 2747 387 2782 P
549 2746 697 2782 eredunt
713 2747 744 2782 C
904 2746 1071 2781 ueritatis
1089 2746 1125 2782 R
1280 2745 1317 2780 in
1336 2745 1555 2781 iniustitiam
1573 2745 1605 2781 Ο

92 2804 155 2840 sed
173 2805 209 2839 in
227 2815 252 2839 s.
271 2805 295 2840 l.
343 2805 386 2839 21
407 2804 601 2839 felicitatus
620 2804 665 2839 0¹
820 2804 1017 2848 relinquere
1034 2803 1077 2838 C·
1232 2803 1278 2838 23
1294 2803 1365 2848 hic]
1392 2803 1501 2838 isthic
1526 2803 1559 2839 V

92 2861 138 2896 24
155 2864 195 2896 ut
212 2863 248 2896 et
266 2862 312 2902 R,
332 2864 371 2896 ut
389 2872 429 2896 ea
447 2861 484 2903 C,
503 2863 544 2896 ut
563 2861 645 2903 LP,
663 2863 700 2897 et
717 2862 758 2896 ut
779 2861 830 2907 Qu
970 2860 1012 2896 de
1029 2872 1095 2896 om.
1115 2860 1144 2897 C
