1838 3152
239 234 321 276 682
782 232 974 267 Caecilii
1000 232 1212 277 Cypriani

239 336 558 378 sanctificatione
580 336 805 390 percipitur
822 337 862 377 et
878 348 957 377 non
974 335 1108 377 subsit
1125 335 1376 389 paenitentia
1392 349 1463 389 per
1479 350 1603 390 quam
1626 338 1745 391 culpa

239 407 416 447 curatur.
455 418 505 446 an
539 407 676 458 putas,
709 405 846 459 frater,
884 404 994 446 leuia
1030 416 1115 445 esse
1151 404 1347 446 aduersus
1380 405 1514 446 Deum
1553 405 1743 457 facinora,

237 487 364 526 parua
398 474 437 514 et
469 474 630 514 modica
665 473 829 524 delicta,
869 473 976 526 quod
1006 485 1077 526 per
1108 472 1202 514 illos
1234 485 1316 514 non
1348 475 1518 527 rogatur
1550 474 1744 516 maiestas

236 542 491 595 indignantis
521 542 610 596 Dei,
642 542 748 594 quod
778 553 856 582 non
886 542 1059 582 timetur
1088 541 1150 582 ira
1179 542 1219 582 et
1250 541 1358 595 ignis
1388 542 1429 582 et
1450 542 1535 582 dies
1558 542 1739 593 Domini,

238 611 346 663 quod
358 610 584 652 inminente
606 610 849 652 antichristo
868 612 1103 651 exarmatur
1119 609 1219 650 fides
1237 610 1458 651 militantis
1468 610 1622 663 populi,
1641 611 1741 653 dum
1757 629 1774 652 5

237 679 401 720 tollitur
424 679 540 733 uigor
553 681 593 720 et
607 679 731 720 timor
742 678 894 719 Christi
909 681 929 719 ἱ)
951 678 1130 719 uiderint
1151 678 1248 719 laici
1269 678 1345 720 hoc
1367 678 1567 731 quomodo
1590 681 1745 722 curent.

238 747 515 790 sacerdotibus
556 748 670 789 labor
699 747 829 788 maior
859 747 1064 788 incumbit
1092 747 1135 787 in
1166 747 1388 788 adserenda
1420 748 1460 788 et
1492 748 1747 800 procuranda

238 817 317 859 Dei
365 818 581 859 maiestate
595 849 604 867 ,
655 829 705 858 ne
749 816 848 869 quid
892 816 1107 857 uideamur
1151 816 1194 856 in
1237 817 1312 857 hac
1355 818 1473 868 parte
1516 817 1744 871 neglegere,

238 886 400 939 quando
436 886 655 927 admoneat
684 885 887 926 Dominus
919 885 960 926 et
990 885 1121 926 dicat:
1163 886 1211 926 et
1248 898 1380 927 nunc
1410 886 1745 939 praeceptum

237 955 329 997 hoc
360 955 417 996 ad
448 967 536 996 uos
568 955 673 1005 est,
705 966 727 994 o
757 953 1077 995 sacerdotes:
1110 954 1156 995 si
1187 966 1280 995 non
1311 954 1592 996 audieritis
1623 954 1671 996 et
1702 953 1793 999 sim

238 1037 332 1066 non
363 1023 656 1077 posueritis
686 1024 736 1064 in
768 1023 918 1064 corde
947 1025 1122 1065 uestro
1151 1025 1207 1064 ut
1239 1023 1373 1065 detis
1401 1024 1637 1065 honorem
1666 1035 1745 1064 no-

238 1092 368 1134 mini
405 1104 531 1143 meo,
579 1092 712 1133 dicit
749 1092 1016 1146 DominuS,
1064 1092 1331 1134 inmittam
1380 1092 1429 1134 in
1467 1104 1554 1134 uos
1592 1092 1744 1133 male-

241 1161 522 1203 dictionem
568 1163 617 1202 et
669 1160 979 1203 maledicam
1031 1160 1450 1202 benedictionem
1500 1162 1744 1202 uestram.

238 1231 365 1272 honor
394 1242 489 1284 ergo
520 1230 643 1271 datur
663 1230 748 1271 Deo
779 1230 938 1283 quando
969 1230 1027 1271 sic
1048 1230 1125 1271 Dei
1155 1229 1351 1271 maiestas
1380 1231 1421 1271 et
1452 1242 1621 1272 censura
1650 1241 1747 1271 con-

239 1300 454 1350 temnitur,
478 1301 525 1341 ut
547 1313 642 1341 cum
664 1312 705 1341 se
727 1299 799 1341 1116
821 1299 1028 1354 indignari
1051 1300 1092 1340 et
1120 1299 1241 1341 irasci
1272 1299 1599 1341 sacrificantibus
1630 1299 1741 1341 dicat
1754 1316 1787 1341 15

239 1370 281 1411 et
302 1382 397 1411 cum
418 1381 567 1422 poenas
590 1371 774 1410 aeternas
798 1370 838 1410 et
861 1368 1063 1422 supplicia
1079 1370 1277 1422 perpetua
1293 1368 1580 1419 comminetur,
1603 1380 1749 1422 propo-

240 1438 363 1479 natur
385 1451 408 1479 a
430 1437 641 1492 sacrilegis
671 1437 804 1490 adque
825 1437 988 1479 dicatur
1007 1449 1056 1478 ne
1077 1438 1139 1479 ira
1161 1437 1366 1492 cogitetur
1386 1437 1485 1487 Dei,
1518 1450 1568 1479 ne
1596 1437 1746 1479 timea-

239 1509 309 1548 tur
330 1506 532 1548 iudicium
552 1506 741 1557 Domini,
774 1520 824 1548 ne
846 1507 1034 1560 pulsetur
1055 1507 1106 1547 ad
1129 1506 1344 1547 ecclesiam
1368 1505 1534 1557 Christi,
1557 1506 1627 1548 sed
1650 1506 1746 1548 sub-

239 1576 327 1616 lata
355 1575 609 1629 paenitentia
637 1587 710 1616 nee
731 1575 819 1616 ulla
855 1575 1128 1629 exomologesi
1164 1575 1349 1617 criminis
1380 1574 1511 1626 facta,
1544 1575 1746 1628 despectis

241 1644 440 1697 episcopis
462 1643 593 1696 adque
615 1643 795 1693 calcatiS,
819 1656 897 1697 pax
918 1656 941 1684 a
961 1643 1212 1697 presbyteris
1234 1643 1372 1685 uerb1s
1394 1643 1610 1685 fallacibus
1627 1655 1742 1696 prae·
1757 1661 1792 1687 ρο

240 1712 413 1763 dicetur,
436 1714 477 1754 et
498 1726 548 1753 ne
570 1712 675 1765 lapsi
698 1713 870 1766 surgant
893 1714 964 1753 aut
985 1712 1085 1754 foris
1107 1712 1231 1765 positi
1256 1712 1307 1754 ad
1330 1712 1544 1754 ecclesiam
1566 1712 1745 1764 redeant,

241 1781 565 1823 communicatio
586 1793 666 1822 non
689 1780 1089 1822 communicantibus
1112 1781 1337 1823 offeratur?

380 1953 401 1987 9
426 1953 511 1987 Mal.
537 1953 568 1993 2,
597 1953 626 1986 1.
653 1953 685 1986 2.

314 2126 332 2160 1
352 2126 470 2160 subsit
487 2125 569 2166 RV,
590 2125 721 2159 sumsit
738 2125 819 2166 LP,
850 2125 961 2169 „psit
983 2125 1022 2169 Q,
1053 2126 1205 2169 sumpsit
1223 2126 1278 2167 M,
1306 2126 1497 2160 subueniat
1515 2118 1564 2162 Cv
1588 2131 1620 2161 et
1637 2127 1751 2173 M²Q²

240 2194 265 2219 S.
282 2184 315 2225 l„
338 2186 482 2228 sumpta
500 2183 548 2216 sit
562 2183 636 2217 coel.
653 2183 941 2218 Beneuentanus
1025 2183 1284 2227 paonitentiam
1299 2183 1369 2228 PQ
1462 2185 1483 2218 2
1497 2195 1541 2218 an
1556 2195 1619 2219 om.
1636 2185 1709 2220 LP

239 2241 409 2276 aduersu*
431 2242 465 2276 P
557 2240 579 2273 3
598 2240 648 2284 et]
667 2251 706 2274 ac
724 2239 789 2275 CR
882 2240 904 2274 4
921 2240 1068 2284 domini]
1087 2241 1123 2275 di
1142 2251 1185 2274 esc
1202 2241 1245 2274 do
1270 2242 1299 2276 C
1389 2241 1411 2275 ὃ
1428 2241 1494 2275 fide
1514 2242 1550 2277 R
1645 2244 1665 2277 6
1682 2243 1749 2277 1361-

240 2300 336 2333 latur
355 2299 391 2334 R
500 2298 607 2332 timor
625 2300 660 2332 et
678 2298 779 2342 uigor
800 2298 829 2343 Q
934 2298 1033 2332 uider
1052 2297 1100 2331 111
1116 2298 1287 2341 (uiderint
1308 2298 1350 2344 Q)
1467 2299 1563 2345 laici]
1582 2300 1653 2334 luci
1671 2301 1706 2336 R

240 2373 436 2417 quodmodo
462 2383 540 2407 curi
544 2374 604 2405 ent
628 2372 657 2407 C
795 2372 814 2405 7
839 2372 1069 2417 procuranda]
1090 2372 1318 2417 propitianda
1344 2373 1407 2409 CR
1547 2375 1568 2407 8
1585 2374 1750 2408 maiesta-

238 2433 311 2465 tem
335 2431 364 2465 (J
478 2420 660 2474 neclegere
677 2429 713 2464 R
838 2430 883 2463 10
899 2430 964 2464 hoc
982 2440 1046 2464 om.
1068 2429 1111 2464 0¹
1232 2430 1262 2464 si
1279 2441 1344 2465 om.
1365 2431 1394 2465 (J
1515 2432 1558 2465 12
1575 2431 1748 2476 dominus]

238 2488 458 2532 omnipotens
483 2486 569 2521 aad.
594 2486 658 2522 GR
798 2488 841 2521 14
858 2498 927 2521 non
952 2487 1058 2521 datur
1083 2475 1203 2522 (11Ἑο
1224 2498 1291 2521 11011
1309 2498 1335 2522 s,
1355 2488 1376 2522 l.
1517 2487 1573 2521 dei
1590 2499 1655 2522 om.
1680 2488 1708 2523 O

239 2546 282 2580 15
300 2546 390 2590 cum]
411 2556 489 2579 eum
512 2545 542 2579 (J
669 2544 909 2578 sacrificantes
928 2545 957 2579 G
1079 2545 1219 2579 dicatur
1242 2545 1272 2589 Q
1401 2546 1444 2579 16
1462 2546 1695 2580 comminatur
1712 2545 1748 2586 O,

239 2603 495 2638 comminentur
517 2602 546 2647 Q
678 2602 887 2646 proponitur
905 2602 951 2636 0²
1079 2602 1120 2635 17
1140 2602 1173 2646 a]
1193 2602 1237 2636 ad
1256 2603 1285 2637 C
1302 2613 1382 2646 emp.
1512 2603 1642 2636 dicitur
1678 2603 1706 2637 C

238 2660 294 2695 dci
318 2661 374 2705 ne]
402 2660 458 2694 (161
481 2660 588 2705 M2Q,
619 2659 680 2694 deo
701 2660 763 2693 M¹
904 2660 948 2693 19
973 2659 1258 2704 exhomologesin
1277 2660 1322 2701 L,
1353 2660 1626 2704 exhomologisis
1651 2661 1688 2694 in
1710 2660 1750 2705 Q,

240 2735 512 2779 exomologesim
531 2735 576 2775 P,
595 2733 887 2788 exhomologisim
902 2733 932 2768 C
1023 2733 1154 2768 factam
1170 2734 1200 2769 C
1292 2735 1336 2769 20
1353 2735 1386 2779 a]
1405 2746 1473 2769 non
1492 2746 1512 2769 a
1528 2735 1622 2769 ueris
1642 2733 1706 2769 CR

239 2792 282 2825 21
301 2792 411 2826 labsis
430 2804 488 2827 sur
491 2794 579 2837 gant
597 2792 659 2833 L¹‚
684 2784 776 2836 lapsi
795 2793 942 2845 surguat
962 2791 1000 2832 C,
1023 2792 1196 2836 baptismi
1215 2793 1341 2836 surgat
1357 2792 1394 2827 R
1533 2792 1690 2837 positum
1706 2791 1755 2826 M

240 2852 313 2892 (pos
299 2849 362 2882 siti
384 2849 425 2894 Q)
521 2850 565 2883 22
583 2851 618 2883 et
637 2847 908 2883 communicatio
926 2849 955 2883 C
956 2850 991 2884 R
1085 2850 1167 2894 nou]
1188 2860 1207 2883 a
1225 2860 1292 2883 non
1312 2850 1385 2885 PR
