1838 3152
640 245 856 290 Epistula
880 245 1173 280 L11.-L1111.
1574 245 1655 287 621

500 440 1309 552 EPISTVLA‘LIIII.

149 587 416 623 CYPRIANVS
449 587 643 624 MAXIMO
679 587 982 623 PRESBYTERO
1015 587 1134 622 ITEM
1164 587 1357 623 VRBANO
1383 587 1441 622 ΕΤ
1468 586 1658 623 SIDONIO

580 645 640 679 ET
665 644 880 681 MACARIO
905 645 1171 680 FRATRIBVS
1197 646 1230 680 S.

205 793 341 835 Lectis
370 793 523 835 litteris
545 794 707 844 uestris,
741 794 888 836 fratres
921 795 1136 845 carissimi,
1168 806 1268 847 quas
1290 795 1340 836 ad
1363 806 1428 835 me
1450 795 1499 835 de
1520 792 1691 836 uestra!

117 862 395 915 sregressione
426 864 467 904 et
497 862 546 903 de
577 862 852 904 ecclesiastica
889 875 988 916 pace
1019 876 1066 905 ac
1097 863 1280 905 fraterna
1310 862 1658 917 redintegratione

144 931 314 981 fecistis,
362 931 403 972 in
443 932 606 972 tantum
652 944 718 972 me
763 931 966 973 laetatum
1012 944 1098 974 esse
1144 932 1335 974 confiteor
1373 932 1416 973 in
1455 933 1657 985 quantum

144 999 301 1042 fueram
342 1002 383 1042 et
420 1001 514 1042 ante
554 1000 734 1042 laetatus
774 1001 935 1053 quando
976 1000 1242 1043 confessionis
1281 1002 1443 1043 uestrae
1482 1000 1658 1056 gloriam

142 1069 305 1122 conperi
348 1069 388 1110 et
428 1068 608 1110 militiae
656 1070 815 1110 uestrae
863 1069 1082 1111 caelestem
1124 1082 1171 1111 ac
1212 1070 1445 1123 spiritalem
1490 1070 1658 1112 laudem

142 1137 469 1192 gratulabundus
500 1138 652 1191 excepi.
687 1151 781 1179 nam
813 1140 854 1180 et
887 1138 987 1180 haec
1018 1138 1112 1180 fidei
1145 1140 1185 1181 et
1215 1139 1352 1181 laudis
1384 1140 1544 1181 uestrae
1576 1138 1659 1180 alia

97 1221 131 1246 10
144 1206 341 1248 confessio
371 1208 434 1248 est
465 1220 589 1249 unam
631 1219 717 1249 esse
757 1208 972 1250 ecclesiam
1012 1208 1196 1250 confiteri
1235 1222 1306 1250 nec
1346 1208 1469 1250 alieni
1509 1207 1658 1250 erroris

143 1276 209 1318 uel
246 1276 382 1329 potius
419 1276 642 1330 prauitatis
683 1276 928 1330 participem
970 1276 1072 1327 fieri,
1115 1278 1297 1330 repetere
1338 1277 1480 1319 eadem
1522 1277 1657 1318 castra

143 1345 248 1387 unde
288 1345 497 1398 prodistis,
546 1346 652 1387 unde
691 1345 743 1387 ad
781 1345 1006 1400 gerendum
1048 1346 1250 1398 proelium
1289 1348 1330 1388 et
1359 1345 1654 1393 ,aduersarium

142 1414 416 1468 subigendum
449 1413 686 1456 fortissimis
718 1414 878 1456 uiribus
910 1414 1144 1467 prosilistis.
1186 1415 1287 1457 illuc
1318 1415 1428 1456 enim
1458 1416 1574 1456 erant
1606 1414 1654 1455 de

143 1483 227 1524 acie
266 1483 431 1536 tropaea
471 1482 680 1524 referenda
716 1483 823 1525 unde
854 1483 905 1524 ad
936 1483 1066 1525 aciem
1098 1483 1267 1534 *fuerant
1304 1496 1420 1525 arma
1450 1484 1654 1536 suscepta,

96 1567 128 1591 ιε»
142 1564 191 1592 ne
222 1564 322 1604 quos
355 1552 405 1593 ad
438 1551 613 1606 gloriam
646 1550 834 1593 Christus
866 1553 1051 1606 parasset
1082 1552 1244 1594 eosdem
1275 1552 1474 1607 gloriosos
1501 1551 1654 1594 Christi

141 1620 311 1662 ecclesia
333 1632 411 1661 non
433 1620 614 1662 haberet.
648 1632 754 1662 nunc
776 1632 871 1661 uero
893 1622 934 1662 et
955 1633 1027 1662 uos
1050 1621 1345 1676 congruentem
1377 1621 1471 1663 fidei
1493 1622 1655 1663 uestrae

140 1690 325 1730 tenorem
357 1690 488 1742 adque
518 1689 759 1731 indiuiduae
791 1690 978 1731 caritatis
1010 1691 1050 1731 et
1082 1690 1320 1731 concordiae
1351 1690 1486 1744 legem
1520 1690 1654 1731 domi-

140 1758 231 1799 nica
271 1770 368 1812 pace
410 1758 603 1800 tenuistis
645 1760 686 1801 et
727 1759 960 1812 exemplum
1001 1760 1147 1801 ceteris
1189 1759 1422 1800 dilectionis
1463 1759 1504 1799 et
1542 1759 1656 1812 pacis

140 1828 276 1868 uestro
305 1827 453 1869 itinere
483 1827 652 1878 fecistis,
685 1830 733 1869 ut
753 1828 946 1870 ecclesiae
977 1828 1130 1870 ueritas
1161 1829 1202 1869 et
1224 1828 1430 1882 euangelii
1453 1840 1498 1869 ac
1520 1840 1656 1869 sacra-

210 1999 324 2043 Epist.
344 1998 466 2033 LIlII.
488 2019 527 2023 —
548 1999 681 2043 Incipit
707 1998 751 2032 ad
769 1999 963 2033 Maximum
988 1988 1085 2043 {FF
1105 1999 1169 2041 fol.
1187 1999 1227 2033 δ’)
1246 1998 1496 2042 (desideratur
1522 1998 1656 2033 deinde

143 2056 302 2100 folium),
321 2056 454 2100 Incipit
472 2055 516 2090 ad
529 2056 724 2090 Maximum
744 2056 988 2100 presbyterum
1006 2058 1041 2091 et
1059 2056 1318 2100 (presbyterum
1337 2058 1373 2090 et
1392 2067 1458 2090 om.
1474 2056 1524 2100 B)
1542 2055 1655 2090 Vrba-

144 2124 227 2146 num
252 2113 387 2155 (urbem
406 2113 454 2157 L)
480 2115 516 2147 et
541 2115 622 2156 (om.
644 2113 694 2156 B)
720 2113 904 2148 Sidonium
930 2115 967 2148 et
991 2114 1185 2148 Macarium
1211 2113 1445 2157 (Macharium
1469 2113 1507 2158 Q,
1535 2113 1654 2148 Maca·

145 2171 236 2205 rium
266 2170 307 2205 de
336 2171 551 2215 regressione
582 2182 701 2205 corum
731 2171 776 2205 ad
805 2171 990 2206 ecclesiam
1009 2172 1058 2215 Β)
1085 2172 1238 2216 BLQT.
1264 2191 1306 2195 —
1325 2171 1347 2205 2
1372 2170 1589 2216 presbyteris
1608 2170 1655 2211 Β,

146 2228 388 2272 presbyterum
409 2228 453 2273 ρ’
472 2228 606 2273 (prcsb:
626 2228 687 2271 M)
827 2229 849 2263 3
866 2229 1044 2263 machario
1066 2229 1153 2274 QTv
1291 2230 1314 2263 5
1339 2228 1437 2273 pace]
1465 2228 1656 2273 disciplina

143 2296 227 2330 pace
244 2286 280 2320 B
403 2287 425 2320 6
443 2297 497 2320 me
515 2286 668 2320 latatum
691 2287 723 2321 T
730 2290 753 2327 ¹,
774 2298 828 2320 me
846 2286 980 2321 laetum
1003 2287 1042 2331 Q,
1062 2286 1154 2320 male
1171 2288 1289 2320 tatum
1309 2286 1344 2320 B
1464 2286 1486 2320 8
1503 2286 1655 2321 caeleste

143 2355 182 2378 ac
200 2345 364 2388 spin'tale
382 2344 432 2378 B'
536 2344 690 2388 laudem]
709 2344 880 2389 gaudium
900 2344 936 2378 B
1038 2345 1059 2378 9
1077 2345 1213 2389 excepti
1230 2345 1265 2379 L
1364 2343 1432 2378 fide
1450 2344 1497 2379 M
1512 2343 1608 2388 (fidei
1628 2343 1659 2388 Q

144 2401 206 2435 secl
223 2402 263 2435 in
279 2412 393 2447 mary.
411 2413 456 2435 m.
474 2406 497 2436 2
521 2402 627 2436 huius
646 2401 740 2447 fidei)
881 2404 1018 2436 uestrae
1045 2413 1110 2436 om.
1130 2402 1166 2436 B
1307 2402 1350 2435 10
1366 2401 1440 2446 nec]
1468 2412 1509 2434 ne
1529 2401 1564 2435 B

147 2459 188 2492 11
209 2458 398 2502 participes
417 2459 451 2493 L
556 2461 671 2494 castra
689 2470 721 2494 u.
742 2470 773 2503 p.
793 2470 825 2493 u.
844 2470 875 2494 a.
894 2470 927 2503 g.
948 2470 981 2503 p.
999 2461 1037 2493 et
1054 2470 1082 2494 a.
1103 2458 1350 2504 subigendum]
1371 2456 1655 2503 gratulabundus

145 2516 272 2560 excepi.
314 2526 396 2550 narn
430 2516 515 2551 haec
548 2516 651 2551 fidem
686 2519 722 2551 et
755 2516 872 2551 laudis
913 2518 1052 2551 uestrae
1085 2516 1323 2551 ministerium
1358 2516 1426 2549 iste
1459 2514 1657 2559 subigenda

145 2584 222 2607 eum
242 2573 277 2607 B
372 2573 415 2608 12
432 2571 638 2619 gerendum]
658 2574 851 2619 regendum
870 2574 979 2618 LQT
1071 2575 1113 2609 13
1132 2574 1307 2618 prosilitis
1322 2574 1366 2614 Β,
1386 2572 1604 2618 prosiluistis
1627 2572 1659 2606 T

143 2630 206 2664 secl
231 2631 334 2664 uistis
360 2632 400 2665 in
424 2642 496 2666 ras.
638 2631 724 2666 illuc
750 2632 843 2666 enim
869 2633 985 2677 erant]
1012 2632 1152 2666 luxerat
1177 2632 1270 2665 enim
1290 2631 1326 2665 B
1467 2630 1509 2664 14
1533 2631 1657 2673 tropea

147 2688 290 2733 BLQT
381 2688 587 2733 perferenda
605 2689 638 2723 B
731 2689 776 2723 ad
794 2700 891 2723 arma
914 2691 946 2724 T
1061 2691 1103 2724 16
1121 2689 1300 2723 ecclesiam
1322 2688 1369 2722 M
1384 2687 1543 2731 (ecclesia
1566 2686 1610 2730 Q)

146 2746 253 2789 nunc]
271 2756 331 2780 nec
351 2747 387 2781 Β
482 2746 521 2779 17
540 2736 843 2792 ἀοῐηίῃίςαῐιίᾩΤ
940 2748 982 2781 18
1000 2757 1119 2791 pacem
1141 2747 1171 2791 Q
1265 2746 1307 2779 19
1324 2745 1505 2779 ecclesiam
1525 2743 1559 2778 B

141 2803 323 2847 euangelii
353 2804 533 2847 (euangeli
552 2805 601 2848 L)
630 2814 670 2838 ac
695 2804 851 2844 BLTV,
882 2805 1070 2849 euangelia
1095 2804 1208 2849 MQ¹‚
1237 2803 1444 2846 euangelica
1465 2802 1522 2847 Q2.
1551 2811 1657 2835 euan-

147 2861 253 2903 gelici
276 2873 293 2895 v
388 2864 606 2896 sacramenta
629 2863 661 2897 T
668 2866 673 2883 ¹
