1912 3152
256 169 361 239 148.
787 192 982 228 Caecilii
1008 191 1224 236 Cypriani

253 300 297 342 in
318 301 384 341 die
414 300 499 341 irae
529 299 570 340 et
599 297 863 340 reuelationis
895 296 995 338 iusti
1025 295 1169 337 iudicii
1190 295 1269 337 Dei
1291 295 1361 348 qui
1382 294 1525 336 reddet
1546 293 1764 347 unicuique

254 368 478 410 secundum
499 378 619 419 opera
640 379 727 408 sua.

418 494 669 535 MVLIEREM
701 504 872 534 ORNARI
903 503 1252 533 SAECVLARITER
1282 502 1376 533 NON
1408 502 1602 531 DEBERE.

187 573 240 613 36
314 574 370 616 In
399 574 744 628 Apocalypsi:
792 574 847 614 Et
877 573 991 614 uenit
1023 584 1127 613 unus
1161 585 1207 613 ex
1238 572 1395 624 septem
1426 571 1584 625 angelis
1615 571 1766 613 haben-

255 643 368 685 tibus
399 643 559 696 phialas
591 643 631 683 et
662 642 878 696 adgressus
909 642 971 682 est
1001 654 1067 683 me
1099 641 1256 683 dicens:
1304 640 1417 691 ueni,
1450 641 1662 682 ostendam
1690 641 1767 681 tibi
1800 652 1812 673 ε’)

257 712 562 754 damnationem
598 711 824 752 meretricis
860 722 1032 764 magnae
1069 709 1248 751 sedentis
1285 721 1404 762 super
1439 722 1563 762 aquas
1600 709 1766 752 multas.

257 794 351 822 cum
380 793 459 834 qua
488 780 677 822 fornicati
714 780 809 820 sunt
845 792 960 834 reges
996 779 1140 820 terrae.
1173 779 1213 820 et
1246 778 1334 819 uidi
1375 779 1591 820 mulierem
1627 778 1768 819 seden-

256 850 343 891 tem
378 861 498 902 super
528 848 717 890 bestiam.
765 848 805 888 et
843 847 994 889 mulier
1025 847 1098 888 illa
1137 847 1290 888 amicta
1330 848 1417 888 erat
1452 846 1627 899 pallium
1671 860 1768 900 pur-

257 931 430 972 pureum
466 919 507 958 et
537 917 770 959 coccineum
814 917 855 957 et
891 916 1086 957 adornata
1122 916 1208 957 erat
1243 927 1339 957 auro
1370 916 1410 956 et
1440 915 1648 968 lapidibus
1679 928 1770 968 pre-

257 987 375 1029 tiosis
407 988 447 1028 et
477 986 713 1039 margaritis
745 986 885 1026 tenens
916 986 1110 1038 poculum
1146 998 1316 1026 aureum
1352 984 1395 1025 111
1430 997 1555 1025 manu
1577 996 1650 1025 sua
1681 985 1768 1037 ple·
1784 1001 1816 1024 io

258 1070 357 1098 num
379 1054 699 1097 exsecrationum
722 1055 762 1095 et
783 1054 1058 1095 inmunditiae
1081 1054 1121 1095 et
1157 1053 1437 1095 fornicationis
1459 1053 1587 1094 totius
1626 1054 1767 1095 terrae.

259 1125 391 1166 Item
438 1123 497 1165 ad
536 1123 882 1164 Timotheum:
946 1122 1037 1164 Sint
1084 1122 1277 1165 mulieres
1319 1123 1479 1164 uestrae
1521 1135 1615 1164 cum
1656 1136 1770 1165 uere-

260 1193 407 1234 cundia
438 1193 478 1233 et
508 1192 730 1245 pudicitia,
764 1193 1032 1244 conponentes
1069 1205 1111 1233 se
1146 1204 1225 1233 non
1260 1192 1449 1234 intortis
1486 1192 1665 1234 crinibus
1701 1206 1772 1233 ne-

260 1275 336 1315 que
378 1273 475 1303 auro
516 1274 644 1314 neque
684 1261 922 1315 margaritis
965 1262 1035 1302 aut
1076 1262 1189 1302 ueste
1220 1261 1418 1314 pretiosa,
1462 1262 1531 1303 sed
1572 1263 1617 1302 ut
1659 1263 1772 1304 decet

259 1330 451 1372 mulieres
492 1330 779 1383 promittentes
829 1330 1064 1371 castitatem
1104 1343 1176 1382 per
1216 1330 1365 1371 bonam
1407 1331 1817 1372 eonu01·sationem.1:›

259 1400 388 1441 Item
439 1399 626 1440 Petrus
675 1399 941 1451 apostolus
991 1398 1051 1440 ad
1095 1398 1361 1441 Ponticos:
1415 1398 1477 1441 Sit
1517 1400 1559 1441 in
1600 1401 1772 1442 muliere

259 1481 338 1510 non
379 1468 552 1509 exterior
593 1467 821 1509 ornamenti
865 1468 937 1509 aut
978 1467 1066 1508 auri
1108 1468 1180 1509 aut
1219 1468 1347 1509 uestis
1370 1468 1505 1510 cultus
1537 1469 1607 1510 sed
1639 1469 1774 1510 cultus

260 1536 404 1579 cordis.
438 1536 566 1577 Item
598 1536 647 1577 in
680 1535 879 1577 Genesi:
914 1536 1093 1577 Thamar
1114 1537 1321 1590 cooperuit
1351 1550 1393 1579 se
1424 1538 1552 1591 pallio
1585 1539 1625 1579 et
1657 1539 1774 1579 ador-

258 1605 397 1655 nauit,
431 1606 471 1646 et
503 1618 598 1646 cum
629 1605 879 1657 adspexisset
911 1618 1003 1646 eam
1026 1605 1172 1656 ludas,
1211 1606 1349 1647 uisum
1371 1607 1432 1648 est
1453 1606 1490 1647 ei
1513 1608 1772 1649 meretricem

262 1687 361 1716 esse.
1789 1679 1820 1704 *20

289 1789 499 1830 FIDELEM
530 1800 624 1830 NON
656 1801 893 1830 OPORTERE
925 1800 982 1830 OB
1014 1800 1123 1830 ALIA
1155 1799 1353 1830 DELICTA
1384 1800 1475 1831 NISI
1507 1801 1564 1831 ΟΒ
1596 1803 1753 1833 NOMEN

842 1869 993 1899 SOLVM
1025 1870 1197 1899 PVN1R1.

195 1934 245 1975 37
320 1938 511 1979 Petrus
543 1938 810 1991 apostolus
842 1939 902 1980 ad
934 1938 1196 1979 Ponticos:
1242 1938 1327 1980 Nec
1349 1938 1568 1992 quisquam
1590 1941 1774 1981 uestrum

262 2007 478 2060 tamquam
499 2007 565 2048 fur
595 2009 667 2048 aut
698 2008 903 2049 homicida
933 2007 1117 2060 patiatur
1147 2009 1218 2049 aut
1240 2008 1453 2061 tamquam
1474 2009 1684 2051 maleficus
1707 2013 1777 2050 aut

264 2088 381 2117 curas
404 2076 557 2117 alienas
579 2088 722 2129 agens,
756 2076 825 2117 sed
846 2077 1061 2129 tamquam
1083 2076 1341 2118 christianus.
1791 2080 1823 2106 2⁵

401 2213 424 2247 4
441 2212 546 2256 Apoc.
566 2212 618 2253 17,
640 2213 658 2245 1
680 2224 731 2256 sq.
799 2213 841 2246 12
860 2213 877 2247 I
897 2213 986 2247 Tim.
1005 2214 1037 2254 2,
1055 2214 1076 2247 9
1095 2224 1146 2257 sq.
1212 2214 1255 2247 16
1272 2213 1290 2247 Ι
1308 2214 1403 2247 Petr.
1422 2215 1453 2254 3,
1473 2214 1495 2247 3
1513 2224 1562 2258 sq.
1630 2215 1672 2248 18
1691 2217 1775 2249 (ion.

266 2269 322 2309 38,
342 2269 385 2303 14
401 2280 450 2312 sq.
523 2269 570 2305 23
597 2270 614 2303 I
633 2269 727 2303 Petr.
742 2271 774 2310 4,
794 2271 837 2304 15
855 2281 905 2315 sq.

339 2395 358 2429 1
375 2395 513 2429 diemL
572 2396 593 2429 2
611 2407 750 2440 operam
769 2398 915 2431 suamB
976 2398 998 2432 5
1015 2397 1116 2431 fialas
1124 2398 1251 2433 AWL
1314 2399 1336 2433 8
1352 2409 1563 2442 purporeum
1572 2400 1618 2433 M
1665 2400 1685 2434 9
1705 2411 1777 2434 coc-

269 2452 387 2487 cinum
402 2453 487 2487 WB
559 2453 602 2487 10
627 2464 771 2487 manum
789 2465 887 2488 suam
902 2455 937 2488 B
1007 2455 1053 2491 13
1079 2455 1255 2499 puditicia
1276 2456 1324 2489 W
1391 2457 1509 2501 tortis]
1525 2458 1657 2491 ornatis
1676 2457 1710 2491 Β

270 2510 313 2544 15
338 2510 640 2544 conucrsationcm
660 2522 721 2555 per
738 2511 865 2545 bonam
884 2513 1090 2546 castitatem
1111 2513 1146 2546 Β
1218 2513 1259 2547 17
1287 2514 1423 2547 scultus
1441 2514 1477 2548 A
1550 2515 1592 2548 19
1618 2526 1695 2549 cum
1715 2515 1776 2549 ad-

270 2567 454 2612 spexisset]
473 2557 667 2611 conspffB
739 2570 828 2613 cam]
849 2569 913 2603 illa
932 2570 966 2603 Β
1051 2570 1154 2604 iudas
1173 2581 1216 2604 eac
1233 2570 1368 2604 iudicas
1383 2572 1417 2604 A
1431 2583 1474 2605 m.
1491 2574 1516 2605 2
1586 2572 1629 2605 21
1648 2572 1778 2606 delicta

270 2625 340 2658 nisi
356 2625 412 2670 cb]
433 2625 612 2659 delectans
630 2625 687 2659 iob
706 2627 741 2659 A
849 2627 894 2661 22
918 2627 1050 2672 puniri]
1071 2628 1148 2671 pati
1170 2628 1221 2662 W
1327 2629 1371 2663 23
1396 2629 1432 2662 111
1451 2629 1605 2673 epistula
1622 2630 1715 2673 petri
1733 2630 1777 2663 ad

276 2683 467 2717 WLMRv
552 2683 740 2727 quicquam
759 2684 794 2718 Β
888 2685 932 2719 24
956 2686 1139 2730 tamquam
1156 2687 1211 2720 ter
1229 2689 1281 2728 A,
1307 2687 1392 2721 item
1408 2687 1460 2721 bis
1477 2687 1515 2721 in
1530 2698 1622 2732 seqq.
1720 2699 1777 2730 pa-

271 2741 391 2774 tcatur
409 2741 444 2775 Β
538 2741 729 2776 maledicus
748 2743 798 2777 W
