1838 3152
202 197 289 238 460
729 194 919 229 Caecilii
948 194 1160 239 Cypriani

202 299 484 340 admittere
516 299 563 339 in
596 298 793 340 domuin
828 299 1057 340 uestram
1105 300 1153 340 et
1201 313 1292 341 aue
1340 299 1428 340 illi
1472 314 1528 341 ne
1575 300 1711 342 dixe-

205 367 342 408 ritis.
391 367 477 420 qui
518 367 648 408 enim
680 367 876 409 dixerit
916 368 999 408 illi
1039 380 1131 409 aue
1163 368 1510 409 communicat
1541 369 1712 411 factis

203 436 313 478 eius
345 436 509 477 malis.
551 437 751 489 quomodo
774 437 942 478 admitti
966 437 1068 478 tales
1091 438 1243 479 temere
1265 437 1307 478 in
1330 438 1498 478 domum
1520 437 1596 478 Dei
1619 450 1712 491 pos·

204 506 301 545 sunt
331 505 399 557 qui
431 504 472 546 in
495 505 664 546 domum
688 506 870 546 uestram
891 505 1100 558 priuatam
1122 506 1291 546 admitti
1313 506 1611 559 prohibentur?
1642 507 1715 548 aut

203 573 405 625 quomodo
436 585 530 614 cum
562 573 620 614 eis
652 573 738 615 sine
771 573 964 614 ecclesiae
997 573 1203 627 baptismo
1236 573 1538 616 communicare
1569 586 1713 628 possu-
1744 587 1757 609 5

203 654 317 692 mus,
351 642 500 695 quibus
531 643 562 683 si
595 655 670 683 aue
700 643 864 683 tantum
904 641 1128 683 dixerimus
1151 641 1273 683 factis
1295 654 1434 684 eorum
1456 641 1577 685 malis
1600 655 1713 684 com-

203 710 493 752 municamus‘?

666 904 828 942 Litteus
850 916 874 942 a
898 903 1095 943 Gemellis
1118 904 1241 943 dixit:

132 989 187 1029 82
260 981 410 1022 Caecus
433 993 597 1023 caecum
620 981 653 1022 si
676 981 821 1031 ducat,
855 981 974 1022 ambo
1011 981 1054 1022 in
1091 981 1255 1023 foueam
1292 981 1450 1023 cadent.
1485 994 1578 1022 cum
1617 993 1712 1036 ergo

200 1050 426 1092 haereticos
448 1052 606 1091 constet
627 1063 706 1092 non
728 1061 845 1105 posse
875 1050 1122 1091 inluminare
1151 1062 1353 1103 quemque
1384 1051 1528 1104 utpote
1558 1062 1710 1102 caecos,
1727 1064 1758 1088 lo

200 1118 407 1171 baptisma
428 1131 567 1160 eorum
592 1132 671 1161 non
694 1120 818 1161 ualet.

705 1313 869 1352 Natalis
892 1314 943 1352 ab
967 1313 1050 1352 oea
1072 1314 1197 1352 dixit:

50 1396 184 1437 83-85
259 1393 361 1434 Tam
384 1405 458 1448 ego
480 1406 693 1446 praesens,
726 1406 850 1446 quam
878 1396 1094 1446 Pompeius
1118 1396 1404 1442 Sabratensis,
1438 1406 1562 1446 quam
1585 1393 1713 1435 etiam

200 1464 333 1514 Dioga
353 1464 738 1515 Leptimagnensis‚
772 1461 842 1515 qui
879 1461 982 1503 mihi
1018 1462 1319 1503 mandauerunt
1349 1473 1511 1514 corpore
1544 1461 1711 1514 quidem

200 1531 411 1581 absentes,
445 1530 595 1584 spiritu
617 1532 872 1583 praesenteS,
907 1543 1118 1572 censemus
1151 1531 1258 1584 quod
1291 1532 1332 1572 et
1364 1530 1545 1585 collegae
1566 1530 1710 1581 nostri,
1726 1543 1756 1567 15
1820 1547 1827 1582 ρ

201 1600 312 1653 quod
349 1600 545 1641 haeretici
578 1600 995 1642 communicationem
1016 1600 1167 1641 habere
1188 1599 1403 1641 nobiscum
1426 1612 1504 1641 non
1526 1601 1709 1653 possunt,

199 1669 277 1710 nisi
303 1668 579 1711 ecclesiastico
602 1669 808 1721 baptismo
832 1669 1032 1722 baptizati
1055 1669 1221 1711 fuerint.

1820 1410 1828 1439 :-
1826 1372 1828 1377 ,

1825 1535 1826 1539 Α
1820 1481 1827 1524 „...

687 1862 831 1901 Iunius
854 1873 879 1901 a
898 1862 1077 1912 Neapoli
1099 1862 1222 1901 dixit:

131 1957 184 1996 35
258 1942 323 1983 Ab
346 1954 390 1984 eo
413 1942 520 1995 quod
542 1942 668 1983 semel
692 1942 924 1983 censuimus
946 1953 1023 1983 non
1045 1941 1205 1992 recede,
1229 1943 1275 1983 ut
1297 1942 1520 1984 haereticos
1542 1942 1709 1984 uenien-

199 2014 262 2052 tes
284 2011 334 2052 ad
357 2010 574 2052 ecclesiam
596 2010 866 2063 baptizemus
1722 2023 1753 2048 20

269 2200 285 2232 1
316 2200 406 2233 haue
425 2198 504 2240 SL,
530 2198 620 2232 habc
643 2199 673 2231 T
680 2202 684 2219 ¹
703 2212 709 2239 ;
736 2199 821 2232 item
839 2199 925 2233 loeis
941 2199 1120 2242 proximis
1215 2198 1347 2232 dixeris
1367 2198 1397 2233 S
1487 2199 1508 2232 2
1535 2198 1596 2242 qui
1615 2199 1707 2233 enim

198 2256 328 2290 dixerit
346 2268 410 2291 om.
432 2256 461 2290 S
544 2256 762 2290 communica
781 2255 810 2290 S
912 2256 934 2289 3
959 2258 995 2290 ct
1012 2255 1184 2300 quomodo
1208 2257 1240 2290 T
1254 2256 1304 2299 (ct
1319 2266 1346 2289 s.
1366 2256 1403 2299 l.)
1514 2256 1588 2290 ales
1611 2257 1643 2291 Τ

199 2317 330 2349 temere
356 2325 448 2348 corr.
483 2315 524 2347 in
549 2313 732 2347 temerarii
756 2314 797 2353 T,
835 2313 961 2347 debere
980 2313 1009 2347 S
1151 2312 1253 2346 domo
1277 2313 1309 2347 Τ
1445 2313 1467 2347 4
1493 2314 1649 2347 uestram
1670 2313 1705 2353 S,

199 2371 497 2406 nostramLTAv
570 2372 591 2405 ἴ)
608 2371 847 2405 communicat
870 2372 911 2404 T'
990 2371 1011 2404 6
1030 2371 1148 2416 factis]
1169 2371 1284 2405 tantis
1303 2370 1332 2404 S
1401 2372 1423 2405 8
1443 2370 1592 2405 littaeus
1611 2372 1643 2405 Τ

195 2430 218 2462 5)
246 2429 275 2463 si
294 2439 433 2463 coecum
451 2440 471 2463 v
610 2428 762 2462 deducat
779 2429 852 2462 LT
983 2427 1113 2462 cadunt
1130 2429 1188 2463 Av
1307 2428 1350 2462 10
1376 2430 1416 2462 ut
1433 2429 1526 2472 pote}
1545 2431 1586 2462 ut
1606 2430 1707 2473 putet

201 2486 228 2520 S
327 2486 370 2520 12
395 2486 478 2529 Oea]
498 2489 537 2520 oe
560 2487 591 2518 T
703 2485 795 2519 dicit
818 2486 861 2519 Τ·
880 2512 886 2525 ‚
912 2486 997 2520 item
1015 2485 1036 2519 l.
1056 2489 1101 2520 18
1209 2486 1252 2520 13
1278 2487 1390 2519 tamn
1412 2486 1443 2518 Τ
1457 2487 1511 2529 (en
1531 2487 1638 2530 eras.)

199 2545 385 2588 pompetus
404 2545 434 2577 S
537 2542 780 2577 sam-athensis
804 2542 849 2577 Τ.
875 2542 1100 2576 abrathensis
1120 2543 1169 2583 L,
1196 2542 1399 2587 gabratesis
1418 2543 1446 2577 S
1568 2544 1611 2578 14
1636 2543 1705 2587 lep-

199 2601 439 2646 cimagnensis
461 2601 531 2635 LT
622 2600 665 2634 15
689 2601 889 2644 praesentis
908 2600 938 2634 S
1031 2599 1121 2643 quod
1140 2600 1188 2643 et]
1209 2611 1287 2634 cuni
1306 2610 1350 2634 esc
1369 2599 1502 2644 quodas
1525 2601 1556 2633 T
1637 2600 1704 2634 col-

200 2658 291 2702 legis
309 2658 441 2692 nostris
460 2669 504 2693 eze
521 2658 655 2702 college
673 2659 786 2692 nostri
810 2659 842 2692 Τ
953 2659 995 2693 16
1021 2658 1204 2693 nobiscum
1227 2670 1291 2693 om.
1314 2659 1343 2693 S
1412 2659 1550 2704 possint
1569 2659 1640 2693 LT

201 2717 244 2749 is
270 2715 403 2759 niopali
423 2715 466 2756 S,
495 2715 648 2759 neapolli
672 2716 716 2749 ΤΙ
801 2716 839 2749 19
865 2715 909 2749 ab
928 2717 979 2759 co}
1001 2715 1112 2750 habeo
1132 2715 1161 2750 S
