1912 3152
537 245 658 290 Quod
682 244 803 280 idola
826 243 892 279 dii
915 253 999 279 non
1023 243 1118 278 sint
1141 252 1169 277 c.
1188 241 1295 279 2—4.
1607 241 1659 282 21

153 348 404 392 sacrificandi
432 349 538 391 ritus
564 348 748 391 inoleuit.
781 347 816 389 si
844 347 980 389 autem
1005 345 1223 399 aliquando
1244 344 1303 387 dii
1323 344 1410 387 nati
1431 344 1548 393 sunt,
1580 355 1650 385 cur

152 430 231 460 non
270 417 467 471 hodieque
506 417 758 459 nascuntur?
787 415 868 458 nisi
895 414 998 457 forte
1026 415 1210 468 Iuppiter
1249 412 1384 456 senuit
1415 414 1487 455 aut
1508 413 1649 467 partus

153 488 195 528 in
216 486 368 528 Iunone
389 485 569 528 defecit?

211 553 290 596 Cur
311 565 404 595 uero
427 554 521 596 deos
541 554 662 607 putas
682 565 754 607 pro
774 552 969 595 Romanis
989 564 1125 606 posse,
1158 563 1257 606 quos
1286 551 1427 594 uideas
1454 550 1559 593 nihil
1578 563 1651 605 pro
1667 552 1691 592 4

126 637 140 660 5
154 623 238 664 suis
260 622 454 664 aduersus
475 633 615 664 eorum
637 634 751 664 arma
767 621 976 663 ualuisse?
997 621 1275 663 Romanorum
1290 620 1399 662 enim
1415 619 1653 662 uernaculos

153 691 247 732 deos
277 690 478 732 nouimus.
526 691 588 732 est
618 690 817 732 Romulus
846 690 1074 743 perierante
1104 689 1277 731 Proculo
1307 689 1407 731 deus
1437 688 1582 739 factus,
1614 689 1655 730 et

154 759 276 801 Picus
307 759 348 801 et
379 758 597 801 Tiberinus
627 760 668 801 et
698 758 917 801 Pilumnus
947 759 988 800 et
1008 757 1181 810 Consus,
1214 770 1335 812 quem
1356 757 1477 799 deum
1498 756 1654 799 fraudis

156 828 268 870 uelut
288 827 550 870 consiliorum
571 828 694 870 deum
711 827 789 869 coli
804 827 1005 870 Romulus
1021 827 1168 878 uoluit,
1190 827 1407 881 postquam
1427 826 1470 868 in
1490 827 1654 879 raptum

155 895 395 938 Sabinarum
435 896 604 950 perfidia
641 896 839 950 prouenit.
889 895 1006 938 deam
1037 907 1195 950 quoque
1237 895 1473 938 Cloacinam
1511 895 1654 936 Tatius

111 979 141 1003 ιο
154 964 312 1007 inuenit
343 967 384 1007 et
414 965 563 1016 coluit,
610 965 813 1007 Pauorem
843 965 1050 1007 Hostilius
1082 965 1214 1018 adque
1244 964 1461 1006 Pallorem.
1510 976 1603 1006 mox
1632 976 1656 1005 a

155 1034 285 1076 nescio
308 1046 385 1087 quo
407 1033 549 1075 Febris
566 1033 754 1076 dedicata
770 1034 810 1076 et
827 1033 938 1076 Acca
959 1034 1000 1076 et
1020 1033 1142 1075 Flora
1158 1032 1404 1075 meretrices.
1435 1032 1479 1074 hi
1501 1031 1559 1074 dii
1574 1032 1656 1074 Ro-

155 1102 276 1143 mani.
299 1103 490 1144 'ceterum
519 1101 630 1144 Mars
660 1102 857 1145 Thracius
887 1103 929 1145 et
957 1102 1144 1156 Iuppiter
1174 1101 1358 1144 Creticus
1388 1102 1428 1144 et
1458 1101 1557 1143 Iuno
1588 1102 1656 1144 uel

156 1171 313 1225 Argiua
344 1170 410 1212 uel
440 1169 578 1213 Samia
607 1170 674 1213 uel
704 1171 842 1214 Poena
872 1171 913 1214 et
942 1171 1076 1213 Diana
1098 1170 1271 1213 Taurica
1302 1171 1342 1213 et
1372 1170 1495 1213 deum
1524 1171 1656 1212 mater

155 1239 277 1281 Idaea
307 1241 347 1282 et
377 1239 584 1295 Aegyptia
614 1240 824 1294 portenta,
856 1251 937 1282 non
965 1240 1156 1282 numina:
1203 1252 1307 1294 quae
1327 1239 1470 1293 utique
1501 1239 1536 1281 si
1557 1239 1655 1293 quid

226 1354 244 1389 1
276 1353 508 1399 sacrificandi]
539 1353 704 1389 seruandi
735 1354 768 1389 V
858 1354 1008 1388 inolcuit
1037 1353 1178 1396 PBH,
1211 1354 1325 1389 oleuit
1349 1354 1401 1389 L¹
1415 1381 1423 1396 ‚
1468 1353 1658 1388 inoleuerit

162 1411 253 1445 CMr
316 1412 434 1446 autem
447 1422 511 1447 om.
528 1414 558 1448 G
617 1413 679 1446 aut
695 1411 746 1446 dii
764 1412 793 1447 Ο
852 1412 876 1448 2
894 1413 1085 1446 nascantur
1098 1411 1129 1447 0
1134 1414 1142 1433 ¹
1195 1411 1265 1446 nisi
1278 1411 1539 1452 LPB=F21‚
1558 1414 1609 1452 11,
1628 1411 1660 1445 si

162 1468 203 1503 C.
223 1469 293 1503 nisi
312 1469 343 1503 si
360 1469 424 1504 Mv
488 1470 563 1514 aut]
581 1471 618 1504 et
635 1470 670 1504 Β
684 1484 728 1499 =
742 1470 782 1505 F
841 1469 864 1506 3
889 1469 1010 1504 deficit
1032 1469 1095 1505 GL
1157 1469 1183 1505 4
1206 1469 1324 1514 putas]
1343 1470 1449 1514 putat
1465 1479 1539 1503 esse
1557 1469 1593 1503 Β

158 1536 254 1570 posse
271 1527 369 1571 quos]
389 1529 447 1570 qm
465 1531 523 1572 sps
541 1537 577 1561 se
599 1527 629 1562 G
689 1537 775 1571 quos
792 1527 933 1572 saepius
951 1526 1073 1561 uideas
1089 1526 1303 1562 Gronouius
1364 1526 1470 1571 nihil]
1484 1526 1555 1561 nisi
1572 1537 1592 1560 r

155 1594 216 1627 pro
243 1583 315 1617 suis
333 1583 460 1619 CM²B
472 1599 515 1614 =
529 1584 630 1625 F25‚
649 1586 680 1626 7,
699 1594 841 1628 prorsus
850 1584 932 1626 LP,
949 1595 1012 1629 pro
1029 1594 1108 1618 suos
1117 1583 1166 1618 M
1171 1587 1178 1605 ¹
1262 1584 1286 1622 5
1311 1583 1467 1618 ualuisse
1484 1594 1529 1619 ex
1544 1583 1661 1618 uallus

156 1640 189 1674 L
204 1651 245 1674 m.
256 1642 291 1682 2,
307 1640 461 1675 uoluisse
473 1641 503 1676 G
577 1641 683 1686 enim]
705 1642 824 1676 autem
838 1641 869 1677 O
946 1641 1182 1676 Romanorum
1197 1641 1306 1676 enim.
1318 1667 1325 1676 .
1337 1668 1344 1676 .
1355 1668 1362 1676 .
1374 1641 1394 1676 l.
1406 1644 1447 1675 11
1459 1640 1661 1676 meretrices

159 1698 260 1732 aneis
276 1698 426 1733 inclusit
440 1698 627 1744 Riqaltius
728 1698 751 1735 6
774 1702 855 1743 post
863 1699 1032 1733 Romulus
1046 1709 1181 1734 comma
1192 1699 1301 1743 ponit
1308 1698 1431 1734 Vonck
1444 1699 1464 1733 l.
1481 1710 1508 1734 c.
1602 1709 1662 1744 pe-

156 1756 309 1790 rierante
333 1755 376 1797 0,
409 1756 604 1800 peiierante
620 1757 670 1791 M
680 1756 742 1792 secl
759 1756 787 1791 ii
805 1767 849 1791 επ
866 1767 957 1792 corr.
969 1783 977 1799 ,
1016 1757 1197 1802 peierante
1214 1757 1302 1798 LP,
1336 1756 1532 1802 imperante
1551 1754 1586 1789 Β

158 1812 178 1847 7
205 1812 376 1847 liberinus
393 1814 439 1855 Β,
456 1813 599 1848 tibenus
617 1815 668 1856 P,
694 1814 861 1849 uberinus
876 1814 907 1850 Ο
987 1825 1130 1849 conssus
1147 1814 1206 1855 M,
1233 1814 1354 1849 consul
1371 1814 1442 1850 BG
1510 1813 1534 1850 8
1558 1813 1661 1848 deum

157 1880 220 1904 om.
241 1869 277 1904 Β
345 1870 368 1907 9
394 1870 543 1915 perfidia
559 1881 623 1906 om.
643 1871 679 1906 Β
748 1871 912 1916 peruenit
936 1871 970 1907 V
1029 1871 1223 1907 clocianam
1240 1872 1277 1907 P
1357 1871 1397 1907 Τ.
1415 1871 1541 1906 Tatius
1564 1871 1599 1906 V

158 1926 342 1961 adinuenit
362 1928 405 1970 G,
432 1929 468 1963 et
496 1928 636 1963 inuenit
662 1929 703 1964 F
725 1930 787 1972 25,
805 1932 830 1965 8
929 1929 980 1966 10
1003 1931 1040 1964 et
1067 1940 1131 1965 om.
1150 1931 1186 1963 B
1276 1939 1407 1975 pauore
1431 1929 1460 1966 Ο
1550 1928 1662 1964 hosti-

157 1984 244 2018 lium
261 1984 296 2019 L
398 1985 534 2030 pallore
556 1985 586 2021 0
690 1986 868 2021 Hostilius
896 1988 1003 2032 atque
1030 1987 1208 2022 Pallorem
1236 1997 1301 2022 om.
1329 1988 1362 2020 B
1443 1997 1465 2022 a
1481 1997 1546 2022 om.
1568 1987 1599 2022 Ο

158 2054 177 2076 ιι
205 2041 320 2076 nescio
348 2051 442 2078 corr.
470 2043 513 2078 in
539 2043 655 2079 nescio
685 2054 706 2079 a
733 2044 783 2078 M
805 2055 849 2079 m.
867 2045 894 2079 2
980 2044 1027 2081 11
1053 2044 1163 2080 febris
1191 2054 1236 2079 ex
1263 2044 1349 2079 feris
1371 2043 1419 2079 M
1440 2055 1483 2079 m.
1502 2046 1528 2079 2
1605 2044 1663 2079 de-

157 2100 285 2134 ‹lucata
309 2100 337 2136 C
403 2100 452 2145 et]
470 2101 525 2135 est
545 2101 575 2135 Ο
657 2101 754 2136 accia
777 2101 821 2137 0²
903 2105 983 2146 post
1000 2102 1201 2137 meretrices
1218 2102 1390 2137 inserunt
1418 2101 1487 2143 Vv,
1505 2102 1547 2137 in
1565 2112 1662 2137 mar-

157 2159 241 2203 yine
262 2157 313 2192 M
325 2157 410 2193 add.
429 2169 473 2193 m.
491 2168 560 2193 ree.
574 2171 585 2193 :
618 2158 662 2193 In
693 2159 834 2194 tantum
865 2159 1059 2204 (interdum
1091 2159 1285 2204 Baluzius)
1317 2169 1399 2194 uero
1430 2158 1574 2194 deorum
1602 2169 1661 2194 uo·

158 2214 284 2249 cabula
301 2215 394 2260 apud
410 2215 587 2250 Romanos
603 2216 798 2261 finguntur,
816 2217 858 2251 ut
874 2217 924 2251 sit
940 2216 1033 2261 apud
1050 2216 1132 2252 illos
1149 2218 1186 2251 et
1202 2216 1338 2251 Viduus
1354 2216 1450 2258 deus,
1468 2216 1530 2261 qui
1543 2216 1662 2251 anima

159 2283 282 2318 corpus
311 2272 450 2315 uiduet,
477 2273 538 2318 qui
567 2273 711 2318 (quique
742 2274 864 2310 Vonck
895 2274 1007 2318 com’.)
1035 2274 1139 2319 quasi
1167 2274 1289 2309 feralis
1316 2275 1353 2309 et
1380 2273 1540 2309 funebris
1566 2274 1662 2308 intra.

160 2341 276 2365 muros
293 2341 361 2365 non
377 2330 545 2373 habetur,
571 2330 632 2366 sed
660 2330 748 2366 foris
777 2331 979 2367 conlocatur
1006 2333 1043 2366 et
1069 2331 1302 2366 nihilominus
1333 2331 1379 2376 (is
1396 2331 1456 2366 uel
1471 2331 1556 2366 deus
1574 2331 1659 2366 add.

165 2387 315 2429 Vende),
341 2387 427 2433 quia
454 2388 532 2433 (em.
552 2388 755 2431 Panaetius,
781 2399 888 2434 quam
912 2389 972 2432 M)
1001 2389 1151 2424 extorris
1175 2389 1303 2431 factus,
1326 2389 1515 2424 damnatur
1543 2388 1661 2434 potius

160 2444 317 2480 Romana
345 2445 516 2490 religione
533 2456 639 2490 quam
656 2446 784 2481 colitur
812 2446 964 2490 (colatur
981 2447 1050 2492 M).
1078 2447 1145 2481 Est
1161 2447 1198 2481 et
1214 2446 1266 2491 (et
1282 2457 1346 2482 om.
1365 2446 1426 2491 Μ’)
1451 2446 1601 2481 Seansus
1619 2446 1663 2480 ab

162 2502 363 2538 ascensibus
379 2502 496 2538 dictus
512 2503 644 2548 (dietus
661 2514 725 2539 om.
752 2503 980 2549 Gronouius)
1005 2505 1041 2539 et
1057 2504 1228 2539 Forculus
1246 2514 1268 2539 a
1283 2504 1419 2539 foribus
1436 2505 1474 2538 et
1490 2514 1511 2538 a
1528 2503 1662 2538 limini-

161 2559 226 2594 bus
242 2559 467 2596 Limentinus
483 2562 521 2596 et
537 2560 672 2597 Cardea
688 2570 710 2595 a
725 2560 929 2596 cardinibus
946 2562 983 2596 et
999 2561 1043 2596 ab
1060 2560 1278 2596 orbitatibus
1294 2561 1435 2597 Orbona
1451 2560 1665 2605 (suborbana

161 2617 244 2660 M)‚·
270 2617 316 2661 cf.
344 2617 493 2653 Tertull.
512 2617 561 2652 (ul
577 2618 746 2653 nationes
759 2619 809 2653 11
821 2629 849 2653 c.
868 2620 933 2662 15;
969 2619 1034 2654 hoc
1058 2618 1352 2654 additamentum
1379 2618 1486 2654 uncis
1513 2617 1664 2654 inclusit

163 2674 367 2719 Riyaltius,
391 2675 541 2710 sustulit
557 2674 739 2711 Baluzius
808 2675 862 2710 hii
887 2675 1034 2712 CLMB
1102 2675 1258 2711 romanis
1276 2675 1363 2718 LP,
1382 2685 1526 2710 romana
1548 2674 1592 2711 0¹

165 2732 212 2769 12
230 2731 407 2767 thraimus
415 2733 474 2775 Μ,
490 2732 649 2767 trachius
667 2733 698 2769 G
757 2732 979 2777 iupiterLM
1043 2733 1091 2770 13
1108 2732 1166 2767 uel
1178 2733 1279 2778 (ante
1291 2732 1426 2778 Samia)
1439 2731 1550 2767 om.B
1608 2742 1663 2767 sa-

164 2789 246 2834 mia]
257 2800 396 2824 samara
409 2789 440 2825 G
491 2791 539 2836 et]
554 2790 656 2825 uelB
669 2790 770 2835 (ante
783 2789 904 2835 diana)
950 2790 1009 2825 dm
1022 2790 1175 2831 CLMB‚
1192 2790 1336 2828 ,deorum
1346 2790 1383 2825 P
1427 2790 1536 2824 matri
1550 2790 1581 2826 G
1587 2792 1592 2811 ¹

166 2847 214 2884 14
239 2846 318 2882 idea
335 2847 381 2890 B,
400 2857 463 2882 om.
489 2848 519 2884 Ο
617 2848 666 2893 et]
683 2847 725 2882 de
740 2847 770 2884 C
867 2848 1013 2893 egyptia
1034 2841 1061 2880 ’ἔ
1075 2847 1106 2884 Ο
1116 2847 1180 2882 sed
1192 2842 1212 2883 ’ὲ
1229 2847 1314 2882 add.
1333 2858 1376 2883 m.
1395 2848 1422 2882 2
1520 2848 1662 2883 nomina

170 2903 283 2948 CM¹,·
309 2905 486 2949 cf.1⁴'25‚
504 2907 549 2940 9.-
575 2905 671 2940 Mars
688 2904 860 2940 Thracius
894 2905 952 2940 uel
980 2905 1150 2951 Juppiter
1168 2906 1328 2943 Creticus
1359 2905 1417 2941 uel
1447 2905 1542 2942 Juno
1570 2916 1662 2940 nunc
