1838 3152
170 198 257 241 500
706 192 897 228 Caecilii
924 192 1141 238 Cypriani

171 299 392 351 Christi,
435 311 678 353 pressura
717 311 775 340 an
806 298 1055 353 angustia
1093 310 1151 340 an
1181 299 1479 351 persecutio
1519 312 1576 341 an
1607 300 1679 342 fa-

170 381 272 410 mes
305 382 362 410 an
393 368 602 410 nuditas
632 381 693 409 an
721 367 1011 421 periculum
1041 379 1099 408 an
1129 367 1371 421 gladius?
1403 368 1509 409 nihil
1530 368 1678 410 horum

170 439 306 492 potest
342 450 525 491 separare
562 437 782 487 credentes,
819 436 924 477 nihil
955 436 1092 488 potest
1122 436 1299 477 auellere
1334 436 1492 490 corpori
1529 437 1616 477 eius
1639 438 1680 477 et

171 506 362 560 sanguini
384 506 654 548 cohaerentes.
684 504 911 558 persecutio
933 504 1014 546 ista
1037 505 1283 546 examinatio
1306 506 1367 546 est
1388 506 1519 558 adque
1541 506 1679 558 explo-

171 576 274 617 ratio
294 575 452 629 peccati
474 574 615 616 nostri.
648 573 782 615 excuti
802 586 873 614 nos
895 573 1005 613 Deus
1027 573 1161 614 uoluit
1182 573 1223 614 et
1243 573 1420 626 probari,
1452 574 1560 615 sicut
1583 586 1677 615 suos
1692 590 1706 614 5

172 657 331 697 semper
351 644 555 698 probauit,
577 655 649 684 nec
670 643 807 684 tamen
824 642 865 683 in
882 642 1191 694 probationibus
1213 642 1299 683 eius
1322 642 1543 695 aliquando
1561 643 1678 684 auxi-

173 714 277 755 lium
301 713 561 755 credentibus
584 712 727 753 defuit.

133 782 158 822 6
230 783 416 836 Denique
448 782 499 823 ad
531 781 754 822 minimum
783 779 989 821 famulum
1013 792 1135 821 suum
1157 781 1198 821 et
1217 781 1261 822 in
1282 780 1445 822 delictis
1466 780 1564 821 licet
1585 780 1680 832 plu-

171 852 289 893 rimis
326 851 597 893 constitutum
629 850 670 891 et
692 849 928 904 dignatione
964 850 1049 891 eius
1083 849 1301 904 indignum
1332 851 1470 890 tamen
1503 850 1575 891 ille
1608 862 1680 902 pro

173 934 246 963 sua
281 924 387 963 circa
422 931 492 961 nos
524 919 706 961 bonitate
744 919 938 961 mandare
976 919 1168 973 dignatus
1202 919 1274 961 est.
1318 918 1382 960 dic
1414 918 1491 968 1111,
1530 917 1678 971 inquit,
1695 937 1729 960 10

174 1002 339 1032 securus
370 989 437 1040 sit,
477 988 572 1042 quia
603 1001 681 1042 pax
711 989 883 1029 uentura
902 989 976 1039 est,
1016 988 1086 1029 sed
1108 989 1216 1041 quod
1236 988 1403 1029 interim
1424 987 1585 1028 morula
1607 987 1681 1036 est,

174 1059 393 1111 supersunt
423 1057 556 1099 adhuc
588 1057 717 1109 aliqui
750 1057 819 1109 qui
850 1057 1085 1110 probentur.
1123 1056 1193 1097 sed
1215 1057 1256 1097 et
1277 1056 1326 1097 de
1355 1056 1469 1096 uictu
1499 1066 1619 1108 parco
1642 1055 1683 1096 et

174 1127 307 1170 sobrio
336 1126 436 1180 potu
467 1125 622 1167 diuinis
651 1125 958 1180 dignationibus
981 1125 1260 1175 admonemur,
1291 1124 1519 1165 scilicetne
1540 1123 1683 1177 uigore

175 1196 344 1238 caelesti
375 1195 552 1237 sublime
582 1195 666 1236 iam
694 1195 836 1248 pectus
858 1195 1061 1236 inlecebra
1083 1194 1303 1235 saecularis
1326 1194 1505 1244 eueniet,
1541 1193 1608 1234 uel
1633 1204 1683 1234 ne

174 1265 422 1319 largioribus
455 1265 587 1318 epulis
620 1276 735 1305 mens
767 1264 939 1318 grauata
971 1263 1108 1305 minus
1130 1263 1181 1305 ad
1202 1276 1340 1316 preces
1373 1263 1569 1313 orationis
1596 1262 1682 1303 eui·
1698 1276 1728 1300 15

176 1334 293 1388 gilet.

138 1399 160 1440 7
232 1401 506 1444 Dissimulare
543 1401 641 1442 haec
676 1401 841 1455 singula
869 1401 909 1442 et
931 1401 1037 1454 apud
1074 1400 1364 1442 conscientiam
1399 1412 1535 1441 meam
1572 1399 1683 1440 solus

178 1471 381 1513 occultare
410 1483 489 1512 non
519 1470 655 1521 debui⁷
692 1470 840 1523 quibus
877 1469 1158 1522 unusquisque
1188 1470 1376 1510 nostrum
1398 1469 1438 1509 et
1459 1468 1610 1509 instrui
1643 1468 1684 1508 et

177 1540 265 1594 regi
299 1539 440 1592 possit.
472 1551 544 1580 nec
576 1538 656 1591 ipsi
690 1538 861 1591 denique
895 1538 1004 1591 apud
1034 1550 1106 1579 uos
1136 1537 1241 1578 hanc
1263 1537 1483 1590 epistulam
1505 1535 1684 1577 teneatis

179 1608 395 1658 occultam,
433 1608 503 1649 sed
535 1607 752 1662 legendam
784 1607 981 1648 fratribus
1014 1606 1260 1661 suggeratis.
1297 1606 1539 1658 intercipere
1572 1606 1682 1647 enim
1697 1618 1731 1642 20

178 1676 326 1729 quibus
356 1688 427 1718 nos
450 1676 650 1718 Dominus
680 1676 896 1717 admonere
918 1677 958 1717 et
979 1676 1180 1717 instruere
1203 1675 1398 1729 dignatur
1419 1675 1505 1715 eius
1527 1675 1589 1716 est
1610 1675 1681 1727 qui

178 1745 387 1787 admoneri
417 1746 457 1786 et
479 1745 630 1786 instrui
664 1744 836 1786 fratrem
868 1758 988 1786 suum
1022 1745 1138 1786 nolit.
1172 1744 1335 1798 probari
1368 1755 1439 1785 nos
1463 1756 1485 1784 a
1507 1743 1682 1784 Domino

177 1815 314 1855 nostro
345 1814 488 1864 sciant,
518 1826 590 1855 1100
612 1827 634 1855 a
655 1813 735 1855 fide
757 1827 836 1866 qua
856 1814 899 1855 in
921 1827 1014 1855 eum
1037 1814 1163 1855 semel
1186 1813 1434 1855 credidimus
1456 1813 1683 1866 praesentis

176 1895 389 1937 pressurae
426 1882 726 1924 conflictatione
762 1882 954 1924 deficiant
1008 1883 1158 1924 delicta
1190 1895 1262 1923 sua
1298 1881 1453 1936 singuli
1489 1893 1684 1935 recogno-

176 1953 335 1994 scentes
353 1952 420 1993 uel
436 1952 557 1993 modo
580 1952 928 1993 conuersationem
950 1952 1104 1993 ueteris
1125 1952 1304 1992 hominis
1327 1952 1541 2005 exponant.
1564 1963 1682 1992 nemo
1697 1963 1730 1988 25

177 2021 285 2062 enim
307 2021 414 2062 retro
432 2021 655 2062 adtendens
674 2021 714 2062 et
732 2034 1006 2075 superponens
1028 2034 1197 2062 manum
1219 2033 1335 2062 suam
1359 2033 1478 2073 super
1500 2021 1684 2062 aratrum

312 2157 357 2190 25
382 2156 426 2191 cf.
451 2156 533 2191 Luc.
562 2157 593 2198 97
621 2157 675 2191 62.

244 2302 265 2335 2
291 2311 335 2335 an
353 2300 497 2334 nuditas
516 2311 580 2335 om.
600 2301 644 2336 N
754 2302 775 2336 3
801 2279 953 2335 auellere
979 2278 1131 2345 corporis
1155 2300 1184 2335 C
1290 2301 1313 2335 4
1338 2278 1491 2345 sanguinse
1508 2299 1536 2334 C
1628 2308 1684 2331 cx-

174 2358 328 2403 ploratio
354 2359 407 2392 est
430 2358 473 2392 C¹
578 2358 599 2392 5
624 2369 686 2402 pro
704 2359 858 2403 peccatis
883 2349 1015 2393 nostris
1041 2348 1144 2403 Qsss',
1171 2358 1323 2402 corporis
1351 2349 1408 2392 11ιῖ
1425 2347 1475 2392 M'
1494 2368 1518 2391 s.
1540 2357 1561 2390 l.
1579 2367 1623 2390 m.
1649 2358 1684 2396 2,

174 2416 325 2460 pectoris
348 2416 388 2457 V,
414 2415 568 2460 pectoris
594 2416 708 2450 nostri
735 2427 754 2450 v
860 2417 952 2461 suos]
981 2418 1016 2450 et
1040 2426 1101 2449 uos
1132 2416 1197 2451 CR
1301 2415 1323 2449 8
1347 2415 1541 2460 plurimum
1565 2414 1594 2448 G

174 2474 219 2507 10
242 2473 298 2508 dic
325 2484 368 2507 esc
393 2473 482 2507 dicit
500 2474 534 2508 L
559 2485 603 2508 m.
621 2476 654 2515 2,
682 2473 738 2508 dic
750 2490 782 2508 **
806 2474 835 2518 Q
860 2473 930 2518 (dic
949 2474 1008 2518 M)
1103 2473 1146 2507 12
1173 2472 1287 2507 adhuc
1312 2483 1376 2507 om.
1402 2472 1466 2507 GR
1560 2471 1604 2505 14
1629 2470 1683 2504 in-

173 2531 450 2566 lccebraseculas
475 2542 568 2566 corr.
594 2532 636 2566 in
660 2531 877 2565 inlecebroso
903 2531 1025 2576 poculo
1052 2542 1087 2565 se
1110 2531 1139 2566 C
1161 2542 1203 2565 m.
1226 2533 1249 2565 2
1355 2530 1398 2564 15
1422 2529 1539 2563 nimus
1557 2528 1592 2563 R

173 2589 392 2624 orationibus
411 2589 447 2624 R
527 2589 570 2623 18
594 2591 755 2623 nostrum
778 2588 1037 2634 CLNPQRV,
1065 2590 1226 2623 uestrum
1253 2600 1271 2623 v
1351 2589 1394 2622 19
1419 2587 1504 2621 haec
1530 2585 1683 2630 epistola

172 2647 326 2680 teneatis
351 2647 488 2681 occulta
512 2647 547 2682 R
655 2647 700 2681 20
724 2647 886 2691 patribus
910 2647 939 2682 Ο
1045 2647 1089 2681 21
1114 2646 1197 2680 (10113
1221 2647 1250 2682 O
1357 2646 1432 2680 cius
1459 2655 1536 2688 exp.
1563 2644 1592 2679 O

174 2704 218 2738 22
243 2704 351 2738 nollit
368 2704 403 2738 P
489 2704 638 2748 probare
654 2704 690 2739 R
782 2705 827 2739 23
852 2705 926 2749 1100]
954 2715 1016 2739 1100
1041 2715 1209 2749 umquam
1232 2704 1284 2739 Vv
1377 2704 1422 2738 24
1446 2701 1681 2737 conflictatio-

174 2772 254 2795 nem
278 2763 307 2797 C
392 2761 558 2796 deficiant
579 2790 584 2796 .
602 2790 608 2796 .
623 2790 630 2796 .
652 2762 956 2797 conuersationem
972 2773 1036 2797 om.
1063 2763 1092 2797 Ο
1177 2764 1424 2806 cognoscentes
1448 2759 1477 2805 Q
1502 2760 1682 2804 (recogno-

172 2820 310 2854 scentes
328 2820 388 2863 M)
507 2820 551 2855 26
576 2819 724 2854 tendens
749 2821 778 2855 (J
870 2831 972 2864 super
998 2820 1169 2864 aratrum]
1197 2821 1314 2854 aratro
1337 2820 1366 2853 C
