1838 3152
202 222 287 264 516
730 220 922 257 Caecilii
947 220 1164 265 Cypriani

158 327 185 368 4
258 324 319 365 De
349 323 424 365 hoc
445 323 559 366 etad
590 323 744 366 clerum
775 324 816 366 et
845 324 895 365 ad
925 324 1087 378 plebem
1117 324 1279 366 litteras
1309 324 1399 376 feci,
1433 337 1533 378 quas
1564 326 1699 366 utras-

199 405 276 446 que
313 392 431 434 uobis
468 392 552 446 legi
590 392 794 434 mandaui.
829 393 899 434 sed
930 393 972 434 et
1002 392 1108 433 illud
1140 392 1192 433 ad
1223 391 1486 447 diligentiam
1517 394 1700 435 uestram

198 461 382 516 redigere
405 461 446 502 et
467 460 682 503 emendare
713 460 884 511 debetis,
917 461 965 502 ut
985 460 1231 502 nominatim
1263 460 1487 515 designetis
1519 473 1585 503 eos
1607 461 1699 514 qui-

196 529 273 571 bus
304 541 445 582 pacem
478 529 566 571 dari
597 529 849 570 desideratis.
881 528 1001 570 audio
1034 528 1144 570 enim
1174 529 1422 582 quibusdam
1454 529 1512 571 sic
1532 529 1695 571 libellos

197 597 284 639 fieri
304 599 352 640 ut
375 593 905 640 dicatur‘communicet
935 596 1029 638 ille
1060 609 1169 639 cum
1199 590 1319 639 suis’
1342 597 1448 650 quod
1471 610 1696 651 numquam
1713 614 1728 637 5

196 667 361 709 omnino
392 680 415 709 a
444 667 696 721 martyribus
738 665 895 707 facturn
934 667 1008 717 est,
1050 667 1097 708 ut
1134 666 1287 708 incerta
1329 667 1369 707 et
1400 678 1516 708 caeca
1553 666 1699 720 petitio

196 735 400 777 inuidiam
437 735 553 777 nobis
592 735 855 788 postmodum
895 735 1091 777 cumulet.
1129 734 1213 776 late
1251 734 1360 776 enim
1391 736 1508 789 patet
1538 735 1698 788 quando

195 805 349 847 dicitur
382 801 490 846 ‘ille
528 816 635 845 cum
666 796 786 845 suis’
817 805 858 845 et
893 805 1062 858 possunt
1092 803 1208 845 nobis
1240 804 1281 845 et
1310 803 1446 845 11100111
1479 804 1520 845 et
1549 803 1698 845 triceni

196 875 237 917 et
258 873 435 927 amplius
466 872 599 914 offerri
630 873 700 926 qui
730 872 947 926 propinqui
979 873 1020 913 et
1051 872 1205 914 adfines
1237 874 1278 914 et
1308 872 1450 914 liberti
1481 885 1527 914 ac
1558 872 1697 913 dome-

194 943 288 986 stici
320 955 405 984 esse
436 942 727 984 adseuerentur
756 941 843 983 eius
874 942 944 995 qui
975 941 1132 995 accepit
1162 941 1363 983 libellum.
1407 943 1447 983 et
1477 941 1567 982 ideo
1598 942 1695 994 peto
1713 954 1746 978 ιο

193 1013 241 1053 ut
263 1024 329 1053 eos
351 1023 450 1064 quos
471 1010 550 1064 ipsi
572 1011 739 1062 uidetis,
770 1022 869 1064 quos
890 1010 1033 1062 nostis,
1057 1022 1230 1064 quorum
1251 1010 1552 1063 paenitentiam
1574 1009 1698 1051 satis-

193 1079 359 1122 factioni
398 1080 627 1133 proximam
665 1079 912 1133 conspicitis‚
952 1079 1176 1134 designetis
1205 1078 1451 1120 nominatim
1481 1078 1623 1120 libello
1656 1079 1698 1119 et

192 1149 251 1191 sic
272 1148 325 1190 ad
344 1160 416 1190 nos
437 1148 531 1190 fidei
553 1161 598 1191 00
620 1148 859 1202 disciplinae
889 1149 1154 1202 congruentes
1184 1148 1345 1189 litteras
1366 1147 1569 1202 dirigatis.
1602 1147 1696 1200 opto

191 1230 278 1269 uos,
311 1217 525 1259 fortissimi
557 1231 603 1260 ac
635 1217 895 1260 dilectissimi
927 1216 1088 1269 fratres,
1125 1217 1167 1258 in
1198 1217 1374 1258 Domino
1405 1228 1565 1271 semper
1595 1215 1695 1257 bene

192 1287 328 1329 ualere
360 1287 401 1329 et
431 1286 560 1328 nostri
592 1286 841 1328 meminisse.
875 1286 1024 1328 ualete.
1711 1294 1745 1318 1⁵

260 1482 278 1515 1
298 1480 362 1515 hoc
379 1482 427 1526 et]
446 1481 511 1515 hoc
533 1482 563 1526 Q
657 1482 679 1516 2
695 1482 797 1517 uobis
815 1482 888 1526 legi
905 1481 1006 1516 uobis
1028 1482 1061 1517 T
1128 1482 1176 1526 et]
1195 1483 1236 1515 ut
1258 1480 1323 1526 TQ
1391 1481 1583 1526 diligentia
1596 1479 1648 1515 R¹

191 1539 312 1573 uestra
329 1538 392 1580 13¹,
424 1527 500 1573 uffi
524 1539 554 1574 Ο
668 1539 689 1573 3
714 1540 750 1573 ct
773 1539 803 1575 Ο
824 1550 850 1574 s.
870 1539 892 1573 l.
910 1550 953 1573 m.
973 1541 999 1573 2
1116 1538 1287 1573 desinetis
1310 1537 1351 1583 Q,
1381 1538 1554 1573 desinitos
1576 1539 1608 1571 T

189 1596 212 1630 4
226 1595 436 1640 quibusdam
454 1606 545 1631 corr.
564 1597 606 1631 in
624 1595 793 1641 quosdam
813 1596 843 1632 G
933 1596 1055 1630 libello
1075 1596 1105 1631 O
1195 1596 1216 1629 5
1233 1595 1310 1630 fieri
1328 1606 1419 1631 corr.
1439 1596 1478 1630 in
1495 1595 1603 1630 inseri
1624 1595 1653 1630 G

190 1654 212 1688 6
231 1655 272 1687 ut
296 1653 431 1688 incerta
456 1664 522 1688 om.
546 1653 576 1688 C
704 1653 817 1698 caeca]
844 1654 942 1688 certa
964 1653 1002 1698 Q,
1030 1642 1134 1697 copta
1151 1654 1187 1689 R
1212 1654 1308 1696 (fort.
1336 1656 1549 1697 corruptum
1575 1662 1618 1687 ew
1642 1662 1698 1687 co-

190 1711 325 1755 operta)
428 1711 447 1744 7
466 1711 649 1755 quomulet
673 1711 702 1746 C
707 1712 716 1729 ¹
825 1712 847 1746 8
865 1711 966 1746 nobis
990 1713 1022 1744 T
1035 1721 1062 1745 s.
1082 1711 1103 1745 l.
1214 1713 1250 1746 et
1267 1711 1390 1756 uigeni
1412 1710 1458 1754 (2¹
1477 1712 1527 1754 (et
1544 1711 1696 1745 ui**ceni

190 1768 261 1813 M),
294 1769 335 1802 ut
352 1768 467 1803 11100111
489 1770 527 1810 T,
558 1770 599 1802 ut
616 1768 751 1803 uinceni
768 1769 815 1810 R,
847 1769 961 1803 11100111
979 1779 1023 1803 eac
1040 1769 1123 1803 ueni
1146 1769 1176 1804 G
1189 1780 1232 1803 m.
1251 1770 1278 1802 2
1393 1768 1528 1813 trigeni
1552 1768 1596 1813 (2¹
1617 1768 1694 1811 (tri-

190 1826 266 1860 ceni
284 1826 356 1870 M),
385 1826 518 1860 treceni
542 1826 586 1861 0¹
705 1826 726 1860 9
751 1836 790 1860 ac
809 1836 853 1861 ex
870 1836 910 1860 ae
933 1826 969 1867 O,
1001 1827 1067 1861 hac
1090 1826 1119 1871 Q
1235 1826 1279 1860 10
1304 1826 1596 1861 adseuerarentur
1619 1825 1696 1870 ΤΘ,

190 1885 390 1917 asserentur
403 1883 450 1924 R,
468 1883 679 1918 adseruntur
702 1883 732 1919 O
834 1884 974 1928 aceepit
995 1883 1033 1929 Q,
1054 1884 1186 1929 acoipit
1207 1885 1240 1919 T
1345 1884 1387 1918 11
1406 1884 1476 1929 ipsi
1494 1894 1579 1928 quos
1597 1883 1695 1918 uide—

189 1942 237 1975 tis
254 1940 368 1975 nostis
391 1940 421 1985 Q
528 1941 643 1975 noctis
666 1940 697 1976 0
802 1941 1061 1976 satisfactionis
1084 1942 1172 1983 0¹1¹,
1200 1952 1264 1976 om.
1289 1942 1323 1977 V
1439 1942 1482 1976 12
1499 1942 1694 1986 proximam

189 2008 254 2034 om.
279 1999 314 2034 V
424 1997 566 2033 libellos
590 1998 656 2034 CR
773 1999 816 2033 13
834 2009 874 2034 ac
892 2009 935 2034 ea:
952 1999 996 2034 ad
1019 2000 1049 2035 Ο
1161 2002 1243 2045 opto
1343 2000 1461 2034 ualete
1485 2010 1550 2035 om.
1576 2000 1605 2035 G

189 2056 233 2091 14
249 2055 488 2100 dilectissimi]
506 2055 707 2090 fidelissimi
724 2056 801 2092 RV
894 2057 1045 2102 semper]
1064 2057 1180 2092 saluos
1203 2057 1238 2092 V
1250 2056 1374 2102 ‘atque
1390 2058 1444 2092 ita
1461 2058 1555 2092 alias
1571 2067 1656 2101 saep
1664 2057 1692 2092 ε’

187 2113 278 2148 liber
297 2113 456 2159 Gottiwy.
568 2114 611 2148 15
627 2114 744 2148 ualete
762 2124 827 2149 om.
846 2114 883 2150 R
890 2114 919 2158 Q
935 2115 1027 2159 (emh.
1045 2114 1117 2159 M).
1137 2135 1181 2141 —
1198 2114 1252 2149 Ad
1269 2115 1446 2158 martyres
1464 2116 1500 2149 et
1517 2114 1692 2149 confesso—

188 2181 243 2205 res
273 2170 418 2215 explicit
441 2170 516 2213 CR,
547 2171 712 2215 Epistula
729 2170 889 2216 cipriani
918 2173 998 2216 (om.
1024 2171 1069 2217 Q)
1099 2171 1143 2206 ad
1168 2174 1339 2218 martyres
1368 2172 1559 2217 (martyras
1582 2171 1624 2217 Q)
1652 2173 1688 2206 et

187 2229 402 2263 confessores
428 2228 490 2273 qui
513 2228 624 2274 lapsis
649 2229 830 2273 petierunt
851 2240 973 2275 pacem
991 2230 1068 2265 dari
1087 2230 1185 2271 (adel.
1209 2232 1258 2266 T:
1286 2232 1322 2265 et
1340 2230 1493 2275 corripet
1510 2218 1605 2275 pffib
1630 2229 1688 2274 qui

186 2296 309 2331 pacem
325 2285 498 2321 dederunt
515 2286 566 2321 eis
584 2287 645 2331 qui
663 2287 921 2331 poenitentiam
938 2298 1008 2322 non
1026 2288 1191 2333 egerunt)
1209 2288 1355 2332 explicit
1376 2287 1450 2333 TQ.
1477 2308 1515 2312 -—
