1838 3152
181 238 263 280 746
714 236 904 270 Caecilii
939 236 1149 280 Cypriani

180 340 449 381 subueniatur
484 339 554 392 qui
590 341 808 393 supersunt
844 341 884 381 et
914 339 1057 381 diebus
1093 352 1139 380 ac
1173 340 1362 382 noctibus
1398 340 1683 396 ingemescunt

179 409 220 449 et
260 408 444 450 diuinam
485 420 531 449 ac
565 408 777 460 paternam
817 408 1140 450 misericordiam
1180 408 1442 461 deprecantes
1484 408 1682 450 solacium

178 477 341 518 nostrae
371 476 656 530 opitulationis
686 477 917 529 exposcunt.
958 476 1109 518 idcirco
1140 476 1262 527 enim,
1300 475 1428 518 frater
1460 477 1681 527 carissime,

182 545 392 598 copiosum
414 556 559 598 corpus
583 546 645 586 est
668 545 926 587 sacerdotum
959 544 1194 587 concordiae
1224 546 1394 587 mutuae
1425 545 1586 599 glutino
1618 547 1683 588 at-

180 626 257 666 que
288 613 461 655 unitatis
492 613 657 655 uinculo
690 614 941 668 copulatum,
980 614 1027 655 ut
1064 613 1098 654 si
1128 613 1219 666 quis
1249 626 1296 655 ex
1332 613 1502 669 collegio
1538 616 1706 656 nostro5

183 682 388 723 haeresim
417 681 548 723 facere
578 684 619 723 et
649 694 817 736 gregem
846 681 1001 724 Christi
1029 682 1207 724 lacerare
1237 683 1278 724 et
1306 683 1469 725 uastare
1503 683 1680 736 tempta-

182 751 312 800 uerit,
360 751 608 792 subueniant
649 751 800 804 ceteri,
849 764 929 804 qua
959 752 1142 804 pastores
1173 751 1299 793 utiles
1330 752 1370 793 et
1401 751 1684 794 misericordes

182 832 277 862 oues
317 821 543 862 dominicas
584 820 626 861 in
666 833 834 875 gregem
874 820 1086 874 colligant.
1137 819 1236 873 quid
1276 820 1385 862 enim
1424 820 1459 861 si
1498 819 1540 861 in
1580 820 1685 861 mari

179 890 322 942 portus
356 889 508 942 aliquis
540 888 840 930 munitionibus
872 889 957 930 suis
989 889 1124 942 ruptis
1154 888 1329 930 infestus
1360 890 1401 931 et
1431 889 1682 942 periculosus

180 970 267 999 esse
307 957 482 999 nauibus
522 958 721 1010 coeperit,
768 969 899 999 nonne
938 957 1184 1012 nauigantes
1230 957 1281 999 ad
1326 958 1426 999 alios
1472 958 1677 1011 proximos
1694 972 1728 997 lo

180 1026 323 1080 portus
363 1038 489 1067 naues
529 1038 622 1067 suas
663 1025 872 1081 dirigunt,
906 1026 977 1067 ubi
1009 1026 1065 1068 sit
1096 1027 1212 1068 tutus
1246 1024 1464 1083 [accessus]
1499 1027 1540 1068 et
1571 1026 1683 1067 salu-

180 1095 284 1137 taris
316 1095 514 1136 introitus
546 1095 586 1136 et
618 1095 741 1137 statio
774 1096 942 1137 secura?
982 1096 1054 1137 aut
1085 1095 1119 1136 si
1157 1095 1200 1137 in
1239 1096 1308 1137 uia
1349 1095 1562 1137 stabulum
1606 1095 1683 1136 ali-

179 1164 287 1217 quod
319 1163 497 1205 obsideri
531 1165 571 1205 et
602 1164 732 1205 teneri
764 1178 787 1206 a
818 1164 1048 1206 latronibus
1080 1164 1272 1218 coeperit,
1314 1165 1362 1205 ut
1392 1164 1579 1217 quisquis
1619 1164 1684 1206 in-

177 1245 341 1288 gressus
364 1232 490 1275 fuerit
512 1233 800 1275 insidiantium
816 1234 905 1275 illic
920 1233 1184 1275 infestatione
1202 1234 1400 1287 capiatur,
1422 1245 1552 1275 11011110
1570 1246 1683 1276 00111-

181 1303 364 1343 meantes
385 1302 460 1343 hac
482 1301 669 1354 opinione
691 1303 900 1355 comperta
929 1302 1092 1344 stabula
1120 1302 1202 1344 alia
1231 1302 1274 1344 in
1302 1302 1449 1344 itinere
1481 1302 1722 1355 adpetuntis

183 1370 352 1421 tutiora,
376 1371 447 1412 ubi
470 1371 553 1413 sint
574 1370 656 1413 fida
677 1371 856 1425 hospitia
877 1372 918 1413 et
940 1371 1196 1425 receptacula
1218 1371 1543 1413 commeantibus
1565 1371 1687 1412 tuta?

182 1440 289 1493 quod
331 1452 492 1481 necesse
533 1440 595 1481 est
636 1440 744 1493 apud
781 1452 852 1481 1103
889 1453 988 1491 esse,
1031 1440 1160 1482 frater
1195 1440 1416 1490 carissime,
1458 1441 1507 1482 ut
1542 1439 1687 1482 fratres

182 1510 340 1551 nostros
357 1509 428 1562 qui
446 1509 592 1551 uitatis
606 1509 806 1551 Marciani
829 1510 1008 1564 scopulis
1030 1511 1178 1564 petunt
1195 1509 1388 1552 ecclesiae
1410 1510 1552 1563 portus
1575 1508 1689 1550 salu-

184 1579 294 1620 tares
316 1579 588 1631 suscipiamus
610 1578 661 1619 ad
682 1590 753 1619 nos
774 1580 965 1632 prompta
987 1580 1028 1620 et
1050 1579 1227 1633 benigna
1248 1579 1507 1620 humanitate
1529 1579 1569 1619 01
1599 1579 1686 1620 sta-

182 1647 331 1689 bulum
363 1646 690 1689 commeantibus
724 1648 996 1702 praebeamus
1027 1647 1110 1689 1010
1139 1648 1259 1701 quale
1288 1648 1351 1689 est
1379 1647 1422 1689 in
1455 1647 1681 1702 euangelio,
1704 1661 1738 1686 20

183 1729 261 1771 quo
293 1729 316 1758 a
345 1716 575 1759 latronibus
607 1717 785 1759 sauciati
808 1717 848 1759 et
870 1717 1077 1758 uulnerati
1109 1716 1262 1770 suscipi
1284 1717 1325 1758 et
1346 1715 1475 1757 foueri
1499 1716 1538 1757 et
1559 1716 1688 1757 tutari

183 1786 233 1828 ab
257 1786 483 1828 stabulario
504 1787 675 1840 possint.

141 1862 164 1900 4
238 1854 350 1906 Quae
388 1857 449 1897 est
487 1856 597 1897 enim
633 1856 763 1897 maior
800 1857 871 1897 aut
900 1855 1046 1897 melior
1075 1867 1172 1896 cura
1200 1854 1530 1908 praepositorum
1562 1867 1686 1907 quam

179 1924 371 1979 diligenti
402 1925 684 1967 sollicitudine
706 1926 746 1967 et
768 1925 946 1967 medella
976 1924 1132 1967 salubri
1162 1923 1349 1966 fouendis
1379 1925 1419 1965 et
1443 1935 1688 1964 conseruan-

252 2109 270 2141 1
291 2109 352 2151 qui
371 2118 414 2142 ex
432 2107 525 2152 quod
548 2107 577 2142 C
711 2110 746 2141 et
765 2107 902 2152 diebus]
922 2107 983 2151 qui
1000 2106 1125 2141 diebus
1149 2106 1189 2147 V,
1209 2107 1269 2150 qui
1287 2107 1323 2140 et
1340 2105 1463 2140 diebus
1481 2115 1501 2139 v
1633 2104 1687 2148 ac]

178 2167 215 2199 et
234 2166 268 2199 Z
394 2166 416 2199 4
434 2165 575 2210 glutine
592 2166 628 2211 ip
757 2166 779 2199 5
797 2165 948 2210 collegie
973 2166 1014 2200 Ο·
1149 2165 1170 2199 6
1188 2163 1351 2198 haeresin
1369 2177 1389 2209 ρ
1517 2162 1535 2195 7
1555 2171 1625 2205 qua
1648 2161 1688 2198 V.

177 2224 213 2257 et
230 2233 300 2267 qua
323 2224 352 2259 C
359 2226 383 2265 ¹,
404 2227 438 2257 et
456 2223 557 2267 quasi
579 2223 656 2264 0²22,
683 2225 720 2257 et
738 2223 798 2267 qui
816 2226 899 2257 sunt
917 2223 959 2264 Z,
977 2233 1042 2257 om.
1060 2223 1117 2270 1ορ
1126 2236 1140 2265 ,·
1167 2223 1210 2264 cf.
1226 2233 1264 2265 p.
1284 2223 1412 2264 518,14
1552 2219 1574 2252 8
1591 2218 1687 2262 01103]

177 2282 238 2326 qui
256 2292 337 2316 oues
355 2282 411 2327 iop
544 2281 593 2325 in]
615 2280 701 2324 quid
718 2280 756 2314 in
779 2281 822 2315 Οι
962 2280 1138 2325 colligunt
1156 2283 1191 2314 οΙ
1332 2278 1432 2322 quid]
1451 2287 1518 2321 quo
1536 2275 1638 2310 modo
1662 2275 1691 2310 C

175 2339 238 2374 sed
255 2338 356 2373 modo
374 2349 401 2372 s.
420 2339 441 2372 l.
614 2338 634 2371 9
655 2338 769 2382 aliqui
793 2339 822 2373 G
991 2337 1035 2371 10
1052 2337 1183 2382 ceperit
1199 2336 1352 2370 nauibus
1370 2335 1411 2376 Z,
1430 2332 1689 2378 nauigantibus

177 2396 331 2441 coeperit
354 2396 386 2430 V
500 2395 543 2429 ad
561 2395 666 2439 alios]
686 2395 779 2429 alius
797 2395 842 2429 ad
865 2396 893 2430 C
1017 2395 1059 2429 11
1077 2394 1273 2439 dirigerent
1291 2394 1325 2427 Z
1439 2394 1475 2426 et
1491 2392 1592 2425 tutus
1610 2390 1644 2424 Z

177 2464 336 2488 accessus
354 2463 418 2487 om.
447 2454 531 2498 Ciop
684 2443 918 2486 ’13'obsidere
937 2454 973 2486 et
990 2454 1108 2485 tenere
1133 2452 1192 2492 0¹,
1212 2450 1366 2485 obtineri
1384 2451 1419 2483 et
1436 2447 1591 2483 obsideri
1610 2447 1645 2480 Z

177 2512 221 2546 14
238 2511 348 2545 fuerit
366 2522 430 2545 om.
449 2511 485 2554 ip
665 2510 904 2544 commeantes
922 2509 988 2543 hac
1006 2519 1072 2543 om.
1091 2509 1125 2542 Z
1310 2507 1353 2541 15
1378 2506 1540 2551 opinione
1559 2515 1624 2538 om.
1644 2504 1686 2544 Ζ,

175 2568 356 2613 opsidione
381 2568 467 2610 fort.
645 2567 817 2611 appetant
835 2567 870 2600 Z
1040 2566 1083 2600 16
1101 2567 1184 2600 311111
1200 2566 1236 2611 ‘ip
1410 2563 1492 2607 fida]
1511 2563 1593 2597 tuta
1610 2561 1645 2595 Z

176 2627 218 2661 17
235 2636 376 2660 11000330
394 2625 461 2669 031]
482 2635 573 2658 1111110
591 2635 665 2658 0330
688 2624 771 2659 CZv
899 2634 974 2658 esse
996 2623 1116 2669 012'00,
1134 2622 1238 2657 debet
1261 2622 1342 2657 (ΡΖ
1472 2620 1515 2654 18
1531 2621 1686 2670 nostros]

175 2683 375 2718 carissimos
393 2684 532 2716 nostros
551 2682 586 2715 Z
768 2681 896 2715 uitatis
914 2681 956 2722 Z,
973 2680 1114 2715 reiectis
1130 2691 1211 2724 sup.
1230 2679 1339 2714 etatis
1359 2679 1397 2719 0,
1415 2677 1543 2712 iactati
1561 2678 1640 2724 ίορυ

174 2741 355 2775 marciana
374 2740 417 2775 0¹
533 2740 673 2784 petunt]
692 2739 841 2783 poscunt
859 2738 893 2772 Z
1003 2738 1045 2772 19
1063 2738 1304 2782 Suscipiamus
1322 2747 1380 2770 eos
1399 2735 1433 2769 Z
1538 2734 1581 2769 21
1600 2735 1683 2779 quo]

175 2798 267 2842 quod
290 2798 320 2833 0
479 2799 514 2831 01
530 2797 646 2830 tutari
663 2807 727 2830 om.
748 2796 782 2830 Z
939 2795 984 2829 22
1001 2795 1060 2840 ab]
1084 2805 1105 2829 a
1122 2795 1176 2841 Ζρ
1338 2794 1382 2828 23
1400 2803 1488 2837 quae
1514 2793 1568 2826 est
1590 2791 1684 2825 enim

175 2857 355 2899 pastorum
379 2855 413 2889 V
550 2854 623 2898 aut]
644 2855 678 2887 01
696 2854 731 2887 Ζ
865 2852 1145 2897 praepositorum
1163 2862 1228 2886 om.
1252 2850 1293 2886 V.
1310 2852 1490 2894 pastorum
1510 2849 1544 2882 Z
