1912 3152
678 253 735 287 De
761 253 907 297 lapsis
933 263 960 287 c.
986 253 1132 287 33—36.
1572 255 1655 297 263

148 359 412 413 eleemosynis
443 357 677 411 frequenter
707 357 893 398 insistere
925 356 1073 409 quibus
1096 369 1119 397 a
1140 358 1271 398 morte
1293 357 1454 399 animae
1475 357 1655 400 liberan-

148 432 226 472 tur.
260 428 366 481 quod
388 426 644 468 aduersarius
666 425 879 468 auferebat
900 424 1088 467 Christus
1111 425 1301 478 accipiat,
1324 437 1397 467 nec
1418 427 1548 468 teneri
1570 427 1655 468 iam

147 510 219 540 nec
240 496 370 539 amari
391 495 690 550 patrimonium
712 495 833 536 debet
864 507 941 547 quo
968 494 1059 547 quis
1082 495 1123 535 et
1146 493 1338 548 deceptus
1360 496 1400 536 et
1421 495 1557 536 uictus
1579 497 1652 537 est.

147 579 218 620 pro
240 566 354 607 hoste
376 564 547 607 uitanda
567 576 650 613 res,
672 576 743 617 pro
765 563 923 605 latrone
945 563 1160 618 fugienda,
1184 576 1256 617 pro
1278 563 1416 617 gladio
1434 564 1657 605 metuenda

102 649 116 673 5
148 633 449 689 possidentibus
472 634 513 674 et
534 645 698 674 ueneno.
735 632 786 674 ad
808 632 883 674 hoc
905 633 1069 674 tantum
1090 631 1293 686 profuerit
1314 632 1421 685 quod
1444 633 1655 683 remansit,

151 706 197 745 ut
227 703 321 744 inde
354 702 508 744 crimen
539 704 580 743 et
602 701 723 754 culpa
744 700 984 742 redimatur.
1018 700 1299 742 incunctanter
1321 702 1362 742 et
1383 701 1558 755 largiter
1579 701 1654 743 fiat

147 772 326 826 operatio
340 804 349 821 ,
381 782 523 813 census
544 770 675 812 omnis
697 770 739 811 in
760 769 982 811 medellam
1004 770 1186 811 uulneris
1209 771 1416 824 erogetur,
1448 770 1595 823 opibus
1617 770 1658 812 et

147 840 414 882 facultatibus
443 839 595 882 nostris
626 839 696 892 qui
728 840 776 881 de
797 839 913 881 nobis
934 839 1192 881 iudicaturus
1214 841 1275 881 est
1297 840 1497 881 Dominus
1519 838 1657 881 faene-

147 911 270 951 retur.
303 908 361 949 sic
393 908 467 950 sub
500 908 696 962 apostolis
727 908 826 949 fides
858 908 1017 962 uiguit,
1049 908 1107 950 sic
1128 909 1286 962 primus
1308 908 1564 950 credentium
1584 920 1657 961 po—

103 991 135 1016 10
148 977 266 1032 pulus
309 976 460 1018 Christi
501 976 698 1018 mandata
739 977 944 1018 seruauit:
977 977 1158 1031 prompti
1200 978 1336 1027 erant,
1376 977 1484 1031 largi
1526 978 1654 1018 erant.

149 1047 479 1089 distribuendum
514 1059 586 1100 per
622 1046 827 1100 apostolos
863 1047 999 1088 totum
1031 1047 1185 1088 dabant
1217 1048 1257 1089 et
1278 1060 1357 1088 non
1377 1046 1482 1088 talia
1503 1045 1657 1087 delicta

148 1116 417 1158 redimebant.

203 1184 247 1226 Si
268 1197 428 1238 precem
450 1184 537 1226 toto
559 1184 677 1226 corde
699 1184 790 1237 quis
812 1184 952 1234 faciat,
976 1184 1010 1226 si
1033 1183 1141 1225 ueris
1162 1184 1439 1237 paenitentiae
1460 1183 1656 1226 lamentis
1676 1188 1732 1228 36

148 1255 188 1296 et
208 1253 391 1295 lacrimis
413 1253 685 1307 ingemescat,
718 1253 752 1295 si
775 1254 826 1295 ad
848 1253 1014 1296 ueniam
1035 1253 1178 1295 delicti
1201 1253 1264 1295 sui
1287 1254 1512 1295 Dominum
1535 1253 1658 1295 iustis

103 1334 134 1359 ¹⁵
149 1324 189 1365 et
210 1323 413 1365 continuis
435 1322 625 1375 operibus
647 1322 851 1373 inflectat,
884 1322 1071 1365 misereri
1092 1322 1242 1364 talium
1264 1324 1399 1376 potest
1422 1322 1491 1376 qui
1514 1324 1555 1364 et
1576 1322 1656 1364 mi-

148 1392 408 1433 sericordiam
430 1405 547 1434 suam
569 1392 743 1446 protulit
764 1393 921 1434 dicens:
956 1406 1064 1435 cum
1097 1405 1383 1435 conuersus
1414 1392 1576 1435 fueris
1609 1394 1658 1434 et

148 1461 420 1515 gemueris,
466 1462 588 1503 tunc
634 1462 932 1504 saluaberis
980 1464 1027 1504 et
1073 1462 1205 1504 scies
1256 1462 1342 1504 ubi
1385 1461 1567 1512 fueris,
1617 1462 1659 1502 et

148 1529 319 1571 iterum:
351 1529 466 1572 nolo
488 1533 704 1573 mortem
726 1531 1023 1584 morientiS,
1056 1532 1190 1573 dicit
1211 1532 1480 1582 Dominus,
1504 1544 1659 1584 quan-

147 1600 252 1640 tum
283 1600 340 1640 ut
371 1601 670 1642 reuertatur
701 1603 749 1642 et
779 1601 943 1643 uiuat.
993 1602 1034 1642 et
1071 1600 1186 1643 Iohel
1221 1600 1421 1655 propheta
1456 1600 1658 1654 pietatem

102 1678 134 1704 ευ
148 1667 314 1709 Domini
345 1669 519 1711 Domino
551 1670 638 1723 ipso
670 1672 859 1713 monente
881 1670 1084 1721 declarat,
1117 1670 1475 1720 reuertimini,
1507 1669 1657 1723 inquit,

147 1736 205 1778 ad
236 1738 505 1779 Dominum
525 1739 684 1780 Deum
716 1742 972 1790 uestrum,
1005 1740 1247 1793 quoniam
1279 1739 1577 1781 misericors
1609 1739 1659 1780 et

149 1806 262 1860 pius
305 1809 381 1848 est
423 1810 471 1849 et
511 1809 728 1861 patiens
770 1812 819 1852 et
851 1810 1050 1852 multae
1082 1809 1459 1852 miserationis
1491 1810 1539 1850 et
1571 1807 1658 1861 qui

147 1875 465 1918 sententiam
511 1876 705 1919 flectat
753 1878 1007 1921 aduersus
1038 1879 1312 1921 malitiam
1343 1878 1658 1933 inrogatam.

147 1946 281 1997 potest
302 1944 372 1986 ille
403 1945 707 1999 indulgentiam
739 1948 855 1999 dare,
889 1949 1135 1990 sententiam
1167 1962 1284 1991 suam
1316 1949 1453 2002 potest
1484 1946 1555 1988 ille
1586 1946 1658 1988 de-

103 2033 134 2059 25
150 2012 321 2055 flectere.
370 2014 620 2067 paenitenti,
662 2017 868 2070 operanti,
915 2018 1078 2073 roganti
1115 2019 1251 2072 potest
1286 2017 1508 2059 clementer
1542 2015 1661 2070 igno-

148 2093 268 2132 scere,
290 2084 425 2135 potest
442 2083 483 2124 in
500 2087 716 2138 acceptum
737 2085 886 2128 referre
908 2087 1108 2141 quidquid
1130 2101 1202 2142 pro
1224 2086 1379 2129 talibus
1402 2088 1443 2129 et
1464 2085 1662 2140 petierint

147 2152 347 2204 martyres
379 2153 420 2193 et
450 2151 619 2194 fecerint
651 2156 891 2197 sacerdotes.
925 2156 992 2198 uel
1014 2156 1047 2197 si
1070 2156 1161 2209 quis
1184 2170 1278 2198 eum
1300 2156 1392 2211 plus
1415 2156 1500 2198 suis
1531 2154 1655 2197 satis-

286 2289 326 2322 16
352 2289 407 2323 Es.
428 2289 482 2330 30,
504 2290 556 2325 15.
630 2292 673 2326 18
699 2292 755 2326 Ez.
775 2293 829 2331 33,
850 2293 904 2327 11.
977 2294 1022 2328 ⁶20
1047 2294 1122 2328 Ioel
1140 2295 1172 2335 2,
1192 2294 1244 2328 13.

219 2402 235 2435 1
264 2402 462 2438 liberantur
480 2405 523 2438 W
535 2406 598 2439 sed
616 2417 636 2440 a
654 2417 745 2441 corr.
820 2408 843 2443 3
869 2418 986 2443 amare
1002 2409 1038 2444 R
1107 2410 1129 2443 4
1154 2420 1208 2443 res
1223 2411 1278 2443 est
1292 2410 1328 2445 R
1397 2410 1419 2444 5
1443 2410 1492 2454 et]
1509 2409 1593 2444 utR

151 2468 279 2492 ueneno
294 2459 323 2494 S
331 2460 411 2495 WR
421 2461 458 2502 V,
479 2462 661 2497 uendcnda
682 2475 699 2498 υ
784 2465 806 2499 8
830 2453 907 2499 (ΙῩῃέ
933 2465 1133 2500 faencrctur
1149 2466 1227 2507 SR,
1256 2458 1323 2501 dno
1338 2467 1515 2502 feneretur
1529 2468 1598 2510 W;
1613 2468 1660 2511 cf.

149 2515 304 2550 indicem
375 2518 395 2551 9
414 2518 538 2562 primis
549 2519 605 2561 δ’,
626 2521 724 2564 prius
734 2521 769 2556 R
841 2521 972 2556 delicta
990 2523 1075 2557 add.
1091 2524 1140 2558 W
1144 2524 1156 2542 '²
1229 2524 1275 2560 13
1293 2524 1401 2569 ueris]
1417 2525 1548 2559 ueteris
1558 2525 1594 2560 R

148 2571 462 2609 lamentationibus
479 2576 538 2611 Ro
610 2578 653 2611 15
678 2577 864 2613 inflectant
882 2580 918 2615 R
1005 2580 1047 2613 16
1073 2580 1182 2614 fucris
1203 2583 1239 2615 ct
1256 2592 1321 2616 om.
1344 2583 1391 2617 W
1394 2582 1452 2618 Rv
1540 2583 1583 2617 17
1609 2583 1662 2616 in-

150 2630 324 2672 gemueris
344 2642 361 2665 v
428 2633 623 2668 saluaueris
642 2635 678 2670 R
749 2635 856 2670 scibis
877 2636 907 2671 S
966 2637 1090 2682 fueris]
1110 2639 1227 2682 queris
1241 2638 1276 2673 R
1341 2640 1383 2673 18
1400 2641 1512 2674 morte
1527 2639 1595 2675 RS

148 2684 235 2720 dicit
250 2686 411 2722 dominus
429 2700 493 2723 om.
514 2691 549 2725 R
622 2692 663 2725 19
689 2696 729 2727 ut
746 2704 810 2728 om.
838 2694 884 2728 W
963 2694 1079 2739 uiuat]
1099 2698 1217 2730 mutat
1235 2697 1286 2732 W
1365 2697 1410 2731 20
1435 2697 1663 2731 reuertemini

150 2742 178 2777 S
185 2745 193 2761 ¹
286 2745 331 2778 23
357 2748 570 2782 sententiam
590 2760 689 2783 suam
710 2750 752 2791 S,
781 2752 975 2786 sententias
992 2752 1028 2787 R
1114 2753 1275 2788 malitias
1297 2754 1384 2790 WR
1400 2754 1463 2788 secl
1479 2754 1550 2788 tias
1570 2755 1609 2789 ιή
1626 2754 1663 2789 R

148 2800 189 2834 in
208 2811 276 2834 rus.
350 2801 532 2847 inrogatas
542 2805 642 2847 WB,
661 2807 724 2841 sed
743 2808 782 2843 in
797 2808 830 2843 R
845 2810 885 2843 in
903 2821 973 2843 ras.
988 2837 995 2851 ‚
1014 2814 1046 2845 ct
1066 2821 1157 2845 corr.
1179 2811 1228 2846 W
1243 2823 1284 2845 m.
1300 2813 1324 2845 2
1340 2811 1381 2846 in
1399 2813 1583 2856 mat-ysne:
1609 2812 1663 2846 in-

150 2860 330 2952 rogatgpiR
422 2860 465 2894 24
491 2861 553 2896 illc
571 2864 672 2907 (ante
689 2864 801 2910 dcfl.)]
820 2866 894 2911 ipse
913 2867 962 2902 ΠΙ
980 2868 1018 2902 in
1038 2877 1109 2902 ras.
1210 2868 1253 2902 ⁴26
1280 2868 1369 2902 ferre
1387 2868 1417 2903 S
1515 2869 1557 2903 Ξῖ
1585 2869 1665 2913 plus

150 2926 228 2950 eum
336 2930 352 2954 c
