1912 3152
231 199 315 242 222
718 199 910 235 Caecilii
935 199 1149 246 Cypriani

233 304 340 345 terat
371 304 440 356 qui
478 315 571 344 cum
607 303 732 345 fratre
768 317 909 357 pacem
943 317 1014 358 per
1051 305 1126 346 zeli
1162 304 1408 346 discordiam
1443 317 1522 346 non
1555 305 1746 348 habebat.

234 384 358 424 quam
390 371 468 413 sibi
499 371 629 425 igitur
650 384 793 425 pacem
813 373 1063 425 promittunt
1084 372 1243 414 inimici
1265 372 1471 415 fratrum?
1493 386 1594 426 quae
1617 374 1744 415 sacri-

232 440 323 481 ficia
341 440 543 482 celebrare
560 452 601 482 se
619 440 788 482 credunt
806 441 958 506 aemuli
974 441 1258 483 sacerdotum?
1277 454 1413 482 secum
1426 454 1510 483 esse
1521 441 1744 492 Christum,

232 521 326 549 cum
348 509 507 550 collecti
529 508 701 560 fuerint,
736 509 954 562 opinantur
985 510 1055 563 qui
1089 510 1200 551 extra
1233 508 1386 552 Christi
1419 510 1630 552 ecclesiam
1661 510 1743 552 col-

231 577 420 631 liguntur
430 580 449 619 ⁸?

165 641 214 682 14
289 645 409 688 Tales
445 646 570 688 etiam
608 647 642 688 si
678 647 799 688 occisi
836 647 877 688 in
907 646 1156 688 confessione
1178 647 1354 689 nominis
1377 648 1549 698 fuerint,
1581 649 1744 689 macula

229 714 310 756 ista
331 727 404 756 nec
426 715 621 769 sanguine
644 715 848 756 abluitur:
872 714 1131 768 inexpiabilis
1154 715 1194 755 et
1215 715 1355 769 grauis
1379 716 1497 768 culpa
1519 716 1743 757 discordiae

227 795 300 824 nec
322 783 506 836 passione
528 784 739 839 purgatur.
774 795 859 824 esse
881 785 1040 837 martyr
1060 795 1139 824 non
1160 784 1295 837 potest
1316 784 1386 837 qui
1408 784 1449 824 in
1472 784 1642 826 ecclesia
1664 796 1743 825 non

227 853 311 894 est:
345 853 395 894 ad
432 865 605 906 regnum
641 852 851 905 peruenire
887 863 967 893 non
1002 852 1153 905 poterit
1190 852 1259 904 qui
1288 864 1380 894 eam
1402 865 1502 905 quae
1523 854 1742 907 regnatura

1776 597 1790 620 5

226 921 288 962 est
309 921 540 974 dereliquit.
574 934 716 975 pacem
737 921 854 962 nobis
878 919 1065 962 Christus
1088 920 1224 971 dedit,
1249 921 1462 962 concordes
1485 921 1617 974 adque
1639 934 1741 963 una-
1756 933 1789 957 10

224 990 356 1031 nimes
379 1003 464 1031 esse
495 989 724 1043 praecepit,
759 989 991 1030 dilectionis
1023 990 1063 1030 et
1096 989 1281 1031 caritatis
1312 989 1474 1031 foedera
1505 989 1741 1043 incorrupta

223 1058 355 1111 adque
386 1058 587 1100 inuiolata
619 1057 854 1099 mandauit:
888 1057 1075 1099 exhibere
1107 1071 1148 1099 se
1169 1071 1249 1100 non
1269 1059 1404 1111 potest
1424 1059 1648 1113 martyrem
1671 1059 1740 1112 qui

225 1127 451 1168 fraternam
482 1139 561 1169 non
591 1126 726 1168 tenuit
748 1126 977 1168 caritatem.
1011 1127 1129 1168 docet
1150 1127 1223 1168 hoc
1246 1129 1286 1169 et
1309 1128 1563 1169 contestatur
1585 1128 1739 1169 Paulus

223 1196 433 1248 apostolus
471 1197 628 1238 dicens:
676 1197 722 1237 et
770 1196 813 1237 si
845 1196 1071 1237 habuero
1119 1195 1281 1238 fidem
1319 1196 1392 1238 ita
1438 1197 1493 1238 ut
1539 1198 1739 1239 montes

222 1264 555 1316 transferam,
580 1266 862 1307 caritatem
884 1266 1053 1307 autem
1074 1278 1171 1306 non
1192 1266 1427 1316 habeam,
1450 1266 1587 1307 nihil
1609 1278 1736 1307 sum:
1753 1278 1784 1303 15

222 1333 275 1374 et
306 1333 348 1374 si
380 1334 430 1375 in
461 1334 604 1377 cibos
637 1334 961 1376 distribuero
993 1334 1164 1375 omnia
1195 1347 1301 1375 mea
1330 1335 1381 1375 et
1405 1334 1738 1376 sitradidero

222 1413 406 1455 corpus
438 1417 598 1446 meum
631 1406 683 1446 ut
716 1405 943 1455 ardeam,
989 1405 1268 1446 caritatem
1309 1406 1480 1446 autem
1521 1417 1617 1446 non
1656 1405 1737 1446 ha-

221 1469 382 1522 beam,
430 1473 564 1514 nihil
595 1473 834 1526 proficio.
871 1474 1070 1515 caritas
1102 1474 1434 1528 magnanima
1466 1476 1561 1526 est,
1608 1475 1735 1516 cari-

220 1540 297 1582 tas
332 1541 555 1597 benigna.
587 1544 683 1593 est,
733 1542 926 1584 caritas
957 1554 1050 1584 non
1083 1543 1400 1593 aemulatur,
1448 1555 1542 1584 non
1574 1543 1735 1585 infla-

218 1611 324 1661 tur,
358 1623 452 1653 non
484 1612 768 1661 inritatur,
801 1623 898 1652 non
929 1612 1043 1665 agit
1075 1624 1364 1665 perperam,
1406 1624 1499 1653 non
1531 1613 1781 1667 cogitata

219 1681 437 1731 malum,
471 1680 639 1721 omnia
672 1680 876 1735 diligit,
911 1681 1084 1721 omnia
1118 1680 1307 1730 credit,
1341 1680 1506 1722 omnia
1539 1682 1732 1733 sperat,

218 1750 385 1791 omnia
407 1749 657 1791 sustinet.
683 1749 877 1791 caritas
901 1762 1175 1802 numquam
1199 1749 1414 1790 excidet.
1440 1762 1733 1802 numquam,

219 1818 369 1871 inquit,
394 1818 600 1860 excidet
623 1818 833 1859 caritas.
873 1817 972 1859 haec
995 1818 1104 1858 enim
1126 1830 1285 1870 semper
1307 1818 1348 1858 in
1372 1829 1495 1871 regno
1518 1818 1609 1869 erit,
1634 1818 1731 1860 haec

218 1888 260 1929 in
294 1888 504 1929 aeternum
542 1887 814 1928 fraternitatis
837 1886 916 1928 sibi
939 1887 1191 1928 cohaerentis
1213 1888 1375 1928 unitate
1397 1887 1572 1928 durabit.
1596 1887 1647 1928 ad
1669 1899 1731 1929 re-

219 1970 347 2011 gnum
384 1956 587 1997 caelorum
629 1968 708 1997 non
747 1956 881 2008 potest
916 1955 1130 2008 peruenire
1171 1956 1393 2007 discordia,
1428 1956 1479 1997 ad
1502 1956 1732 2009 praemium
1746 1967 1778 1992 25

218 2024 372 2067 Christi
395 2025 464 2078 qui
488 2024 611 2066 dixit:
645 2025 735 2066 hoc
768 2025 844 2066 est
876 2024 1178 2066 mandatum
1209 2038 1372 2066 meum
1394 2025 1446 2065 ut
1480 2025 1731 2079 diligatis

355 2139 398 2172 14
423 2138 440 2172 Ι
460 2138 534 2174 Cor.
557 2139 609 2180 13,
629 2138 728 2179 2-5,
750 2138 768 2171 ῖ
788 2148 838 2181 sq.
912 2138 956 2172 ‘2ss
982 2137 1031 2171 Ic.
1052 2138 1105 2171 15.
1124 2139 1177 2172 12.

285 2231 304 2264 1
331 2230 396 2264 ccli
421 2230 453 2264 G
561 2230 582 2263 ἱ)
608 2230 784 2263 fratruum
809 2229 840 2263 G
949 2230 970 2262 3
996 2229 1142 2263 acmulii
1159 2230 1194 2264 R
1302 2240 1416 2264 secum
1443 2230 1660 2271 WGMRV,
1688 2241 1732 2264 an

215 2299 331 2322 secum
352 2300 368 2322 z·
462 2288 483 2322 4
509 2287 685 2331 eolligunt
704 2287 738 2322 R
834 2287 854 2320 G
881 2291 966 2320 (turc
984 2287 1137 2320 nominis
1157 2286 1242 2320 add.
1259 2287 1343 2321 M2:
1370 2287 1498 2321 christi
1600 2288 1620 2322 S
1645 2292 1727 2331 post

213 2346 361 2379 ccclesia
381 2345 466 2379 aad.
495 2345 577 2378 DF:
605 2345 661 2378 dei
771 2344 791 2377 9
818 2355 905 2388 quac
925 2355 968 2378 ca?
987 2344 1047 2388 qui
1072 2344 1103 2378 G
1121 2356 1161 2378 m.
1182 2347 1205 2378 :2
1315 2346 1358 2378 w
1379 2345 1595 2389 derelinquit
1620 2346 1730 2381 GMe.

213 2402 357 2445 reliquit
377 2403 412 2436 1ἰ
480 2401 583 2435 nobis
602 2412 722 2445 pacem
733 2402 768 2436 R
832 2401 986 2435 christus
1004 2401 1105 2435 nobis
1120 2402 1168 2435 M
1225 2402 1268 2435 12
1286 2402 1421 2435 seruari
1439 2402 1624 2436 mandauit
1642 2414 1662 2437 ’ῖ-

214 2460 257 2494 13
282 2461 381 2494 tenet
400 2460 502 2494 ΒΗΓ
577 2459 641 2492 hoc
660 2470 723 2492 orn.
741 2459 776 2493 R
848 2460 1080 2502 contestatur]
1100 2459 1265 2492 hortatur
1280 2460 1314 2494 Ji‘
1388 2460 1430 2493 11)·
1457 2460 1545 2494 cibis
1560 2461 1615 2500 M,
1634 2460 1729 2494 cibos

211 2529 402 2562 pauperum
423 2528 441 2551 t·
506 2517 546 2550 17
566 2518 618 2550 ita
637 2519 676 2549 ut
698 2517 731 2551 V
792 2516 915 2550 ardeat·
930 2517 964 2551 R
1037 2517 1079 2550 is
1097 2516 1331 2560 magnissima
1348 2517 1398 2551 11³¹
1470 2519 1525 2551 cst
1543 2528 1606 2552 om.
1630 2517 1661 2551 G

213 2577 256 2610 19
283 2575 445 2619 inflatur]
465 2575 708 2608 inflammatur
728 2574 761 2609 1⁷
828 2574 873 2608 90
891 2586 958 2608 non
979 2575 1150 2608 inritatur
1167 2585 1231 2607 om.
1251 2574 1286 2608 R
1350 2585 1418 2608 non
1436 2575 1514 2618 agit-
1531 2576 1727 2619 perperam]

211 2644 275 2667 om.
289 2633 335 2676 R,
351 2637 438 2667 (cute
452 2643 520 2665 non
535 2632 799 2675 inflaturynme't
813 2643 833 2666 τ
899 2632 941 2665 ‘21
959 2631 1108 2675 malum]
1123 2631 1208 2665 add.
1220 2632 1300 2666 VR:
1316 2643 1384 2665 non
1400 2632 1531 2676 gaudet
1546 2634 1728 2676 super(su-

210 2701 271 2734 per
288 2702 352 2724 om.
365 2691 414 2735 R)
430 2689 648 2723 iniustitiam
713 2689 756 2723 22
775 2689 904 2722 excidit
920 2689 965 2723 G¹
979 2701 1004 2729 s,
1022 2688 1156 2723 excedit
1166 2690 1227 2722 M¹
1298 2689 1342 2723 23
1361 2689 1494 2723 excidet
1509 2690 1727 2730 WGMRV,

215 2748 345 2781 excidit
364 2760 380 2783 r
474 2747 519 2781 24
537 2748 572 2781 ct
591 2746 627 2780 in
638 2747 719 2781 MR
819 2746 963 2780 durauit
981 2747 1040 2781 11⁷1
1142 2747 1186 2781 ‘25
1204 2757 1265 2780 nec
1284 2746 1326 2780 ad
1337 2747 1429 2782 RM.
1444 2747 1506 2781 sed
1524 2748 1564 2782 ¹in
1578 2748 1628 2781 M
1637 2747 1723 2781 add.

210 2816 252 2839 m.
273 2808 296 2840 2
313 2816 391 2848 ncc3
411 2806 456 2848 cf.
478 2816 556 2849 cap.
572 2806 619 2838 :23
632 2816 669 2848 p.
686 2805 759 2838 231
778 2804 797 2838 l.
815 2807 860 2838 10
931 2804 1087 2848 praemia
1107 2815 1125 2838 Υ
1197 2804 1241 2838 26
1259 2804 1320 2848 qui
1338 2803 1437 2848 dicit]
1457 2804 1606 2838 dicentis
1622 2804 1657 2839 R

210 2863 341 2907 mcum]
357 2863 412 2897 dci
431 2864 465 2898 11¹
