1912 3152
694 246 873 282 Testim.
900 247 948 288 II,
976 247 1102 284 9-—11.
1597 251 1654 293 75

147 350 235 406 Gog
255 351 392 405 ipsum
413 363 585 406 regnum
604 383 613 401 ‚
646 352 686 393 et
716 351 935 406 augebitur
965 363 1138 406 regnum
1170 351 1277 402 eim,
1309 354 1351 394 et
1379 352 1488 394 Deus
1510 353 1651 395 eduxit

146 433 240 461 cum
261 432 308 461 ex
329 419 541 474 Aegypto:
574 419 690 473 quasi
719 419 886 461 claritas
908 419 1114 462 unicornis
1142 419 1199 471 ei,
1232 421 1273 462 et
1294 420 1386 462 edet
1406 421 1548 475 gentes
1569 421 1651 463 ini-

144 488 346 530 micorum
378 500 544 530 suorum
574 490 614 530 et
642 488 932 530 crassitudines
963 499 1103 530 eorum
1135 488 1405 530 emedullabit
1426 491 1466 531 et
1486 490 1651 531 balistis

144 557 228 598 suis
250 556 424 611 configet
444 556 671 598 inimicum.
704 557 901 598 recubans
929 556 1134 609 requieuit
1160 557 1277 610 quasi
1298 556 1360 599 leo
1382 559 1423 599 et
1443 558 1559 611 quasi
1581 571 1651 600 ca-

99 641 112 664 5
143 625 256 666 tulus
286 625 426 667 leonis.
461 625 552 678 quis
583 625 801 667 suscitabit
832 627 959 667 eum?
990 625 1060 678 qui
1082 625 1328 667 benedicunt
1353 626 1414 676 te,
1446 626 1650 668 benedicti

145 695 251 744 sunt,
270 694 397 747 etqui
414 694 666 736 maledicunt
682 695 735 745 te,
754 694 963 736 maledicti
981 696 1087 736 sunt.
1112 695 1190 736 Ite
1202 708 1244 736 m
1265 708 1289 736 a
1303 707 1328 747 p
1339 708 1365 736 u
1380 695 1406 736 d
1424 695 1456 736 E
1467 708 1484 736 s
1495 709 1518 737 a
1530 696 1542 736 i
1553 708 1649 737 am:

144 763 323 817 Spiritus
343 762 508 805 Domini
531 775 651 816 super
671 776 748 804 me.
780 763 945 817 propter
966 763 1073 816 quod
1094 764 1234 805 uncxit
1255 776 1320 804 me
1341 763 1441 806 bene
1461 764 1653 806 nuntiare

144 832 410 885 pauperibUS‚
433 831 550 873 misit
570 844 636 874 me
657 844 797 874 curare
819 832 1112 874 contribulatos
1134 832 1276 883 corde,
1299 832 1533 885 praedicare
1555 845 1653 885 cap-

143 901 243 941 tiuis
266 900 547 942 remissionem
569 902 610 942 et
631 900 760 942 caecis
782 900 941 951 uisum,
974 912 1118 942 uocare
1147 913 1299 942 annum
1320 900 1487 942 Domini
1509 913 1652 954 accop-

98 969 315 1010 10tabilem
347 970 387 1010 et
418 968 526 1010 diem
560 969 852 1011 retributionis.
887 969 1027 1011 Vnde
1058 969 1108 1011 in
1139 970 1408 1023 euangelio
1440 968 1652 1011 Gabriel

145 1038 203 1079 ad
233 1038 470 1079 Mariam:
504 1038 558 1079 Et
588 1038 832 1090 respondens
863 1038 1033 1092 angelus
1065 1038 1172 1079 dixit
1202 1038 1253 1079 ad
1283 1038 1425 1080 illam:
1471 1037 1652 1092 Spiritus

144 1108 308 1148 sanctus
329 1106 588 1160 superueniet
608 1106 651 1147 in
673 1108 714 1148 te
736 1107 777 1148 et
798 1107 930 1148 uirtus
951 1106 1162 1148 Altissimi
1180 1106 1444 1148 obumbrabit
1464 1107 1517 1148 te.
1551 1119 1653 1160 qua-

144 1176 308 1229 propter
329 1175 437 1228 quod
467 1175 655 1217 nascetur
686 1176 896 1225 sanctum,
930 1175 1144 1217 uocabitur
1175 1175 1286 1216 filius
1316 1176 1405 1217 Dei.
1440 1176 1570 1217 Item
1601 1176 1652 1218 in

144 1245 378 1297 epistula
411 1244 561 1285 Pauli
593 1245 655 1286 ad
686 1244 990 1287 Corinthios
1027 1245 1219 1297 prima:
1254 1244 1419 1286 Primus
1450 1244 1571 1286 homo
1602 1245 1652 1286 de

100 1320 129 1344 ¹⁵
145 1314 276 1355 terrae
297 1313 418 1364 limo,
452 1313 653 1354 secundus
684 1313 806 1355 homo
838 1314 887 1355 de
919 1313 1041 1355 caelo.
1075 1313 1208 1367 qualis
1230 1313 1302 1355 ille
1324 1313 1373 1355 de
1394 1313 1516 1364 limo,
1548 1313 1654 1355 tales

145 1383 185 1423 et
215 1383 285 1435 qui
315 1382 364 1424 de
395 1382 514 1432 limo,
548 1383 589 1424 et
619 1382 752 1435 qualis
784 1382 992 1432 caelestis,
1024 1382 1129 1424 tales
1151 1383 1192 1424 et
1213 1382 1417 1424 caelestes.
1451 1382 1652 1435 quomodo

144 1451 399 1504 portauimus
421 1451 646 1505 imaginem
669 1451 775 1502 eius,
809 1451 878 1504 qui
910 1451 960 1492 de
991 1451 1090 1492 limo
1122 1452 1204 1502 est,
1236 1451 1444 1504 portemus
1476 1451 1517 1492 et
1547 1450 1654 1492 ima-

145 1520 282 1572 ginem
304 1520 411 1570 eiuS‚
444 1519 514 1573 qui
536 1520 584 1561 de
606 1519 714 1561 caelo
736 1521 809 1562 est.

145 1621 276 1674 QVOD
308 1635 368 1664 DE
400 1634 569 1665 SEMINE
601 1636 747 1665 DAVID
779 1635 1025 1666 SECVNDVM
1057 1635 1243 1666 CARNEM
1271 1635 1404 1666 NASCI
1426 1635 1651 1665 HABERET.

100 1720 133 1745 20
203 1704 260 1744 In
292 1703 575 1758 Regnorum
607 1716 624 1745 s
638 1717 688 1745 ec
702 1705 850 1746 undo:
883 1705 936 1746 Et
951 1705 1032 1746 fuit
1048 1704 1220 1746 uerbum
1236 1704 1404 1746 Domini
1421 1704 1471 1745 ad
1487 1703 1652 1745 Nathan
1670 1707 1715 1749 n

147 1774 303 1816 dicens:
336 1774 438 1815 uade
469 1775 511 1815 et
542 1774 606 1816 dic
637 1787 753 1816 seruo
775 1786 864 1816 meo
886 1774 1044 1816 Dauid:
1077 1774 1176 1816 haec
1196 1774 1300 1816 dicit
1320 1773 1541 1815 Dominus:
1573 1785 1652 1814 non

147 1845 193 1885 tu
215 1844 449 1886 aedificabis
470 1844 574 1885 mihi
596 1844 764 1886 domum
786 1845 837 1886 ad
859 1843 1200 1886 inhabitandum:
1233 1843 1304 1885 sed
1333 1843 1431 1893 erit,
1464 1855 1558 1884 cum
1587 1841 1653 1882 in-

150 1912 250 1965 pleti
283 1913 435 1954 fuerint
463 1913 548 1954 dies
577 1914 639 1954 tui
673 1915 714 1955 et
749 1913 965 1955 dormieris
985 1925 1078 1954 cum
1100 1912 1287 1966 patribus
1309 1912 1414 1962 tuis,
1447 1910 1654 1953 suscitabo

148 1994 285 2023 semen
322 1983 440 2023 tuum
477 1984 569 2035 post
604 1983 644 2024 te
673 1983 743 2036 qui
780 1983 858 2024 erit
893 1983 942 2024 de
972 1984 1086 2024 utero
1118 1983 1210 2033 tuo,
1243 1982 1284 2023 et
1304 1981 1455 2035 parabo
1477 1993 1653 2035 regnum

284 2106 306 2142 7
333 2107 389 2141 Es.
405 2107 459 2147 61,
478 2107 520 2141 12
538 2118 587 2151 sq.
663 2108 708 2143 11
730 2108 810 2142 Luc.
834 2109 930 2148 1,.35.
1005 2108 1047 2141 14
1072 2108 1089 2142 1
1103 2108 1177 2142 Cor.
1195 2107 1249 2148 15,
1261 2107 1308 2143 47
1324 2118 1373 2151 sq.
1446 2106 1492 2140 20
1508 2107 1542 2139 ΙΙ
1560 2106 1650 2140 Sam.

147 2164 178 2203 7,
202 2164 233 2197 4.
261 2164 291 2198 5.
319 2164 454 2198 12-14
479 2166 514 2198 et
541 2166 593 2198 16.

226 2278 244 2313 1
272 2279 355 2323 gog]
373 2289 459 2323 gens
478 2278 513 2312 B
607 2280 723 2324 ipsum
741 2281 902 2324 regnum]
929 2291 1075 2324 regnum
1100 2279 1211 2324 ipsius
1230 2291 1250 2314 v
1358 2278 1478 2313 eduxit
1502 2277 1586 2313 deus
1603 2277 1653 2321 (ct

147 2339 227 2378 om.)
248 2336 283 2370 B
400 2336 539 2371 seduxit
556 2337 608 2379 A,
633 2337 735 2371 duxit
753 2338 788 2372 L
918 2339 939 2372 2
965 2338 1113 2372 claritus
1128 2338 1162 2371 A
1280 2337 1323 2382 ci]
1354 2337 1429 2371 cius
1455 2336 1519 2377 M,
1546 2338 1581 2370 et
1606 2336 1652 2373 B.

148 2404 213 2427 om.
229 2394 264 2428 A
347 2394 438 2439 edet]
459 2394 533 2429 edei
552 2395 586 2428 A
674 2396 697 2431 3
723 2395 982 2439 grassitudincs
1000 2395 1118 2430 ALM
1204 2394 1336 2438 corum]
1356 2394 1499 2428 illorum
1518 2393 1584 2428 Mv

147 2451 302 2485 ballistis
327 2452 360 2486 L
453 2452 477 2488 4
503 2452 654 2497 configet
684 2453 735 2493 L,
760 2454 918 2497 consigct
936 2453 985 2493 A,
1011 2452 1170 2487 conficiet
1199 2452 1248 2493 B,
1282 2451 1481 2496 confringet
1510 2451 1558 2484 M
1568 2454 1651 2494 post

150 2518 218 2542 ras,
292 2508 460 2543 secubans
473 2511 524 2550 A,
543 2510 747 2544 recumbens
767 2510 880 2545 Onon.
954 2510 1069 2554 quasi]
1089 2510 1182 2544 sicut
1200 2509 1248 2543 M
1314 2509 1338 2547 5
1363 2509 1456 2553 quis]
1475 2509 1535 2552 qui
1549 2508 1584 2542 A

148 2566 336 2600 sus-citauit
354 2567 411 2601 Μ·
493 2567 702 2603 benedicent
719 2569 801 2603 ΜΒ
870 2571 906 2603 tc
924 2580 968 2604 e.c
985 2570 1020 2602 ct
1038 2569 1072 2603 L
1141 2567 1333 2602 bencdic÷ti
1350 2568 1397 2601 M
1465 2566 1487 2603 8
1506 2566 1653 2600 malcdi-

148 2626 227 2657 cent
244 2623 326 2658 MR
398 2624 419 2660 7
446 2613 638 2660 (ΪῖίᾶῖἷΒ
709 2626 731 2662 9
759 2626 873 2660 uisum
893 2628 1078 2661 restituere
1096 2625 1131 2660 A
1204 2615 1276 2661 (1ιῖ
1290 2626 1338 2660 Μ
1428 2625 1470 2658 10
1494 2625 1530 2658 in
1547 2634 1653 2657 euan-

148 2681 240 2724 gelio
258 2692 322 2715 om.
344 2681 394 2721 B,
419 2683 455 2716 in
472 2683 655 2727 cuangclio
672 2685 751 2717 cata
769 2683 896 2718 Lucam
919 2696 952 2725 v,
978 2684 1115 2728 gabriel
1132 2686 1168 2719 in
1186 2695 1309 2728 euang.
1329 2683 1377 2718 M
1446 2683 1484 2716 11
1513 2691 1653 2725 respon-

148 2738 201 2772 dit
220 2738 255 2772 Β
349 2740 392 2772 12
415 2739 642 2774 obumbrauit
660 2741 710 2781 L,
737 2742 957 2776 inumbrabit
976 2743 1035 2783 M,
1062 2742 1252 2777 obumbrac
1270 2742 1305 2776 A
1398 2743 1433 2774 tc
1458 2751 1523 2774 om.
1550 2739 1583 2773 A

149 2795 232 2838 quia
250 2798 393 2839 propter
413 2797 448 2830 A
543 2798 584 2832 13
609 2800 773 2833 nascetur
791 2810 830 2833 cx
849 2802 884 2833 tc
903 2800 949 2834 M
967 2811 985 2834 υ
1083 2800 1127 2836 14
1153 2800 1265 2844 prima
1282 2799 1406 2840 «MR,
1434 2799 1546 2843 priore
1567 2810 1584 2833 υ

153 2853 194 2886 15
218 2852 259 2886 dc
278 2854 379 2895 (ante
396 2853 509 2898 lim0)1
528 2865 545 2888 c
564 2855 635 2888 LB
649 2860 681 2890 et
696 2856 743 2890 M
754 2868 779 2890 s.
800 2857 820 2891 l.
894 2857 978 2891 talis
996 2858 1029 2892 L
1102 2858 1143 2891 17
1164 2856 1388 2901 portabimus
1405 2857 1436 2890 A
1531 2856 1577 2890 20
1602 2866 1654 2889 rc·

152 2919 301 2954 gnorum
317 2910 361 2950 A,
389 2909 538 2945 basilion
558 2912 699 2947 LMRv
770 2913 921 2948 secunda
941 2914 990 2949 L·
1020 2926 1023 2931 ’
1061 2914 1207 2948 natham
1229 2914 1261 2947 A
