1912 3152
650 200 827 234 Testim.
854 199 923 241 ΙΙΙ,
948 200 1098 235 27-30.
1553 201 1634 243 143

119 317 261 348 seruus
296 304 459 345 domino
495 316 579 345 suo.
609 303 645 344 si
681 315 748 344 me
781 302 983 356 persecuti
1013 303 1129 354 sunt,
1162 304 1204 345 et
1223 315 1296 345 uos
1316 305 1621 358 persequentur.

123 373 266 431 [Item
286 373 337 414 in
357 372 578 414 Baruch:
609 372 757 413 Veniet
779 372 890 414 enim
911 372 1095 424 tempus,
1117 373 1158 413 et
1178 373 1384 425 quaeretis
1404 387 1471 416 me
1491 374 1533 416 et
1552 385 1625 415 uos

119 443 160 484 et
180 442 251 495 qui
271 442 363 495 post
383 453 455 483 uos
476 441 683 491 uenerint,
713 440 854 482 audire
875 440 1048 482 uerbum
1069 440 1294 494 sapientiae
1315 443 1358 483 et
1378 442 1624 492 intellectus,

119 511 160 553 et
179 522 258 552 non
279 509 510 551 inuenietis,
532 510 717 551 nationes
737 509 879 550 autem
900 509 1066 562 cupient
1086 509 1225 551 uidere
1254 510 1479 563 sapientem
1509 523 1628 564 prae-

74 589 90 614 5
120 579 344 628 dicantem,
377 579 418 620 et
452 590 531 620 non
564 579 753 633 obtinget
789 578 867 620 eis:
915 590 994 619 non
1015 579 1111 631 quia
1132 579 1264 620 deerit
1285 579 1358 620 aut
1378 579 1539 621 deficiet
1559 591 1625 620 sa-

119 648 276 701 pientia
296 647 418 688 huius
440 647 592 689 saeculi
614 648 757 697 terrae,
780 646 852 688 sed
872 659 1002 699 neque
1023 647 1155 688 deerit
1175 659 1307 689 sermo
1329 647 1433 702 legis
1453 648 1626 690 saecu10.

122 716 200 758 erit
222 716 331 758 enim
353 715 554 769 sapientia
575 715 617 757 in
639 715 779 768 paucis
799 715 1072 770 uigilantibus
1094 717 1136 757 et
1158 716 1377 758 taciturnis
1399 717 1441 758 et
1461 716 1627 769 quietis,

121 784 201 827 sibi
237 784 546 826 confabulantes
574 786 616 826 et
645 784 688 825 in
721 784 910 826 cordibus
932 784 1017 825 suis
1038 784 1300 835 meditanteS‚
1323 784 1515 838 quoniam
1537 784 1630 838 qui-

121 853 215 895 dam
243 865 308 894 eos
338 853 560 894 horrebunt
582 854 623 894 et
643 852 852 895 timebunt
871 853 919 894 ut
939 853 1091 895 malos:
1114 853 1187 895 alii
1208 854 1348 894 autem
1367 865 1442 895 nec
1461 853 1632 895 credunt

78 939 110 964 ιο
123 922 245 963 uerbo
267 921 371 977 legis
393 921 609 963 altissimi:
632 921 704 962 alii
725 922 864 963 autem
885 933 953 963 ore
974 922 1185 975 stupentes
1206 933 1286 963 non
1307 921 1472 963 credent
1489 922 1530 963 et
1546 933 1633 963 cre-

123 991 314 1032 dentibus
347 990 466 1031 erunt
496 990 689 1032 contrarii
726 992 768 1032 et
803 991 1058 1044 inpedientes
1094 991 1287 1044 spiritum
1324 991 1526 1032 ueritatis.
1558 990 1632 1032 alii

123 1061 261 1101 autem
283 1059 402 1100 erunt
423 1058 626 1112 sapientes
648 1059 700 1100 ad
722 1059 914 1113 spiritum
939 1060 1087 1101 erroris
1107 1061 1148 1101 et
1184 1060 1496 1113 pronuntiantes
1524 1060 1633 1101 sicut

123 1128 319 1170 altissimi
341 1129 382 1169 et
403 1127 523 1168 fortis
540 1126 686 1168 edicta.
718 1127 792 1168 alii
814 1129 955 1169 autem
977 1128 1208 1182 personales
1230 1128 1338 1170 fidei.
1370 1129 1443 1171 alii
1464 1141 1631 1182 capaces

122 1197 163 1238 et
184 1196 308 1238 fortes
331 1196 373 1238 in
394 1195 473 1237 fide
494 1195 690 1238 altissimi
711 1197 752 1237 et
775 1196 947 1238 odibiles
969 1195 1130 1253 alieno]

79 1308 110 1332 15
335 1286 467 1338 QVOD
499 1298 604 1337 QVIS
634 1299 726 1329 DEO
758 1300 960 1330 VOVERIT
991 1300 1096 1330 CITO
1128 1301 1428 1330 REDDENDVM.

181 1368 326 1422 Apud
357 1367 698 1410 Salomonem:
746 1368 878 1411 Prout
909 1369 1070 1411 noueris
1093 1369 1238 1411 uotum
1266 1369 1372 1419 Deo,
1405 1381 1454 1410 ne
1476 1381 1634 1411 moram
1648 1365 1701 1406 3⁰

124 1437 266 1479 feceris
288 1437 456 1479 reddere
478 1437 595 1479 illud.
638 1438 776 1480 Item
808 1438 856 1480 in
887 1438 1302 1480 Deuteronomio:
1336 1437 1379 1479 Si
1399 1440 1539 1480 autem
1560 1449 1634 1479 uo-

124 1507 233 1549 ueris
264 1508 409 1548 uotum
438 1507 616 1549 Domino
646 1508 732 1549 Deo
753 1509 844 1558 tuo,
876 1519 955 1549 non
976 1507 1160 1549 tardabis
1187 1507 1355 1548 reddere
1383 1507 1508 1549 illud:
1541 1507 1637 1560 quia

125 1576 333 1630 inquirens
355 1575 535 1629 requiret
557 1576 664 1617 illud
686 1576 885 1619 Dominus
907 1577 1018 1617 Deus
1047 1577 1144 1617 tuus
1174 1589 1197 1617 a
1227 1577 1289 1626 te,
1320 1577 1361 1618 et
1382 1576 1460 1617 erit
1480 1576 1523 1618 in
1542 1589 1637 1630 pec-

78 1653 113 1679 20
127 1646 278 1687 catum.
313 1658 359 1687 ea
394 1658 497 1698 quae
533 1646 795 1699 egredientur
829 1659 900 1698 per
936 1645 1047 1687 labia
1085 1646 1158 1686 tua
1194 1645 1430 1687 obseruabis
1452 1646 1493 1686 et
1515 1645 1638 1687 facies

125 1714 277 1756 donum
299 1714 406 1767 quod
422 1714 583 1756 locutus
600 1727 640 1756 es
657 1726 725 1756 ore
746 1715 828 1755 tuo.
867 1715 996 1756 Item
1017 1714 1068 1755 in
1090 1714 1288 1767 psalmo
1303 1714 1528 1755 XLVIIII:
1550 1713 1637 1756 Im-

125 1782 235 1824 mola
262 1782 347 1824 Deo
376 1782 621 1824 sacrificium
643 1783 777 1824 laudis
806 1783 847 1823 et
868 1783 990 1824 redde
1012 1782 1218 1824 altissimo
1241 1784 1338 1824 uota
1358 1783 1443 1824 tua.
1491 1783 1638 1824 inuoca

126 1863 192 1892 me
228 1850 270 1892 in
308 1851 373 1892 die
409 1851 691 1892 tribulationis
727 1852 822 1892 tuae
859 1851 900 1892 et
934 1851 1107 1904 eripiam
1142 1852 1182 1892 te
1214 1852 1255 1893 et
1283 1851 1534 1906 glorificabis
1556 1864 1635 1893 me.

266 1964 283 1997 1
311 1964 390 1998 Bar.
407 1963 425 1997 Ῥ
439 1964 456 1998 ’ἓ
575 1965 619 1998 16
643 1964 734 1998 Eccl.
752 1964 783 2004 5,
802 1964 834 1997 3.
954 1964 995 1998 17
1022 1965 1126 1998 Deut.
1144 1965 1199 2005 23,
1218 1964 1264 1998 22
1281 1966 1317 1998 et
1333 1965 1388 1999 24.
1509 1964 1555 1998 21
1579 1964 1637 1999 Ps.

127 2020 182 2061 49,
202 2020 246 2055 14
263 2031 314 2064 sq.

199 2128 214 2158 l
243 2134 364 2158 seruus
382 2123 495 2158 maior
513 2124 549 2158 Β
653 2115 722 2158 dno
739 2135 802 2159 suo
820 2135 943 2158 seruus
957 2125 1007 2159 M
1108 2124 1130 2158 2
1155 2124 1257 2159 item.
1276 2153 1281 2158 .
1297 2125 1335 2159 .l.
1350 2128 1394 2159 14
1409 2125 1525 2159 alieno
1541 2125 1639 2159 solus

128 2180 269 2215 exhibet
287 2182 351 2222 W;
379 2192 421 2215 ea
438 2192 504 2215 nec
527 2181 780 2216 inueniuntur
802 2183 844 2216 in
867 2183 1077 2225 scripturae
1105 2186 1257 2216 sanctae
1287 2184 1484 2227 archetypo
1509 2194 1576 2218 ‘nec
1598 2183 1640 2217 in

128 2238 298 2273 uer-sione
315 2249 451 2283 yraeca
532 2239 660 2273 barach
681 2240 731 2275 W
821 2240 843 2273 3
868 2240 1045 2284 uenerint]
1065 2239 1199 2273 fuerint
1215 2251 1236 2274 v
1329 2240 1352 2274 4
1375 2240 1640 2284 praedicantem

129 2305 193 2330 mn.
210 2307 229 2330 υ
299 2296 322 2330 5
347 2296 532 2340 continget
550 2308 570 2331 v
641 2297 663 2331 8
688 2298 724 2331 et
742 2297 779 2330 in
798 2296 965 2331 cordibus
983 2297 1056 2330 suis
1078 2296 1293 2331 meditantes
1311 2308 1374 2331 om.
1396 2309 1416 2332 v
1487 2298 1508 2331 9
1526 2298 1579 2343 ut]
1600 2299 1641 2331 ut

130 2352 276 2386 mebunt
293 2355 333 2387 ut
353 2354 403 2388 W
488 2354 532 2387 10
556 2353 715 2399 credent]
734 2354 880 2388 credunt
900 2355 949 2389 W
1030 2353 1270 2398 credentibus]
1288 2354 1431 2388 credent
1449 2357 1486 2389 et
1502 2357 1641 2389 contra-

130 2408 287 2444 dicentes
305 2422 326 2445 v
402 2411 441 2445 12
466 2413 568 2445 erant
586 2412 648 2447 W*
732 2412 775 2446 15
800 2412 941 2446 nouerit
957 2411 1020 2445 deo
1037 2412 1088 2446 M
1169 2411 1252 2456 cito]
1271 2413 1387 2446 totum
1405 2413 1440 2446 A
1512 2412 1555 2446 16
1579 2411 1641 2446 deo

131 2468 253 2501 uotum
277 2468 361 2503 WB
430 2478 528 2502 mora
543 2468 578 2502 Β
662 2468 703 2502 17
730 2469 816 2502 item
836 2469 973 2509 ABM,
998 2468 1039 2502 de
1056 2468 1121 2502 hoc
1139 2468 1216 2512 ipso
1240 2469 1324 2503 WL
1406 2469 1450 2514 si]
1471 2469 1520 2504 sic
1539 2469 1574 2503 A

134 2524 177 2558 18
201 2523 343 2558 domino
360 2535 423 2559 om.
439 2526 514 2559 AB
584 2525 627 2559 19
652 2525 811 2569 inquires
829 2527 895 2561 W·
965 2526 1123 2570 requiret
1139 2526 1191 2566 A,
1217 2527 1365 2569 quaeret
1383 2526 1574 2561 WLMBv

131 2582 237 2614 erunt
254 2582 294 2622 A,
314 2582 406 2616 erint
420 2583 469 2617 W
482 2582 688 2627 (leyendum
704 2584 883 2626 sorta-sse.-
902 2585 939 2618 et
955 2585 1060 2617 erunt
1078 2583 1113 2616 in
1131 2585 1314 2627 peecatum
1333 2594 1374 2617 ea
1392 2594 1481 2627 quae
1495 2585 1574 2628 ecc.)

133 2637 202 2671 tibi
221 2638 258 2671 in
272 2639 322 2673 W
389 2639 435 2673 20
459 2650 500 2673 ea
517 2640 619 2685 quae]
639 2642 674 2674 et
692 2651 712 2675 a
729 2651 796 2685 que
815 2642 865 2676 W
931 2642 975 2675 21
1001 2652 1056 2675 es*
1073 2641 1108 2675 L
1179 2651 1219 2674 ex
1237 2651 1295 2674 ore
1313 2641 1379 2681 M,
1406 2640 1447 2675 de
1463 2652 1521 2675 ore
1541 2642 1576 2675 Β

133 2694 306 2729 XLVIIII
324 2696 477 2738 AWL2,
492 2697 647 2731 XLVIII
663 2698 797 2732 MBL¹
870 2698 1067 2738 immolaA,
1082 2697 1241 2731 sacrifica
1254 2698 1445 2732 WLMBv
1506 2698 1551 2732 22
1569 2698 1644 2732 lau-

135 2751 189 2785 dis
208 2762 271 2786 om.
291 2752 327 2786 A
398 2753 570 2788 altissimi
592 2754 640 2788 W
705 2754 750 2788 23
775 2754 1021 2789 tribulationis
1038 2758 1121 2789 tuae
1140 2756 1368 2798 A‚pressurae
1389 2755 1576 2790 WLMBv

134 2808 284 2853 eripiam
302 2810 354 2850 A,
382 2810 532 2845 eximam
555 2811 746 2847 WLMBv
817 2814 853 2846 te
877 2823 941 2849 om.
962 2813 998 2847 B
1069 2811 1283 2846 clarificabis
1303 2812 1493 2847 WLMBv
