1912 3152
548 254 665 299 Quod
689 255 809 290 idola
832 253 901 289 dii
924 262 1005 287 non
1030 253 1123 288 sint
1148 263 1174 288 c.
1201 253 1309 290 4—6.
1622 254 1679 297 23

170 360 218 402 ut
236 371 429 414 regnum:
460 358 567 401 filios
588 357 783 400 interficit
802 357 979 407 BrutuS‚
1021 358 1068 398 ut
1098 358 1252 399 crescat
1282 356 1331 398 de
1362 355 1559 411 suffragio
1590 369 1679 399 sce-

167 427 264 470 leris
280 427 578 469 commendatio
596 426 825 482 dignitatis.
857 439 937 469 non
953 438 1048 481 ergo
1070 425 1120 467 de
1140 425 1409 480 religionibus
1431 425 1584 468 sanctis
1606 437 1680 468 nec

168 495 218 537 de
238 495 431 549 auspiciis
453 497 526 538 aut
545 496 729 551 auguriis
750 496 935 538 Romana
955 507 1081 549 regna
1101 495 1338 544 creuerunt,
1371 494 1441 536 sed
1462 494 1680 547 acceptum

169 565 331 618 tempus
353 566 462 607 certo
484 564 563 607 fine
583 565 832 607 custodiunt.
876 566 1057 607 ceterum
1089 564 1131 605 et
1159 563 1345 617 Regulus
1376 562 1561 616 auspicia
1592 574 1680 604 ser-

122 650 138 675 5
168 632 286 674 uauit
306 633 347 674 et
369 634 512 686 captus
541 635 616 685 est,
649 635 691 676 et
710 633 926 676 Mancinus
948 632 1189 687 religionem
1216 631 1352 673 tenuit
1372 631 1414 672 et
1434 630 1509 672 sub
1531 630 1680 684 iugum

168 701 318 743 missus
351 703 433 743 est:
465 702 599 756 pullos
631 702 772 745 edaces
802 702 949 744 habuit
978 701 1136 743 Paulus
1165 701 1207 742 et
1228 700 1338 754 apud
1359 698 1516 741 Cannas
1536 699 1680 740 tamen

170 782 308 812 caesus
331 771 405 821 est,
438 769 568 812 Gaius
590 770 756 823 Caesar,
788 784 839 813 ne
870 771 964 813 ante
994 770 1187 811 brumam
1218 769 1262 810 in
1290 767 1479 810 Africam
1508 767 1679 821 nauigia

167 839 487 890 transmitteret,
519 840 703 894 auguriis
736 842 777 882 et
808 839 1001 893 auspiciis
1031 837 1306 880 retinentibus
1338 836 1514 890 spreuit:
1545 848 1591 877 60
1613 834 1677 877 fa-

169 907 288 950 cilius
309 908 351 949 et
370 908 588 963 nauigauit
608 910 650 950 et
670 908 783 950 uicit.

122 998 156 1023 10
224 977 384 1018 Horum
405 978 542 1019 autem
571 977 755 1019 omnium
775 977 880 1019 ratio
902 977 963 1019 est
984 976 1076 1026 illa,
1107 988 1210 1030 quae
1240 974 1352 1017 fallit
1381 975 1422 1016 et
1451 973 1604 1027 decipit
1635 970 1716 1015 61ῑὸ

167 1045 403 1100 praestigiis
424 1046 683 1087 caecantibus
704 1047 925 1088 ueritatem
946 1045 1124 1087 stultum
1145 1046 1187 1086 et
1206 1044 1426 1098 prodigum
1443 1042 1595 1098 uulgus
1612 1042 1677 1084 in-

168 1114 294 1155 ducit.
327 1114 496 1167 spiritus
527 1115 624 1156 sunt
660 1115 851 1156 insinceri
883 1115 924 1156 et
954 1113 1070 1168 uagi,
1103 1113 1174 1166 qui
1203 1113 1471 1167 posteaquam
1506 1110 1679 1153 terrenis

168 1183 285 1224 uitiis
319 1183 486 1224 inmersi
516 1184 614 1225 sunt
643 1185 684 1225 et
714 1197 738 1226 a
768 1184 909 1239 uigore
940 1182 1107 1225 caelesti
1138 1182 1297 1223 terreno
1329 1180 1515 1235 contagio
1546 1191 1679 1221 reces-

169 1252 327 1302 serunt,
360 1263 440 1293 non
460 1251 652 1293 desinunt
680 1252 832 1306 perditi
861 1251 1028 1306 perdere
1058 1252 1100 1293 et
1132 1250 1346 1304 deprauati
1376 1261 1554 1292 errorem
1585 1260 1680 1302 pra-

123 1320 315 1363 unitatis
351 1320 576 1363 infundere.
628 1321 701 1362 hos
732 1322 774 1363 et
811 1322 953 1375 poetae
985 1321 1202 1363 daemonas
1235 1319 1385 1361 norunt
1423 1319 1464 1360 et
1494 1317 1683 1360 Socrates

169 1389 318 1430 instrui
350 1401 391 1430 se
422 1390 463 1430 et
492 1389 580 1444 regi
613 1390 663 1433 ad
693 1390 912 1432 arbitrium
934 1388 1137 1432 daemonii
1168 1389 1451 1443 praedicabat,
1484 1389 1525 1430 et
1545 1386 1682 1442 magis

240 1514 257 1547 1
285 1513 465 1548 interfecit
479 1514 545 1550 C'B
614 1515 668 1559 de]
687 1514 771 1549 dum
785 1514 821 1548 Β
891 1514 915 1550 2
941 1513 1196 1548 commendatio
1213 1514 1268 1547 est
1285 1512 1322 1547 Β
1392 1512 1415 1549 3
1441 1513 1504 1546 aut
1520 1511 1563 1546 de
1578 1512 1611 1545 B

171 1570 195 1606 4
220 1572 355 1605 certum
388 1572 431 1606 0¹
532 1572 556 1609 5
582 1573 706 1616 captus
736 1573 792 1606 est
820 1573 856 1606 et
884 1571 1001 1605 uictus
1026 1571 1161 1614 recepit
1189 1581 1233 1605 ex
1261 1569 1380 1605 codice
1407 1569 1578 1604 Fuaeensi
1607 1569 1684 1603 Ba-

171 1627 290 1662 luzius
400 1629 484 1673 iugo
508 1629 538 1664 0
628 1629 651 1665 6
677 1630 732 1663 est
749 1630 784 1663 et
807 1629 837 1663 Ο
935 1629 1051 1673 pullos
1070 1628 1204 1672 edaces]
1222 1628 1350 1673 Apollo
1370 1627 1510 1662 sedaces
1527 1628 1564 1661 et
1580 1626 1618 1661 Β

170 1684 304 1719 Paulus
321 1685 451 1720 habuit
467 1697 488 1720 v
572 1688 693 1720 tamen
710 1697 774 1721 om.
801 1686 865 1722 CB
935 1686 958 1722 7
985 1697 1155 1720 uncesus
1176 1686 1205 1721 G
1290 1685 1402 1719 africa
1418 1685 1455 1719 P
1523 1684 1684 1729 nauigia]

172 1744 283 1776 nauta
307 1743 350 1784 C,
375 1743 519 1788 nauigio
538 1745 628 1778 coni.
656 1744 836 1779 Cauchius
906 1743 930 1780 8
955 1743 1195 1778 retinentibus
1216 1742 1378 1784 CLMP,
1413 1741 1617 1777 retinendas
1635 1741 1681 1786 B,

171 1800 410 1835 renitentibus
426 1811 448 1835 υ
460 1814 504 1831 =
517 1801 557 1835 F
569 1803 633 1845 26,
652 1803 675 1836 4
761 1805 848 1836 ante
865 1812 905 1835 eo
922 1801 1006 1836 add.
1026 1803 1062 1835 et
1078 1801 1120 1835 in
1137 1800 1186 1834 M
1198 1802 1233 1835 2.
1251 1811 1303 1842 m3
1330 1801 1375 1843 cf.
1394 1800 1435 1834 F
1447 1802 1510 1843 26,
1529 1802 1573 1834 3.·
1601 1799 1687 1844 quid

172 1856 356 1901 Regulus?
374 1869 486 1892 nonne
500 1858 651 1903 auguria
665 1859 825 1893 seruauit
842 1860 879 1893 et
895 1860 1021 1903 captus
1038 1860 1120 1893 est?
1141 1857 1327 1893 Mancinus
1340 1857 1552 1902 religionem
1566 1857 1687 1891 tenuit

172 1916 209 1948 et
227 1914 291 1949 sub
309 1915 432 1959 iugum
449 1916 578 1950 missus
596 1918 651 1950 est
668 1918 704 1951 et
721 1916 881 1960 deditus,
922 1916 1039 1961 pullos
1057 1915 1178 1951 edaces
1196 1914 1324 1950 habuit
1351 1916 1387 1949 et
1404 1914 1536 1949 Paulus
1547 1941 1555 1956 ‚
1598 1916 1686 1959 aput

174 1971 312 2007 Cannas
338 1974 457 2007 tamen
490 1984 569 2007 cuin
596 1973 728 2008 maiore
759 1974 881 2018 populi
917 1974 1067 2008 Romani
1103 1975 1206 2018 parte
1234 1974 1435 2018 prostratus
1467 1973 1531 2006 est.
1573 1971 1685 2007 Gaius

174 2028 318 2070 Caesar,
345 2041 387 2063 ne
418 2031 500 2064 ante
529 2030 691 2065 brumam
721 2030 758 2065 in
789 2030 947 2065 Africam
976 2030 1125 2076 nauigia
1152 2030 1434 2071 transmitteret,
1463 2028 1625 2074 auguriis
1650 2030 1687 2064 et

176 2087 346 2132 auspiciis
363 2088 613 2130 renitentibus,
634 2089 786 2134 spreuit:
806 2100 845 2123 eo
863 2089 1005 2123 facilius
1022 2090 1058 2123 et
1075 2088 1266 2133 nauigauit
1282 2090 1319 2123 et
1334 2088 1425 2122 uicit
1490 2087 1542 2123 10
1559 2087 1686 2122 horum

175 2155 219 2179 ex
234 2144 357 2178 horam
379 2145 461 2179 Cm.
481 2148 507 2180 2
577 2146 716 2191 decepit
738 2147 780 2182 0¹
873 2147 919 2182 11
946 2146 1170 2181 cercantibus
1193 2146 1223 2182 C
1291 2146 1482 2180 ueritatem
1500 2156 1564 2179 om.
1590 2144 1619 2179 O

175 2202 360 2247 prodigum
386 2203 579 2246 LPM¹B‚
606 2204 781 2239 crudelem
818 2205 861 2247 C,
894 2204 1074 2239 credulum
1099 2216 1119 2239 v
1143 2208 1177 2239 et
1202 2204 1249 2239 M
1266 2215 1292 2239 s.
1319 2205 1339 2238 l.
1366 2215 1410 2238 m.
1436 2205 1478 2245 23
1505 2202 1687 2248 proditum

176 2261 269 2297 coni.
303 2261 444 2302 Boutta,
470 2261 648 2306 perditum
677 2262 883 2308 Riqaltius,
910 2262 1149 2307 improuidum
1173 2262 1355 2306 Wopkens
1384 2262 1460 2296 lect.
1490 2261 1688 2296 Tullianae

169 2328 209 2361 p.
228 2319 319 2360 142,·
345 2319 390 2360 ef.
411 2322 532 2353 tamen
554 2319 662 2364 Cypr.
682 2319 727 2354 de
744 2331 851 2364 opere
869 2324 902 2355 et
922 2321 1154 2365 eleemosynis
1171 2331 1198 2354 c.
1217 2322 1264 2354 16
1276 2332 1283 2354 :
1309 2320 1435 2354 cuncta
1449 2345 1456 2353 .
1481 2345 1489 2353 .
1502 2345 1509 2353 .
1536 2318 1687 2363 prodiga

176 2375 212 2408 et
243 2374 357 2409 stulta
385 2375 610 2420 uoluptatum
640 2376 891 2412 frustrantium
921 2377 1082 2411 uanitate
1100 2377 1293 2422 depereunt
1380 2376 1531 2420 inducit]
1552 2375 1686 2411 inludit

175 2434 264 2468 coni.
281 2433 403 2468 Vonck
419 2434 440 2468 l.
460 2444 487 2468 c.
501 2445 539 2478 p.
561 2436 606 2469 73
702 2435 750 2471 12
768 2435 917 2479 spiritus
932 2437 1015 2469 sunt
1032 2435 1093 2478 Cv,
1118 2446 1145 2469 s.
1161 2435 1182 2469 l.
1197 2446 1239 2469 m.
1255 2437 1281 2469 2
1294 2435 1342 2469 Μ
1346 2448 1359 2477 ;
1390 2435 1473 2469 sunt
1487 2445 1552 2468 om.
1567 2433 1684 2472 LPB,

169 2494 254 2534 post
271 2490 353 2535 uagi
367 2491 475 2534 ponit
498 2491 529 2525 V
553 2492 614 2535 (cf.
633 2491 674 2526 F
685 2494 747 2533 26,
767 2495 808 2527 7:
840 2492 988 2537 spiritus
1009 2494 1092 2526 sunt
1109 2492 1277 2527 insinceri
1286 2518 1367 2527 .....
1395 2492 1458 2526 isti
1475 2491 1590 2536 igitur
1616 2491 1687 2535 spi-

175 2547 286 2588 ritus,
303 2549 533 2592 posteaquam
551 2550 632 2593 etc.)
706 2550 754 2586 13
772 2549 937 2584 caelestis
960 2549 990 2584 C
1060 2549 1110 2586 14
1132 2549 1265 2594 perditi
1283 2561 1347 2584 om.
1366 2549 1589 2590 Gronouius,
1608 2559 1687 2593 per·

175 2604 245 2638 diti
274 2605 345 2639 iam
373 2605 413 2639 F
496 2607 544 2643 15
567 2608 668 2651 poete
692 2607 791 2648 CM‘,
817 2609 938 2651 poetas
968 2607 1017 2642 M
1021 2610 1044 2648 ¹,
1076 2609 1180 2651 poeta
1197 2608 1230 2640 B
1315 2607 1483 2642 demonas
1507 2607 1620 2642 CMP

180 2661 227 2698 16
245 2661 375 2696 instrui
392 2674 428 2696 se
445 2664 482 2697 et
499 2663 587 2707 regi]
606 2663 774 2698 introisse
791 2664 890 2709 regia
909 2665 940 2697 B
1003 2664 1179 2699 daemonii
1192 2665 1334 2708 scripsi,
1352 2664 1548 2699 daemoniis
1558 2663 1642 2698 LM
1643 2664 1684 2705 B,

176 2718 356 2753 daemonis
379 2719 484 2763 CPv;
523 2721 570 2763 cs.
594 2721 743 2755 Tertull.
762 2721 913 2766 Apoloy.
932 2721 1012 2756 adv.
1031 2732 1062 2767 9.
1083 2733 1109 2756 c.
1129 2723 1198 2763 22,
1226 2725 1318 2756 405.·
1356 2721 1481 2756 Sciunt
1497 2720 1686 2755 daemonas

176 2775 380 2820 philosophi
407 2776 548 2812 Socrate
572 2777 649 2822 ipso
674 2778 717 2812 ad
741 2778 919 2813 daemonii
950 2778 1140 2813 arbitrium
1171 2780 1414 2830 erspectante,
1440 2778 1481 2813 F
1493 2780 1556 2823 26,
1574 2781 1615 2813 9:
1642 2779 1687 2814 ad

178 2834 304 2867 nutum
319 2834 356 2867 et
372 2832 562 2869 arbitrium
576 2834 772 2869 adsidentis
790 2835 860 2870 sibi
874 2835 1063 2870 daemonis.
