1912 3152
711 237 889 273 Testim.
915 236 963 278 II,
990 236 1097 273 6—7.
1602 237 1652 278 71

152 342 255 384 mihi
277 342 399 385 filius.
432 343 561 384 Item
592 342 641 383 in
671 340 864 395 psalmo
895 339 1094 381 LXXXI:
1117 339 1227 381 Deus
1249 339 1367 381 stetit
1386 339 1429 381 in
1450 350 1659 394 synagoga

153 411 339 462 deorum,
362 411 404 453 in
425 411 558 453 medio
579 411 719 452 autem
740 410 835 452 deos
856 409 1098 450 discernens.
1123 408 1252 450 Item
1272 407 1410 449 illic:
1442 408 1530 463 Ego
1550 407 1655 448 dixi:

154 479 211 520 dii
233 480 332 521 estis
355 481 396 521 et
416 479 492 521 filii
514 479 660 521 excelsi
691 490 851 528 omnes,
883 489 955 519 1103
986 478 1125 519 autem
1156 477 1264 518 sicut
1293 476 1476 518 homines
1507 475 1656 517 morie-

154 547 269 589 mini.
317 548 510 600 Quodsi
542 547 673 589 iusti
705 547 791 600 qui
823 546 1024 588 fuerint
1055 547 1103 587 et
1133 545 1426 598 praeceptis
1456 545 1656 586 diuinis

107 629 121 652 ⁵
153 615 651 669 obtemperauerint,
703 615 775 657 dii
824 615 927 657 dici
972 615 1212 668 possunt,
1263 614 1454 667 quanto
1491 613 1657 667 magis

154 682 394 725 Christus
424 685 556 726 Deus
579 685 669 726 Dei
700 683 875 725 filius:
907 684 1043 725 sicut
1074 683 1182 735 ipse
1213 683 1264 723 in
1295 681 1564 735 euangelio
1586 694 1657 723 se-

154 752 369 794 cundum
401 753 421 793 Ι
434 753 700 795 ohannem:
733 752 825 793 Non
846 752 908 793 est
929 751 1128 805 scriptum
1158 751 1200 792 in
1221 751 1310 805 lege
1325 783 1334 801 ,
1366 750 1559 804 quoniam
1582 762 1656 804 ego

154 821 259 862 dixi:
293 821 349 862 dii
372 822 501 863 estis?
523 822 557 863 si
579 821 671 863 illos
694 821 798 862 dixit
819 820 926 870 deos,
949 822 990 861 et
1010 832 1089 861 non
1109 820 1244 872 potest
1266 819 1389 870 solui,
1413 819 1520 873 quod
1541 820 1658 872 pater

153 891 426 933 sanctificauit
459 892 499 933 et
529 891 646 932 misit
677 891 718 931 in
749 890 978 939 saeculum,
1026 901 1098 931 uos
1130 889 1288 939 dicitis,
1321 889 1512 942 quoniam
1545 888 1658 929 blas-

107 973 140 997 10
153 959 338 1012 phemat,
371 959 467 1013 quia
488 960 592 1001 dixi:
624 959 734 1000 filius
755 959 832 1001 Dei
854 971 958 1000 sum.
991 958 1026 1000 si
1047 970 1126 999 non
1147 957 1251 999 facio
1274 957 1382 999 facta
1410 957 1554 1010 patriS,
1585 968 1658 997 no-

153 1027 226 1068 lite
249 1028 350 1070 mihi
372 1028 551 1070 credere:
584 1028 654 1069 sed
676 1028 710 1068 si
732 1027 835 1069 facio
867 1028 907 1069 et
936 1027 1040 1068 mihi
1062 1038 1142 1068 non
1163 1026 1292 1068 uultis
1314 1025 1473 1068 credere
1487 1058 1496 1076 ,
1537 1024 1659 1066 factis

153 1096 305 1138 credite
333 1098 374 1137 et
402 1096 652 1151 cognoscite,
693 1096 886 1150 quoniam
918 1096 960 1137 in
989 1109 1055 1137 me
1085 1096 1147 1137 est
1177 1096 1292 1149 pater
1323 1096 1363 1136 et
1394 1106 1467 1150 ego
1499 1095 1540 1135 in
1571 1093 1656 1135 illo.

155 1164 283 1206 Item
323 1164 371 1206 in
409 1165 678 1219 euangelio
711 1165 986 1206 secundum
1017 1164 1353 1206 Matthaeum:
1386 1164 1440 1204 Et
1462 1162 1659 1205 uocabitis

153 1245 300 1274 nomen
322 1233 407 1275 eius
429 1233 697 1284 Emmanuel,
729 1233 836 1287 quod
866 1235 928 1275 est
957 1233 1271 1286 interpretatum
1300 1232 1513 1274 nobiscum
1534 1231 1656 1272 Deus.

107 1344 139 1369 ¹⁵
201 1335 331 1387 QVOD
362 1348 579 1379 CHRISTVS
610 1348 726 1379 DEVS
758 1349 999 1379 VENTVRVS
1031 1348 1166 1379 ESSET
1196 1348 1517 1379 INLVMINATOR
1547 1347 1604 1377 ET

561 1416 799 1447 SALVATOR
830 1417 1025 1447 GENERIS
1057 1418 1250 1448 HVMANI.

211 1485 354 1538 Apud
392 1486 591 1527 Esaiam
631 1486 952 1539 prophetam:
1000 1485 1297 1528 Confortamini
1316 1519 1325 1537 ,
1372 1498 1515 1528 manus
1552 1496 1660 1527 reso·
1676 1488 1698 1529 7

155 1554 286 1604 lutae,
313 1556 353 1596 et
375 1568 507 1609 genua
528 1555 698 1606 debilia,
722 1556 1004 1598 exhortamini.
1037 1556 1107 1609 qui
1130 1556 1228 1598 estis
1249 1555 1399 1609 pusillo
1416 1555 1565 1604 animo,
1587 1566 1661 1596 no-

154 1623 228 1664 lite
249 1624 406 1665 timere.
449 1625 557 1666 Deus
588 1626 724 1666 noster
753 1625 953 1666 iudicium
982 1625 1202 1675 retribuet,
1234 1625 1321 1678 ipse
1350 1625 1487 1666 ueniet
1514 1626 1556 1666 et
1577 1624 1661 1665 sal-

110 1709 144 1734 20
157 1704 228 1733 uos
258 1692 380 1733 faciet
400 1706 484 1736 nos.
518 1694 616 1735 tunc
647 1694 879 1747 aperientur
909 1695 1016 1736 oculi
1055 1707 1266 1737 caecorum
1298 1696 1338 1736 et
1369 1705 1486 1736 aures
1518 1693 1661 1734 surdo-

157 1774 248 1802 rum
270 1762 449 1804 audient.
481 1764 578 1805 tunc
599 1764 720 1806 saliet
740 1765 880 1806 clodus
902 1765 1009 1806 sicut
1030 1777 1173 1806 ceruus
1203 1765 1244 1806 et
1277 1765 1399 1818 plana
1419 1764 1498 1805 erit
1518 1763 1662 1817 lingua

158 1831 387 1872 mutorum:
410 1832 505 1884 quia
526 1834 647 1885 rupta
668 1834 730 1875 est
751 1834 793 1874 in
813 1833 971 1875 deserto
993 1846 1097 1886 aqua
1119 1834 1159 1874 et
1175 1833 1289 1874 riuus
1305 1833 1348 1874 in
1363 1834 1473 1874 terra
1490 1831 1659 1874 sitienti.

159 2024 201 2058 ‘3‘
249 2025 260 2060 ς
296 1969 313 2004 1
335 1968 390 2002 Ρ3.
411 1969 472 2010 81,
495 1970 513 2005 1
534 1971 570 2003 et
587 1970 610 2006 6
629 1981 679 2014 sq.
752 1971 842 2006 710.
864 1970 924 2012 10,
943 1971 993 2006 34
1008 1982 1057 2015 sq.
1134 1972 1182 2007 13
1199 1971 1330 2005 Matth.
1351 1971 1380 2010 1,
1400 1970 1459 2006 23.
1537 1969 1583 2005 17
1603 1969 1660 2003 Ε3.

157 2048 164 2057 .
184 2037 219 2062 ξ).
237 2041 248 2059 .·
279 2036 328 2069 sq.

229 2152 245 2187 1
269 2152 320 2186 fili
333 2153 383 2187 W
445 2153 468 2189 2
486 2153 643 2198 deorum]
658 2153 758 2189 deiL
821 2157 940 2189 autem
953 2165 1018 2189 om.
1031 2155 1065 2189 L
1128 2154 1208 2189 deos
1219 2154 1300 2195 LB,
1314 2146 1355 2188 (ss
1365 2154 1456 2197 AM,
1472 2154 1596 2189 om.W

158 2208 257 2253 item]
277 2211 312 2243 et
330 2209 460 2244 iterum
485 2211 669 2246 WLMBv
762 2211 835 2246 dixi
853 2213 887 2246 A
903 2223 928 2246 3.
949 2213 970 2246 I.
988 2223 1032 2246 m.
1052 2214 1077 2246 2
1171 2213 1195 2247 3
1220 2211 1348 2246 excelsi
1366 2211 1462 2252 AM,
1490 2210 1660 2245 altissimi

164 2265 304 2301 WLBv
401 2268 425 2303 4
452 2268 539 2302 111311
565 2268 644 2313 quis
662 2269 713 2310 L,
739 2269 801 2313 qui
818 2269 906 2304 iusti
924 2269 959 2303 A
1053 2269 1169 2303 diuini
1188 2269 1222 2303 L
1332 2268 1355 2305 6
1382 2268 1486 2313 sicut]
1506 2268 1555 2302 sic
1576 2280 1594 2303 v

158 2327 237 2357 secu
255 2324 284 2357 A
301 2351 308 2364 ,
322 2327 402 2358 cata
418 2325 470 2365 M,
488 2325 577 2360 dicit
594 2328 673 2361 cata
689 2326 808 2360 WLB
915 2326 936 2362 7
964 2326 1126 2361 ioannem
1143 2326 1233 2360 dicit
1250 2338 1267 2361 υ
1360 2336 1472 2360 nonne
1489 2326 1661 2370 scriptum

159 2383 211 2414 est
230 2381 276 2415 M
277 2392 294 2414 v
402 2382 425 2419 8
452 2382 532 2417 illos
550 2394 594 2417 ex
611 2383 686 2417 illis
705 2383 739 2417 L
847 2387 929 2428 post
946 2383 1027 2418 deos
1044 2385 1176 2418 inserit
1195 2384 1382 2418 Pameliws
1399 2387 1432 2418 et
1453 2395 1487 2418 v:
1515 2382 1558 2417 ad
1576 2393 1662 2427 quos

160 2448 271 2472 sermo
288 2438 343 2472 dei
362 2439 476 2473 factus
494 2442 549 2474 est
614 2444 698 2484 post
715 2441 806 2475 solui
824 2441 908 2475 add.
928 2453 971 2475 m.
991 2443 1017 2475 2
1036 2442 1076 2475 in
1093 2441 1153 2475 M:
1181 2442 1358 2485 scriptura
1428 2440 1532 2485 quod]
1552 2440 1661 2484 scrip-

157 2496 238 2529 tura
255 2506 356 2539 quein
372 2497 559 2532 Pamelius
644 2498 667 2534 9
686 2498 769 2542 quia
780 2498 815 2532 B
885 2498 1076 2533 blasfemat
1088 2499 1121 2532 A
1132 2525 1140 2539 ‚
1161 2498 1304 2542 pheiuat
1320 2498 1373 2538 W,
1393 2497 1601 2543 blasphemo
1616 2497 1660 2537 B,

160 2552 383 2597 blasphemas
401 2566 422 2588 v
529 2557 573 2589 10
590 2556 620 2590 si
639 2556 725 2597 AL,
752 2555 877 2600 quodsi
900 2556 1051 2591 WMBv
1147 2556 1191 2592 11
1220 2555 1278 2590 sed
1297 2555 1327 2589 si
1346 2556 1418 2590 AL
1433 2583 1440 2597 ,
1466 2557 1502 2589 et
1522 2555 1552 2588 si
1568 2555 1661 2595 MR,

161 2609 286 2653 quodsi
305 2621 323 2644 υ
408 2611 467 2646 sed
485 2613 530 2646 si.
547 2640 554 2646 .
570 2638 576 2643 .
593 2612 747 2647 .credere
764 2624 827 2647 om.
851 2614 899 2648 W
977 2613 1068 2647 facio
1085 2615 1122 2647 et
1138 2624 1202 2647 om.
1222 2613 1306 2647 AM
1308 2614 1341 2647 L
1410 2613 1529 2657 factis]
1547 2612 1661 2656 operi-

159 2668 223 2702 bus
241 2669 274 2701 A
353 2668 397 2703 13
423 2669 625 2714 secundum]
644 2671 724 2704 cata
747 2670 931 2705 WLMBv
1004 2670 1048 2706 17
1075 2670 1283 2715 prophetam
1313 2681 1377 2705 om.
1404 2670 1593 2705 WLMBo

159 2725 421 2760 confortiamini
441 2726 484 2760 M
555 2727 602 2762 18
628 2727 758 2771 pusillo
787 2727 903 2762 animo
921 2729 974 2768 A,
1011 2727 1272 2772 pusillianimes
1293 2728 1392 2769 WL,
1417 2727 1661 2772 pusillanimes

158 2782 260 2817 MBv
331 2783 443 2817 nolite
457 2783 581 2818 timere
598 2784 709 2818 nolite
727 2786 881 2819 metuere
901 2785 987 2826 AL,
1014 2785 1125 2820 nolite
1140 2787 1297 2829 metuere
1314 2785 1395 2824 Μυ;
1413 2784 1661 2819 confortamini

158 2840 268 2874 nolito
283 2842 436 2874 metuere
450 2840 639 2885 leyendum
656 2846 774 2877 censet
793 2842 979 2876 Pamelius
1068 2842 1120 2878 20
1144 2852 1205 2876 nos
1223 2841 1333 2876 faciet
1346 2842 1379 2875 A
1458 2841 1662 2886 adaperien-

158 2899 216 2932 1111
233 2897 280 2931 Μ
369 2898 415 2934 :21
443 2897 558 2932 clodos
572 2899 688 2940 AW1,
714 2899 855 2934 claudos
874 2899 924 2934 L'
