1912 3152
591 236 652 271 Ad
677 237 900 271 Donatum
925 247 952 270 c.
981 236 1138 274 12-15.
1576 238 1627 280 15

119 340 258 391 detur,
290 340 399 382 intra
430 352 548 382 suam
578 340 708 383 iacere
740 339 1029 382 conscientiam
1067 339 1279 394 gloriatur.
1313 340 1418 381 nihil
1439 340 1627 393 adpetere

118 411 223 461 iam,
253 409 359 451 nihil
381 409 611 451 desiderare
642 410 691 450 de
723 409 883 451 saeculo
913 409 1066 462 potest,
1098 408 1168 462 qui
1200 409 1361 450 saeculo
1392 408 1522 449 maior
1552 408 1625 450 est.

120 492 244 532 quam
284 477 460 528 313111113,
509 491 633 531 quam
665 477 903 519 inconcussa
933 477 1067 519 tutela
1097 477 1177 527 est,
1226 490 1350 531 quam
1381 476 1627 531 perennibus

119 547 235 589 bonis
265 546 438 588 caeleste
468 546 734 600 praesidium,
782 546 1020 600 inplicantis
1062 546 1205 587 mundi
1237 546 1394 599 laqueis
1425 546 1553 595 solui,
1585 545 1628 587 in

74 627 89 651 ³
119 616 253 658 lucem
274 614 606 657 immortalitatis
638 616 828 656 aeternae
858 614 907 656 de
938 615 1099 656 terrena
1121 614 1230 657 faece
1248 615 1428 670 purgari.
1462 614 1627 665 uiderit,

119 697 221 738 quae
250 684 293 725 in
322 695 394 726 nos
416 684 530 738 prius
560 683 797 725 infestantis
828 683 986 724 inimici
1006 683 1205 737 pernicies
1227 683 1422 725 insidiosa
1443 684 1630 738 grassata

119 753 185 794 sit.
218 752 311 806 plus
342 765 479 794 amare
511 752 799 806 conpellimur,
832 751 939 804 quod
970 751 1102 793 futuri
1133 764 1291 802 sumus,
1325 749 1424 793 dum
1455 752 1495 793 et
1525 751 1628 793 scire

118 821 352 864 conceditur
373 821 413 862 et
434 821 626 862 damnare
640 853 649 871 ,
682 820 789 874 quod
811 833 984 862 eramus.
1018 832 1091 862 nec
1113 821 1165 862 ad
1185 820 1261 862 1100
1282 820 1423 873 pretiis
1445 820 1518 861 aut
1539 832 1630 861 am-

117 890 209 932 bitu
240 891 311 931 aut
343 902 467 931 manu
499 901 599 942 opus
620 890 694 939 est,
727 890 773 930 ut
794 889 971 930 hominis
994 902 1156 931 summa
1176 889 1244 930 uel
1264 889 1448 943 dignitas
1470 887 1537 930 uel
1557 899 1630 942 po-

71 975 106 1000 10
119 959 249 1000 testas
281 958 490 1000 elaborata
520 958 628 999 mole
658 958 865 1012 pariatur:
898 958 939 999 et
969 958 1202 1012 gratuitum
1233 958 1283 1000 de
1313 958 1399 999 Deo
1420 968 1570 999 munus
1592 957 1632 998 et

119 1027 239 1069 facile
262 1028 334 1069 est.
367 1027 414 1068 ut
444 1028 587 1080 sponte
617 1027 676 1067 sol
709 1026 857 1077 radiat,
890 1026 976 1068 dies
998 1026 1196 1077 luminat,
1229 1026 1318 1068 fons
1339 1026 1468 1080 rigat,
1501 1025 1634 1067 imber

118 1094 300 1146 inrorat,
332 1096 392 1137 ita
421 1107 464 1136 se
495 1095 665 1148 spiritus
697 1095 885 1137 caelestis
926 1095 1120 1137 infundit.
1172 1096 1392 1149 postquam
1424 1095 1633 1136 auctorem

118 1177 240 1206 suum
257 1164 416 1205 caelum
437 1163 600 1205 intuens
622 1163 759 1205 anima
781 1164 987 1218 cognouit,
1010 1164 1094 1206 sole
1116 1164 1238 1205 altior
1259 1165 1300 1206 et
1320 1164 1395 1205 hac
1415 1163 1527 1205 0111111
1548 1163 1632 1204 ter-

117 1246 214 1274 rena
234 1233 437 1286 potestate
458 1232 674 1274 sublimior
694 1232 737 1274 id
758 1245 844 1274 esse
864 1233 1022 1286 incipit,
1054 1233 1162 1287 quod
1182 1245 1269 1274 esse
1290 1245 1333 1274 se
1354 1232 1496 1274 credit.

71 1314 105 1339 15
176 1302 239 1343 Tu
260 1303 444 1352 tantum,
467 1314 588 1355 quem
610 1302 695 1343 iam
716 1302 974 1355 spiritalibus
996 1302 1142 1345 castris
1164 1302 1351 1344 caelestis
1368 1302 1521 1343 militia
1541 1300 1627 1355 sig·
1643 1305 1692 1345 15

118 1371 256 1421 nauit,
289 1372 380 1412 tene
411 1370 712 1424 incorruptam,
746 1372 838 1413 tene
869 1371 1048 1413 sobriam
1070 1371 1273 1426 religiosis
1294 1370 1521 1412 uirtutibus
1543 1370 1628 1411 dis-

118 1440 325 1494 ciplinam.
358 1439 412 1480 sit
433 1439 512 1480 tibi
534 1439 601 1481 uel
622 1439 751 1481 oratio
772 1439 944 1481 adsidua
965 1440 1032 1482 uel
1053 1440 1187 1482 lectio.
1219 1452 1325 1481 1111110
1347 1452 1441 1481 011111
1462 1439 1547 1480 1)00
1568 1438 1631 1480 lo-

118 1521 259 1562 quere,
291 1520 397 1550 nunc
427 1508 538 1550 Deus
570 1508 719 1550 tecum.
766 1508 838 1550 1110
870 1509 911 1550 10
942 1509 1172 1563 praeceptis
1204 1508 1288 1550 suis
1319 1508 1518 1557 instruat,
1561 1506 1633 1548 ille

118 1577 321 1631 disponat.
369 1589 492 1630 quem
533 1576 606 1618 ille
646 1577 821 1618 diuitem
860 1577 1023 1628 fecerit,
1070 1590 1189 1619 nemo
1232 1588 1454 1630 pauperem
1495 1575 1630 1617 faciet.

72 1665 106 1691 20
119 1646 288 1700 penuria
309 1658 396 1687 esse
417 1645 534 1687 nulla
554 1645 638 1687 iam
660 1646 833 1700 poterit,
857 1659 950 1688 011111
972 1646 1099 1688 semel
1119 1647 1261 1700 pectus
1283 1645 1469 1686 caelestis
1491 1644 1634 1698 sagina

120 1714 380 1757 saturauerit.
406 1714 490 1755 iam
511 1714 590 1755 tibi
609 1727 706 1756 auro
727 1714 923 1757 distincta
939 1715 1147 1769 laquearia
1166 1715 1207 1756 et
1228 1713 1396 1768 pretiosi
1417 1713 1633 1755 marmoris

120 1783 269 1826 crustis
300 1783 453 1826 uestita
483 1782 693 1825 domicilia
727 1783 968 1834 sordebunt,
1001 1797 1095 1826 cum
1126 1783 1265 1825 scieris
1296 1784 1337 1824 te
1369 1782 1634 1824 excolendum

119 1852 272 1907 magiS,
320 1853 360 1894 te
390 1853 527 1907 potius
562 1852 810 1903 ornandum,
857 1853 1026 1895 domum
1057 1853 1137 1895 tibi
1166 1852 1270 1893 hanc
1302 1865 1386 1895 0330
1416 1852 1630 1905 potiorem,

120 1934 245 1974 quam
267 1921 469 1963 Dominus
491 1921 643 1963 insedit
667 1922 814 1976 templi
836 1922 937 1972 uice,
960 1922 1003 1963 in
1024 1935 1104 1975 qua
1126 1921 1303 1976 Spiritus
1321 1922 1485 1964 sanctus
1502 1919 1634 1972 coepit

70 2004 105 2030 25
119 1989 319 2031 habitare.
353 1990 574 2044 pingamus
597 1989 701 2032 hanc
723 1990 893 2032 domum
915 1991 1141 2046 pigmentis
1163 1991 1434 2041 innocentiae,
1457 1989 1634 2030 lumine-

117 2072 210 2100 mus
232 2059 323 2100 luce
348 2059 546 2100 iustitiae.
581 2071 660 2101 non
683 2059 782 2101 haec
803 2073 999 2113 umquam
1021 2061 1261 2113 procumbet
1282 2060 1325 2102 in
1344 2060 1509 2114 lapsum
1525 2057 1636 2099 senio

117 2127 363 2178 uetustatis,
388 2140 462 2169 1100
483 2128 694 2182 pigmento
716 2128 884 2181 parietis
907 2130 980 2170 aut
1000 2141 1097 2171 auro
1119 2129 1368 2171 exolescente
1390 2126 1636 2174 foedabitur,

117 2195 269 2237 caduca
299 2198 417 2247 sunt,
466 2209 749 2250 quaecumque
780 2196 920 2239 fucata
952 2199 1066 2248 sunt,
1114 2211 1186 2240 1100
1215 2197 1411 2240 fiduciam
1441 2195 1637 2250 praebent

115 2264 421 2318 possidentibus
444 2265 657 2316 stabilem,
692 2278 793 2319 quae
815 2266 1081 2320 possessionis
1101 2279 1181 2308 non
1202 2267 1380 2309 habeant
1402 2265 1634 2308 ueritatem.

189 2378 207 2413 1
239 2377 335 2412 intra
362 2377 433 2419 SP,
454 2377 547 2412 infra
571 2379 615 2410 W
618 2391 631 2421 ,·
651 2379 718 2421 cfr.
746 2379 854 2424 Cypr.
874 2381 922 2413 ad
938 2379 1094 2414 Demetr.
1113 2391 1191 2424 cap.
1212 2383 1251 2414 1:
1271 2380 1368 2414 intra
1386 2378 1636 2413 conscientiam

117 2436 274 2469 nostram
293 2437 412 2469 tenere
500 2435 676 2480 glorietur
691 2448 712 2471 v
817 2436 842 2472 4
867 2437 968 2471 bonis
987 2438 1134 2472 affluens
1160 2450 1181 2473 v
1284 2437 1391 2481 solui]
1409 2436 1504 2470 solus
1528 2435 1572 2468 W

116 2493 141 2529 5
159 2491 432 2526 inmortalitatis
449 2493 492 2525 W
559 2492 691 2527 uiderit
709 2494 752 2535 P,
783 2494 902 2528 uidere
913 2495 1119 2538 Morellius;
1133 2496 1194 2529 sed
1211 2496 1276 2538 cfr.
1301 2495 1448 2530 Tertull.
1468 2493 1516 2527 acl
1541 2493 1636 2526 Her-

118 2559 300 2593 moyenem
319 2560 344 2583 c.
366 2553 404 2583 1:
432 2549 492 2583 sed
522 2550 655 2584 uiderit
683 2542 848 2595 'per-sona,
884 2562 963 2586 curn
999 2552 1160 2587 doctrina
1189 2552 1278 2587 mihi
1312 2552 1472 2596 quaestio
1502 2552 1566 2590 031,
1586 2549 1635 2583 ad

124 2606 265 2640 Valent.
284 2618 311 2641 c.
332 2610 383 2642 9.:
404 2607 537 2641 uiderit
560 2607 803 2650 soloecismus,
830 2609 874 2643 de
894 2611 987 2655 uiry.
1008 2611 1076 2645 uel.
1096 2622 1125 2645 c.
1146 2613 1167 2645 7
1264 2610 1288 2646 8
1314 2609 1462 2654 praetiis
1482 2608 1510 2642 S
1530 2611 1562 2642 et
1586 2608 1637 2642 sic

116 2664 266 2706 saepius
382 2664 430 2700 10
454 2665 501 2709 et]
529 2664 589 2699 sed
614 2676 635 2699 v
733 2668 920 2710 gratutum
942 2668 972 2702 S
1069 2667 1210 2712 (100](1111
1237 2668 1266 2702 S
1351 2668 1396 2703 11
1425 2666 1524 2699 inber
1543 2664 1593 2699 S·

119 2721 168 2757 13
194 2720 267 2754 3010
292 2721 409 2755 Wsed
433 2722 474 2756 in
491 2734 602 2767 mary.
627 2734 670 2757 m.
690 2725 715 2757 2
733 2723 804 2757 sole
892 2724 933 2758 17
959 2724 1003 2759 (Ιό
1020 2735 1064 2759 ea:
1081 2724 1149 2759 dno
1168 2725 1198 2760 S
1217 2737 1260 2760 m.
1280 2727 1306 2759 2
1379 2725 1426 2762 18
1441 2716 1480 2759 (13
1504 2734 1547 2757 ex
1571 2713 1636 2759 dns

119 2777 149 2812 S
161 2789 204 2812 m.
224 2780 250 2811 2
338 2778 382 2814 19
415 2778 539 2824 faciet]
557 2780 646 2814 facit
662 2780 692 2815 S
775 2781 827 2817 20
843 2781 934 2825 cum]
952 2782 1009 2816 0111
1026 2792 1047 2816 υ
1140 2783 1187 2827 21
1214 2783 1392 2817 saturauit
1415 2782 1567 2824 SWPu:

116 2835 167 2870 22
197 2835 324 2869 3010103
356 2845 401 2870 ea:
418 2837 523 2871 scires
544 2837 574 2872 S
674 2838 725 2874 24
757 2839 933 2883 templum
949 2840 998 2874 P¹
1102 2839 1151 2876 29
1176 2840 1309 2875 habent
1323 2851 1342 2874 v
1432 2840 1633 2884 veritatem]

116 2892 327 2926 firmitatem
355 2892 388 2926 V
