1838 3152
214 236 293 277 788
745 234 936 269 Caecilii
963 234 1177 278 Cypriani

212 339 547 389 communicasse,
597 340 644 379 ut
685 339 900 380 uideantur
948 340 1122 393 apostoli
1163 339 1370 393 baptisma
1418 315 1715 382 haereticorum

210 407 414 459 probasse.

146 474 195 514 14
270 474 385 526 Quod
415 476 524 517 enim
554 476 722 528 quidam
744 477 897 526 dicunt,
931 477 1047 529 quasi
1068 477 1118 518 ad
1141 476 1442 518 haereticorum
1472 477 1715 532 suffragium

209 546 417 598 pertineat
446 545 553 597 quod
575 545 724 586 dixerit
745 545 953 598 apostolus
975 545 1151 587 Paulus:
1184 558 1358 586 uerum
1387 546 1553 587 tamen
1582 547 1715 587 omni

209 614 371 663 m0d0‚
404 614 514 655 siue
544 627 629 666 per
660 615 983 655 occasionem
1016 614 1128 656 siue
1156 626 1242 667 per
1270 614 1552 656 ueritatem
1574 614 1743 657 Chri-⁵

210 685 321 726 stus
352 683 715 734 adnuntietur,
755 683 989 725 inuenimus
1020 683 1096 725 hoc
1129 695 1288 736 quoque
1321 684 1372 725 ad
1406 696 1545 725 eorum
1578 685 1714 736 patro-

210 753 363 794 cinium
379 752 449 805 qui
462 753 675 794 haereticis
693 753 970 807 suffragantur
984 754 1024 794 et
1037 752 1241 805 plaudunt
1258 753 1364 794 nihil
1378 765 1493 806 posse
1508 753 1711 805 proficere.

210 834 341 874 neque
377 821 486 863 enim
507 822 556 863 de
578 821 794 863 haereticis
826 822 897 862 aut
926 822 975 863 de
1005 833 1143 863 eorum
1174 821 1378 874 baptismo
1410 822 1652 874 loquebatur
1672 821 1715 863 in

208 890 386 944 epistula
423 904 497 932 sua
529 891 696 944 Paulus,
735 891 783 931 ut
820 891 976 943 aliquid
1013 891 1121 943 quod
1160 891 1210 931 ad
1245 890 1349 932 hanc
1385 903 1472 931 rem
1508 891 1714 944 pertineat

206 959 390 1013 posuisse
422 960 673 1001 ostendatur.
707 959 952 1012 loquebatur
985 959 1034 1000 de
1062 959 1261 1001 fratribus
1293 959 1380 1001 siue
1411 960 1640 1001 inordinate
1673 962 1712 1001 et
1728 975 1760 999 10

207 1030 348 1070 contra
369 1028 687 1070 ecclesiasticam
710 1029 973 1081 disciplinam
994 1028 1304 1070 ambulantibus
1322 1029 1409 1070 siue
1429 1028 1710 1083 euangelicam

206 1098 426 1139 ueritatem
449 1097 496 1138 de
518 1098 594 1139 Dei
627 1098 775 1138 timore
807 1097 1081 1139 seruantibus.
1121 1098 1162 1139 et
1183 1097 1381 1150 quosdam
1411 1111 1456 1138 ex
1488 1098 1545 1139 eis
1576 1098 1712 1150 posuit

205 1168 379 1209 uerbum
415 1167 584 1208 Domini
626 1167 858 1208 constanter
895 1168 1027 1220 adque
1063 1167 1266 1220 intrepide
1301 1167 1472 1217 locutos,
1512 1168 1711 1220 quosdam

206 1248 300 1278 uero
330 1236 371 1277 in
401 1236 561 1277 inuidia
584 1237 624 1277 et
645 1236 894 1277 dissensione
926 1237 1122 1285 uersatos,
1156 1237 1355 1289 quosdam
1390 1248 1572 1277 seruasse
1604 1236 1710 1278 circa

205 1319 245 1348 se
267 1306 501 1347 beniuolam
523 1306 751 1355 caritatem,
774 1306 930 1358 aliquos
952 1318 1046 1347 uero
1069 1306 1261 1347 habuisse
1283 1306 1527 1347 maliuolam
1550 1306 1706 1346 dissen-
1726 1321 1756 1344 15

205 1375 371 1424 sionem,
406 1387 447 1416 se
468 1376 608 1416 tamen
638 1375 843 1427 patienter
876 1375 1016 1416 omnia
1047 1375 1260 1428 sustinere,
1295 1374 1517 1416 dummodo
1552 1374 1639 1416 siue
1668 1374 1710 1415 in

203 1444 379 1485 ueritate
410 1445 496 1485 siue
527 1456 598 1497 per
619 1444 872 1486 occasionem
893 1457 1040 1486 nomen
1062 1443 1215 1485 Christi
1239 1444 1346 1497 quod
1367 1444 1522 1485 Paulus
1543 1444 1707 1496 praedi-

203 1513 323 1555 cabat
344 1514 395 1554 ad
418 1513 692 1566 plurimorum
713 1513 907 1555 notitiam
930 1514 1163 1567 perueniret
1185 1514 1225 1554 et
1246 1525 1351 1555 noua
1373 1513 1505 1554 adhuc
1527 1525 1573 1554 ac
1594 1513 1708 1555 rudis

202 1583 400 1624 sermonis
431 1583 646 1624 seminatio
676 1584 931 1636 loquentium
954 1583 1254 1636 praedicatione
1276 1583 1556 1625 crebresceret.
1591 1594 1707 1635 porro

202 1652 315 1692 aliud
345 1653 406 1693 est
437 1664 502 1693 eos
533 1653 601 1705 qui
631 1652 743 1694 intus
764 1652 807 1693 in
830 1653 1001 1694 ecclesia
1029 1653 1127 1693 sunt
1148 1652 1197 1693 de
1218 1652 1380 1693 nomine
1403 1651 1556 1694 Christi
1581 1651 1706 1704 loqui,
1723 1667 1756 1693 20

202 1721 316 1763 aliud
338 1723 400 1762 est
423 1734 488 1763 eos
511 1721 580 1774 qui
602 1721 701 1763 foris
724 1722 819 1763 sunt
841 1723 881 1763 et
904 1723 1044 1763 contra
1066 1722 1280 1763 ecclesiam
1302 1721 1460 1763 faciunt
1481 1721 1523 1762 in
1544 1721 1706 1763 nomine

202 1789 354 1831 Christi
385 1790 603 1843 baptizare.
642 1803 765 1843 quare
797 1791 866 1843 qui
897 1790 1114 1832 haereticis
1143 1791 1422 1843 patrocinatur
1450 1804 1529 1833 non
1550 1790 1592 1831 id
1613 1802 1707 1843 pro-

336 1927 358 1960 4
384 1927 476 1961 Phil.
504 1928 533 1968 1,
562 1928 617 1961 18.

270 2056 287 2088 1
307 2057 348 2088 ut
365 2065 428 2088 om.
450 2053 485 2087 Β
688 2056 711 2089 4
728 2055 866 2090 dixerat
889 2055 955 2090 GP
1158 2057 1399 2089 uerumtamen
1423 2081 1429 2087 .
1446 2082 1451 2088 .
1469 2082 1475 2088 .
1497 2054 1518 2088 l.
1538 2057 1560 2088 9
1578 2053 1705 2098 paulus

194 2116 277 2155 post
294 2114 475 2157 pertineat
493 2113 513 2147 l.
534 2115 557 2147 9
575 2114 705 2147 inserit
723 2113 757 2147 Β
896 2113 992 2147 omni
1009 2113 1124 2158 modo]
1144 2113 1285 2147 omnino
1303 2112 1338 2146 L
1490 2113 1511 2146 5
1529 2111 1705 2145 occansio—

198 2180 277 2203 nem
299 2171 332 2204 T
493 2170 620 2204 christi
639 2171 681 2204 N
839 2171 859 2205 6
878 2170 1108 2205 adnuntietur
1125 2170 1279 2215 Auyust.
1299 2171 1319 2204 ῑ.
1339 2181 1367 2205 c.
1388 2169 1488 2204 1111
1503 2172 1544 2203 11
1569 2168 1703 2211 C²LN‚

198 2227 432 2262 adnuntiatur
451 2227 604 2269 B2PT²‚
636 2227 868 2262 adnuntiatus
890 2228 986 2263 (ΡΤι
1194 2228 1235 2262 de
1263 2227 1328 2262 hoc
1346 2227 1382 2261 Β
1591 2226 1609 2259 7
1628 2237 1704 2269 per-

197 2284 298 2319 ficere
321 2286 353 2320 T
500 2285 521 2319 8
539 2285 718 2330 baptisma
735 2286 920 2320 BLNTP
1066 2287 1269 2330 loqueretur
1286 2287 1404 2321 BLN
1404 2285 1469 2320 ΤΡ
1622 2285 1642 2318 9
1661 2283 1703 2318 ad

197 2353 262 2376 om.
279 2342 315 2376 Β
453 2343 659 2387 pertineant
677 2343 721 2378 (1¹
861 2344 904 2378 12
921 2344 1054 2389 posuit]
1074 2344 1194 2388 potuit
1214 2344 1248 2378 Β
1388 2344 1431 2378 13
1448 2343 1505 2377 dei
1519 2342 1548 2377 C
1560 2343 1655 2387 Auy.

196 2399 390 2443 intrepidos
409 2401 460 2435 L¹
611 2402 751 2436 locutus
769 2402 849 2436 BN
851 2403 884 2437 T
1032 2402 1076 2436 14
1093 2402 1130 2435 in
1149 2412 1213 2436 om.
1233 2402 1304 2436 Bo
1446 2400 1604 2434 inuidiae
1623 2399 1659 2433 Β

196 2458 231 2491 et
248 2468 313 2492 om.
330 2458 365 2492 Β
503 2459 715 2494 dissessione
736 2461 779 2493 (7¹
918 2460 1122 2494 uerbosatos
1146 2460 1175 2494 C
1189 2459 1250 2494 sed
1268 2459 1311 2493 bo
1328 2470 1354 2493 8.
1374 2459 1396 2493 l.
1539 2458 1582 2491 15
1598 2457 1702 2491 bene-

194 2514 314 2548 uolam
332 2515 403 2556 Nv,
421 2515 666 2551 beniuolentia
683 2517 719 2551 L
892 2517 1044 2562 aliquos]
1064 2518 1153 2552 alios
1171 2518 1266 2562 Aug.
1438 2515 1653 2550 maleuolam
1671 2525 1701 2555 υ,

193 2571 397 2607 beniuolam
420 2574 449 2608 G
621 2574 869 2609 dissessionem
893 2577 934 2610 C¹
1112 2575 1155 2610 16
1174 2586 1210 2609 se
1228 2585 1295 2609 om.
1314 2574 1351 2615 C,
1371 2574 1431 2608 sed
1449 2575 1540 2618 Auy.
1561 2573 1655 2607 BPv

194 2630 314 2664 omnia
334 2641 369 2664 se
386 2631 566 2675 patienter
579 2633 673 2677 Auq.
771 2633 1008 2668 sustinentem
1027 2634 1060 2668 T
1073 2634 1146 2667 tem
1163 2632 1250 2667 add.
1269 2643 1314 2667 m.
1333 2634 1367 2676 2,
1389 2643 1423 2665 se
1441 2630 1617 2665 sustinere
1633 2640 1654 2664 v

192 2688 373 2723 tummodo
398 2690 443 2723 Τ1
591 2690 633 2724 17
653 2690 844 2725 ueritatem
862 2692 923 2726 Nv
1069 2691 1143 2736 per]
1164 2691 1199 2724 in
1219 2690 1254 2724 P
1396 2689 1636 2723 occansionem
1658 2687 1699 2727 T,

194 2746 374 2780 occasione
392 2747 465 2781 BP
628 2748 671 2782 19
688 2748 902 2783 crebesceret
920 2749 964 2790 P,
983 2748 1130 2783 cesserit
1147 2748 1182 2782 B
1337 2746 1382 2781 20
1398 2746 1453 2790 de]
1474 2746 1510 2779 in
1527 2746 1620 2789 Auy.
1639 2743 1701 2777 sed

194 2802 235 2836 de
252 2803 356 2838 idem.
375 2804 398 2840 l.
417 2815 446 2839 c.
464 2804 568 2840 IIII
579 2808 623 2840 16
738 2805 781 2839 21
798 2807 853 2839 est
870 2816 935 2841 om.
952 2806 981 2841 C
997 2810 1030 2840 et
1046 2806 1143 2850 Auy.
1161 2812 1315 2849 utroque
1333 2804 1407 2838 loco
1521 2802 1565 2836 22
1582 2800 1700 2845 bapti-

191 2860 265 2894 zari
288 2861 393 2895 OLN
504 2862 772 2905 patrocinantur
790 2863 881 2898 BOv
997 2873 1065 2897 non
1083 2873 1150 2897 om.
1169 2862 1205 2896 Β
1313 2861 1492 2906 proferant
1510 2860 1545 2893 Β
1552 2858 1655 2893 C²Tv
