1838 3152
234 228 316 269 738
765 226 963 260 Caecilii
989 225 1202 270 Cypriani

234 330 327 372 ficia
348 331 530 383 miscere,
553 329 714 382 quando
737 329 826 383 ipsa
845 328 1023 371 maxime
1039 328 1188 370 habeat
1205 329 1452 382 potestatem
1470 330 1537 371 uel
1553 330 1733 384 eligendi

232 398 378 453 dignos
400 398 629 439 sacerdotes
653 398 719 439 uel
741 398 930 452 indignos
952 398 1177 439 recusandi.

193 474 216 513 4
290 466 407 517 Quod
436 468 477 508 et
507 466 647 519 ipsum
678 467 870 508 uidemus
903 466 953 507 de
975 466 1119 508 diuina
1139 466 1388 508 auctoritate
1409 467 1665 516 descendere,
1688 469 1734 508 ut

233 536 420 578 sacerdos
441 535 561 588 plebe
582 537 796 589 praesente
818 535 893 576 sub
917 535 1101 576 omnium
1124 535 1255 577 oculis
1277 535 1484 590 deligatur
1516 537 1556 577 et
1583 536 1734 591 dignus

230 605 362 657 adque
391 604 560 645 idoneus
589 604 754 658 publico
783 603 936 645 iudicio
967 616 1013 645 ac
1042 604 1280 646 testimonio
1312 604 1593 657 conprobetur,
1625 604 1762 648 sicutf,

230 673 273 714 in
322 673 516 714 Numeris
567 673 769 714 Dominus
820 672 954 726 Moysi
1004 672 1208 725 praecipit
1258 672 1418 714 dicens:
1477 673 1667 726 prehen
1680 674 1735 714 de

230 741 400 783 Aaron
431 742 657 783 fratrem
688 742 835 782 tuum
866 742 915 782 et
948 741 1165 782 Eleazar
1197 741 1376 782 filium
1407 741 1536 791 eius,
1586 743 1634 783 et
1664 743 1737 783 in-

229 822 387 864 pones
445 822 526 852 eos
575 810 626 851 in
675 810 896 851 montem
946 821 1114 851 coram
1166 811 1299 852 omni
1345 822 1629 865 synagoga,
1690 812 1737 852 et

230 891 354 920 exue
399 879 575 920 Aaron
621 879 813 920 stolam
859 879 974 920 eius
1020 879 1068 919 et
1114 878 1267 919 indue
1306 878 1519 920 Eleazar
1558 878 1737 920 filium

230 948 362 997 eius,
394 948 443 988 et
474 947 646 989 Aaron
676 947 950 999 adpositus
982 947 1240 989 moriatur
1270 947 1402 988 illic.
1447 959 1584 989 coram
1615 948 1776 990 omnim

234 1028 442 1071 synagoga
479 1016 595 1058 iubet
624 1016 735 1057 Deus
774 1016 971 1058 constitui
1011 1016 1277 1067 sacerdotem,
1315 1016 1359 1057 id
1398 1017 1459 1058 est
1498 1017 1668 1058 instruit
1698 1018 1738 1057 et

230 1085 412 1126 ostendit
454 1085 731 1127 ordinationes
773 1085 1045 1127 sacerdotales
1084 1097 1164 1127 non
1209 1086 1290 1127 nisi
1329 1085 1404 1127 sub
1444 1085 1587 1139 populi
1626 1085 1736 1126 adsi-

231 1154 379 1195 stentis
411 1154 661 1195 conscientia
690 1154 778 1196 fieri
809 1155 1006 1208 oportere,
1038 1155 1086 1195 ut
1116 1154 1234 1207 plebe
1264 1155 1478 1207 praesente
1509 1154 1577 1195 uel
1621 1152 1735 1195 dete-

229 1224 381 1276 gantur
401 1223 606 1264 malorum
628 1223 802 1265 crimina
823 1223 892 1264 uel
914 1223 1113 1264 bonorum
1135 1222 1286 1264 merita
1306 1222 1597 1276 praedicentur
1619 1222 1659 1262 et
1682 1221 1737 1262 sit

228 1291 432 1333 ordinatio
469 1292 580 1334 iusta
617 1293 658 1333 et
695 1292 886 1346 legitima
922 1304 1022 1345 quae
1052 1291 1237 1333 omnium
1266 1291 1464 1346 suffragio
1501 1293 1543 1333 et
1579 1290 1731 1332 iudicio
1748 1310 1778 1336 15

228 1359 355 1401 fuerit
377 1360 625 1402 examinata.
649 1361 756 1414 quod
785 1362 927 1414 postea
957 1360 1183 1402 secundum
1212 1361 1355 1402 diuina
1386 1360 1632 1414 magisteria
1662 1359 1735 1400 ob-

228 1430 419 1471 seruatur
457 1430 500 1471 111
537 1430 640 1472 actis
670 1431 964 1482 apostolorum,
1000 1430 1159 1482 quando
1190 1430 1239 1471 de
1271 1430 1496 1471 ordinando
1525 1429 1568 1470 in
1600 1429 1736 1470 locum

229 1498 357 1540 Iudae
394 1499 583 1552 episcopo
613 1499 762 1540 Petrus
792 1499 844 1540 ad
872 1499 1036 1552 plebem
1068 1499 1264 1552 loquitur.
1297 1498 1553 1547 surrexit,
1586 1497 1735 1551 inquit,

228 1568 424 1610 Petrus
464 1569 515 1609 in
554 1569 725 1610 medio
766 1569 1106 1618 discentium,
1151 1568 1255 1609 fuit
1287 1569 1462 1610 autem
1493 1567 1651 1609 turba
1683 1567 1736 1608 in

231 1649 337 1678 11110.
368 1650 440 1679 nec
471 1637 546 1679 hoc
575 1638 619 1679 in
648 1637 932 1691 episcoporum
961 1638 1127 1679 tantum
1150 1639 1190 1679 et
1213 1638 1485 1689 sacerdotum,
1516 1637 1587 1679 sed
1617 1638 1658 1678 et
1686 1637 1729 1678 in
1744 1656 1777 1680 20
1833 1650 1836 1652 ’

230 1706 496 1748 diaconorum
518 1706 844 1748 ordinationibus
866 1706 1103 1748 obseruasse
1124 1707 1332 1760 apostolos
1350 1706 1734 1754 animaduertimus,

227 1775 276 1815 de
298 1787 376 1827 quo
399 1777 440 1817 et
457 1775 546 1829 ipso
563 1775 607 1816 in
624 1775 726 1816 actis
745 1787 885 1817 eorum
902 1775 1102 1829 scriptum
1126 1777 1201 1817 est.
1226 1776 1274 1817 et
1297 1787 1453 1816 conuo
1469 1776 1732 1828 cauerunt,

227 1843 382 1896 inquit,
435 1844 523 1885 illi
575 1845 847 1887 duodecim
892 1846 1055 1887 totam
1099 1845 1303 1899 plebem
1351 1845 1735 1897 discipulorum

228 1914 278 1954 et
326 1913 573 1955 dixerunt
619 1914 706 1955 eis.
755 1915 864 1967 quod
910 1915 1054 1967 utique
1100 1914 1250 1955 idcirco
1289 1915 1377 1955 tam
1424 1913 1648 1967 diligenter
1694 1915 1734 1954 et

227 1983 344 2023 caute
375 1984 597 2024 conuocata
630 1983 748 2036 plebe
779 1983 868 2025 tota
897 1983 1128 2037 gerebatur,
1163 1995 1213 2023 ne
1245 1982 1337 2035 quis
1360 1982 1412 2023 ad
1434 1982 1579 2024 altaris
1610 1981 1735 2023 mini·
1750 2004 1781 2029 25

363 2107 384 2140 6
410 2107 515 2141 Ν11111.
542 2108 597 2148 20,
625 2108 678 2141 25.
705 2107 760 2141 26.
856 2107 900 2141 18
924 2107 1001 2142 Act.
1029 2108 1059 2148 1,
1088 2108 1140 2141 15.
1236 2107 1282 2141 22
1307 2107 1385 2141 Act.
1412 2107 1442 2148 6,
1470 2107 1501 2141 2.

296 2210 315 2243 1
334 2210 517 2244 mis**cere
538 2210 567 2255 Q
584 2210 760 2254 (misereri
778 2211 839 2254 M)
1035 2211 1056 2244 3
1073 2210 1230 2244 uidimus
1253 2212 1283 2244 Ο
1467 2209 1509 2243 (10
1527 2220 1591 2243 om.
1618 2209 1647 2243 G

225 2268 248 2301 4
264 2267 442 2311 praesenti
461 2279 505 2301 ex
522 2269 746 2312 praesentem
770 2268 800 2302 G
937 2267 1111 2312 deligitur
1134 2268 1178 2302 G¹
1317 2269 1338 2302 6
1356 2267 1445 2301 mosi
1464 2267 1498 2301 L
1635 2277 1732 2310 prae-

226 2325 321 2368 cepit
345 2324 430 2369 0ῼο
449 2325 638 2369 (praecipit
655 2325 716 2368 M)
920 2314 1121 2359 dffidicens
1145 2324 1175 2369 Q,
1373 2324 1502 2368 prende
1526 2324 1599 2365 GL,
1619 2323 1675 2358 dic
1696 2323 1735 2369 Q,

227 2382 449 2425 apprehende
466 2394 487 2416 v
596 2383 615 2416 7
635 2393 719 2416 aron
737 2382 842 2416 fratri
858 2383 920 2416 tuo
944 2382 973 2427 Q
1081 2383 1277 2416 eleazarum
1300 2382 1387 2417 CRv
1498 2381 1640 2425 inponis
1662 2380 1691 2426 Q

226 2439 247 2472 9
265 2449 349 2473 aron
368 2440 403 2473 L
421 2443 453 2473 et
465 2443 592 2483 postea
732 2440 807 2474 eius
825 2450 890 2474 om.
917 2440 982 2475 GR
1120 2440 1317 2474 eleazarum
1341 2439 1462 2484 OQRv
1616 2439 1659 2472 10
1675 2438 1735 2472 ad-

226 2497 367 2540 positus
386 2498 440 2530 est
458 2497 503 2531 M
510 2499 520 2514 ¹
538 2498 609 2540 (est
625 2507 692 2532 om.
712 2497 762 2530 M
763 2496 825 2541 ²Q)
986 2497 1063 2531 illic
1082 2498 1255 2531 moriatur
1277 2497 1307 2532 C
1478 2497 1520 2530 11
1538 2485 1691 2531 dfistR

228 2554 271 2587 14
288 2554 479 2598 malorum]
498 2555 670 2588 maiorum
690 2554 720 2599 Q
900 2555 1090 2589 criminum
1113 2555 1158 2589 0¹
1332 2554 1375 2588 16
1393 2553 1622 2588 obseruentur
1645 2554 1690 2588 0¹

228 2611 270 2645 18
289 2611 463 2655 episcopo]
483 2611 641 2656 apostolo
658 2623 680 2647 v
884 2612 926 2645 19
944 2611 1029 2655 fuit]
1048 2611 1145 2655 fugit
1168 2611 1198 2646 Ο
1396 2610 1434 2644 111
1451 2611 1531 2654 11110]
1550 2610 1734 2643 hominum

226 2669 299 2702 fere
317 2670 458 2703 centum
478 2669 614 2713 uiginti
631 2680 651 2703 v
782 2668 828 2702 20
845 2670 881 2702 et
899 2668 949 2713 in]
969 2669 1006 2703 in
1023 2669 1071 2702 M
1087 2670 1137 2712 (et
1154 2668 1192 2702 in
1216 2668 1260 2713 Q)
1388 2668 1430 2701 21
1450 2667 1733 2701 ordinationibus

226 2726 443 2771 obseruasse]
465 2726 775 2760 obseruationibus
793 2725 975 2760 ordinasse
994 2726 1030 2761 R
1134 2726 1179 2760 22
1197 2726 1245 2771 et]
1265 2742 1299 2760 *κε
1322 2724 1351 2770 Q
1367 2725 1419 2769 (et
1437 2725 1498 2768 M)
1600 2724 1732 2768 eorum]

228 2783 470 2827 apostolorum
496 2784 561 2819 CR
711 2783 755 2818 23
772 2783 967 2828 duodecim]
989 2783 1116 2817 christi
1140 2783 1169 2818 O
1323 2783 1368 2816 24
1385 2782 1515 2816 idcirco
1533 2792 1597 2816 om.
1624 2782 1689 2817 CR

227 2841 272 2874 25
291 2841 416 2876 alteris
439 2841 468 2886 Q
