1838 3152
239 205 321 247 568
770 201 959 236 Caecilii
986 201 1205 245 Cypriani

237 307 462 360 acceperim
501 308 540 347 et
570 320 676 348 nunc
716 307 829 348 aliud
868 306 1075 358 scripsisse
1114 317 1185 346 uos
1224 305 1406 360 legerim,
1446 307 1537 358 peto
1577 306 1735 348 discer-

234 376 340 416 natis
374 376 572 417 desideria
604 376 739 417 uestra
770 376 808 416 et
831 375 1074 427 quicumque
1107 373 1204 415 estis
1236 374 1304 426 qui
1332 374 1403 415 has
1433 374 1592 415 litteras
1622 388 1726 416 1111110

236 444 408 484 misistis
447 445 610 485 nomina
648 445 784 485 uestra
815 444 955 484 libello
987 442 1200 483 subiciatis
1233 443 1272 482 et
1303 442 1490 483 libellum
1523 455 1614 484 cum
1647 443 1726 483 sin-

236 513 428 568 gulorum
465 513 697 554 nominibus
729 513 779 553 ad
809 525 874 552 me
906 512 1211 552 transmittatis.
1255 511 1347 551 ante
1387 512 1448 552 est
1487 511 1595 552 enim
1626 512 1725 553 scire

236 582 383 635 quibus
415 582 633 623 rescribere
664 582 848 623 habeam.
880 581 978 621 tunc
1004 580 1055 621 ad
1078 580 1240 633 singula
1270 592 1372 632 quae
1404 580 1627 632 scripsistis
1657 591 1756 632 111οε

235 651 313 692 1001
345 653 384 692 01
416 652 530 692 actus
568 651 695 692 nostri
727 650 1007 691 mediocritate
1047 649 1277 690 rescribam.
1320 650 1413 701 opto
1445 662 1527 699 uos,
1567 649 1726 702 fratres,

235 719 335 760 bene
373 721 509 760 ualere
541 720 580 760 01
612 718 834 760 secundum
866 718 1031 759 Domini
1071 717 1331 770 disciplinam
1372 718 1507 770 quiete
1546 718 1585 758 01
1616 719 1728 758 tran-

236 787 364 840 quille
396 800 526 840 agere.
562 788 710 828 ualete.

500 979 1007 1052 EPISTVLA
1055 978 1465 1051 XXXIIII.

304 1116 571 1152 CYPRIANVS
596 1115 914 1150 PRESBYTERIS
940 1115 997 1149 ET
1022 1115 1311 1150 DIACONIBVS
1337 1114 1602 1149 FRATRIBVS
1628 1115 1660 1148 S.
1744 1121 1776 1145 10

200 1231 216 1269 l
291 1232 454 1286 Integre
477 1233 632 1273 etcum
665 1231 880 1284 disciplina
914 1231 1083 1281 fecistis,
1122 1230 1267 1272 fratres
1302 1230 1519 1279 carissimi,
1557 1230 1663 1282 quod
1686 1242 1730 1270 ex

237 1303 404 1344 consilio
434 1303 686 1356 collegarum
715 1313 900 1342 meorum
931 1300 1000 1352 qui
1029 1301 1260 1352 praesentes
1291 1302 1406 1340 erant
1437 1298 1538 1340 Gaio
1560 1299 1731 1340 Didensi

234 1372 469 1426 presbytero
500 1373 540 1412 et
563 1371 729 1412 diacono
758 1370 843 1410 eius
873 1368 1089 1410 censuistis
1119 1381 1197 1410 non
1227 1368 1627 1418 communicandum⁷
1662 1367 1731 1420 qui

236 1439 569 1482 communicando
600 1452 692 1480 cum
722 1438 848 1490 lapsis
872 1439 911 1478 et
934 1437 1135 1478 offerendo
1165 1437 1389 1478 oblationes
1413 1448 1550 1477 eorum
1573 1437 1616 1477 in
1637 1448 1730 1489 pra-

234 1511 298 1552 uis
326 1509 528 1550 erroribus
558 1508 641 1549 suis
671 1507 901 1560 frequenter
929 1506 1164 1559 deprehensi
1195 1507 1235 1547 et
1265 1505 1392 1546 semel
1422 1505 1543 1558 atque
1573 1505 1771 1546 iterumn,

307 1671 326 1704 1
344 1681 453 1714 nuper
472 1668 665 1713 acceperim
683 1667 733 1702 Ze
813 1677 874 1700 uos
892 1666 1074 1710 scripsisse
1091 1666 1130 1707 Z,
1152 1665 1353 1710 scripsisset
1370 1675 1431 1698 uos
1455 1666 1486 1699 T
1562 1665 1583 1698 2
1600 1675 1691 1698 nunc
1710 1677 1731 1707 μ

237 1739 263 1763 s.
282 1729 303 1763 l.
323 1740 365 1762 m.
386 1731 411 1762 52
515 1727 536 1761 3
553 1728 673 1760 nostra
691 1725 831 1759 libellos
849 1726 890 1758 ut
909 1724 1030 1758 sciatis
1050 1724 1092 1768 μι
1186 1734 1265 1758 011111
1283 1734 1347 1757 om.
1371 1734 1399 1756 w
1503 1723 1525 1756 4
1542 1722 1585 1756 ad
1603 1733 1656 1756 me
1674 1722 1734 1766 tr.]

242 1786 444 1821 admittatis
463 1796 524 1828 φη)
640 1784 661 1817 5
677 1782 840 1827 habeam]
866 1782 1011 1816 debeam
1034 1782 1128 1825 Τφω
1245 1780 1266 1814 6
1283 1780 1395 1814 nostri
1419 1790 1482 1814 om.
1503 1793 1530 1823 φ
1648 1779 1732 1812 3011-

238 1844 319 1877 bam
337 1844 367 1877 Z
470 1842 598 1875 fratres
616 1852 679 1875 om.
701 1851 761 1884 φῑσ
771 1854 783 1884 ,-
812 1839 986 1873 carissimi
1005 1849 1139 1883 semper
1157 1838 1242 1872 add.
1261 1838 1340 1881 Ζμυ
1450 1837 1469 1870 7
1488 1838 1524 1870 01
1543 1862 1551 1870 .
1566 1863 1573 1870 .
1589 1863 1596 1870 .
1618 1837 1734 1870 ualete

239 1913 303 1936 om.
322 1901 378 1945 Ζμ
472 1899 652 1943 tranquile
675 1899 713 1939 T,
732 1897 1000 1941 tranquillitate
1018 1899 1064 1930 r20¹
1172 1896 1193 1929 8
1211 1895 1327 1929 ualete
1345 1905 1410 1929 om.
1436 1895 1490 1928 T¹.
1510 1915 1553 1917 —
1571 1894 1733 1938 Epistola

242 1958 401 2003 Cipriani
418 1958 585 1992 aduersus
603 1957 720 2001 lapsos
739 1956 799 2000 qui
817 1955 893 1989 illic
912 1954 1126 1998 scripserunt
1146 1953 1291 1997 explicit
1314 1954 1351 1994 T,
1377 1952 1534 1996 Explicit
1552 1951 1595 1985 ad
1613 1952 1732 1995 lapsos

241 2017 302 2061 qui
321 2017 378 2050 illi
396 2016 437 2050 de
455 2017 626 2059 usurpata
643 2025 726 2059 pace
745 2012 950 2056 scripserint
967 2012 1007 2055 Z,
1027 2022 1092 2046 om.
1112 2022 1211 2055 φῑυμ.
1232 2031 1274 2035 —

308 2074 421 2119 Epist.
441 2072 632 2107 XXXIIII.
654 2092 693 2097 —
712 2071 845 2114 Incipit
870 2073 948 2112 (om.
970 2074 1010 2113 φ)
1036 2068 1185 2113 epistola
1212 2067 1366 2112 cipriani
1385 2068 1462 2110 (01η.
1484 2067 1527 2110 φ)
1545 2066 1589 2100 ad
1607 2066 1737 2100 clerum

241 2133 281 2167 de
299 2132 349 2166 eis
369 2132 398 2167 C
410 2131 479 2174 (his
495 2132 536 2174 φ)
553 2130 614 2174 (1111
631 2131 761 2163 temere
778 2128 871 2172 lapsi
888 2126 1236 2161 communicauerunt
1254 2126 1289 2159 et
1304 2124 1513 2158 Philumene
1533 2124 1586 2165 (in
1602 2133 1672 2157 ras.
1697 2124 1729 2158 T
1729 2149 1736 2164 ,

240 2190 448 2234 phylemone
479 2190 522 2231 φ)
552 2189 587 2222 et
617 2189 696 2231 (om.
725 2187 769 2229 T)
801 2185 998 2219 Fortunato
1031 2183 1307 2229 hyppediaconis
1344 2182 1598 2227 (hypodiacono
1627 2181 1670 2225 T)
1702 2181 1737 2215 et

241 2247 415 2281 Fauorino
441 2245 568 2280 acolito
594 2234 752 2288 (00110111-
772 2245 816 2287 Τ)
840 2244 907 2284 Τφ,
939 2241 1098 2285 Cipriani
1124 2240 1168 2274 ad
1186 2240 1316 2274 clerum
1343 2239 1542 2273 emendatio
1561 2238 1653 2282 quod
1669 2247 1738 2272 non

242 2302 578 2338 communicauerint
602 2302 646 2335 113
672 2301 733 2345 (1111
762 2302 894 2334 temere
924 2298 1267 2334 communicauerant
1295 2297 1408 2341 lapsis
1426 2298 1462 2331 ct
1479 2296 1520 2330 de
1538 2295 1738 2340 penitentia

241 2361 446 2396 Philemone
474 2362 510 2394 et
534 2359 730 2393 Fortunate
759 2357 1010 2402 hypodiaconis
1039 2357 1074 2390 ct
1099 2355 1274 2390 Fauorino
1303 2354 1451 2389 accolito
1480 2353 1634 2398 insignis
1663 2352 1738 2396 epi-

242 2419 334 2453 stola
352 2430 391 2460 w,
411 2417 545 2462 Incipit
562 2417 606 2451 ad
623 2416 760 2450 cosdem
779 2415 1065 2459 (pracnzz'ttz'tztrt
1093 2413 1137 2447 ad
1154 2412 1377 2457 presbyteros
1395 2413 1431 2446 et
1447 2411 1611 2445 diaconos
1629 2409 1737 2454 expli—

242 2477 306 2521 cit)
326 2477 359 2510 Z
372 2476 432 2519 fol.
452 2475 547 2519 186'2,
577 2474 710 2518 Incipit
727 2473 771 2507 ad
789 2472 927 2506 cosdem
944 2471 985 2506 de
1003 2472 1099 2515 Gayo
1118 2470 1271 2504 Didcndi
1288 2471 1323 2504 et
1340 2469 1415 2503 eius
1433 2468 1577 2503 diacono
1597 2467 1659 2512 qui
1674 2477 1737 2511 pro

242 2535 353 2578 lapsis
371 2533 644 2568 communicauit
661 2542 680 2566 ε
696 2531 758 2574 fol.
777 2532 877 2566 235⁰.
898 2549 939 2554 —-
958 2529 1002 2563 10
1017 2528 1130 2573 presb.
1152 2529 1188 2562 et
1205 2527 1362 2561 diaconis
1378 2527 1420 2565 Z,
1445 2526 1537 2560 clero
1555 2536 1574 2559 z
1667 2524 1738 2558 sra-

242 2591 372 2636 tribus]
393 2590 539 2626 Gaclodi
564 2588 839 2624 consistentibus
859 2587 943 2622 add.
962 2598 993 2621 w
1088 2587 1130 2620 11
1148 2596 1187 2619 cx
1205 2596 1272 2620 om.
1290 2596 1320 2626 v,
1347 2595 1386 2618 ex
1403 2594 1440 2618 eo
1463 2597 1490 2627 φ
1586 2582 1629 2616 12
1646 2592 1739 2615 meo-

241 2649 334 2693 rum]
354 2659 470 2683 eorum
489 2649 520 2680 Z
628 2646 775 2681 aderant
792 2646 853 2689 Ζφ
963 2644 1045 2689 gaio
1063 2642 1223 2679 dianensi
1240 2643 1280 2683 Z,
1298 2640 1556 2686 gaglodudensi
1573 2650 1600 2681 ε,
1619 2639 1738 2684 gacle-

242 2707 381 2741 didensi
408 2719 448 2748 w,
482 2704 713 2750 gailididensi
743 2717 770 2747 φ
805 2702 866 2736 sed
899 2702 940 2735 ili
973 2711 1062 2736 corr.
1097 2702 1139 2735 in
1172 2700 1214 2734 do
1246 2711 1289 2733 m.
1320 2702 1342 2733 2
1471 2698 1515 2731 13
1547 2696 1665 2731 censui
1694 2697 1737 2739 Ζ,

245 2764 431 2799 sensuistis
449 2775 480 2798 w
602 2762 682 2806 non]
701 2761 823 2795 hmoni
840 2761 871 2792 Z
986 2759 1142 2807 quincum
1159 2758 1190 2790 Z
1306 2757 1349 2791 14
1366 2756 1413 2800 et]
1432 2756 1473 2789 ut
1489 2765 1508 2788 z
1620 2764 1738 2787 eorum

245 2834 309 2856 om.
334 2823 381 2856 ΤΖ
473 2820 510 2854 111
527 2819 658 2864 prauis]
678 2817 849 2862 improbis
866 2827 885 2850 z
978 2816 1021 2850 15
1040 2815 1157 2861 atque]
1177 2825 1216 2850 ac
1234 2815 1265 2847 Z
