1838 3152
154 244 234 285 782
687 241 879 276 Caecilii
905 243 1123 287 Cypriani

152 358 240 387 zare
270 346 462 387 deberent
490 345 660 387 instruit
682 346 722 386 et
744 345 860 387 docet
880 345 1038 387 dicens:
1071 346 1190 388 data
1221 348 1298 388 est
1330 347 1456 389 mihi
1487 348 1651 389 omnis

151 415 385 467 potestas
407 413 457 454 in
480 414 620 455 caelo
650 414 697 455 et
726 413 951 455 interra.
985 414 1057 455 ite
1089 427 1229 469 ergo,
1262 415 1439 457 docete
1471 417 1650 470 gentes

153 495 326 524 omnes
373 482 676 536 tinguentes
720 494 799 523 eos
838 482 886 523 in
924 483 1123 524 nomine
1164 484 1331 536 patris
1371 485 1418 525 et
1455 483 1567 525 filii
1605 485 1652 525 et

152 550 375 604 spiritus
397 550 580 592 saneti.
611 550 793 592 insinuat
813 550 1059 602 trinitatem,
1091 551 1205 593 0111115
1228 552 1480 594 sacramento
1511 553 1652 607 gentes

150 619 448 673 tinguerentur.
476 619 676 672 numquid
696 619 799 660 hanc
821 620 1053 662 trinitatem
1075 621 1256 662 Marcion
1277 622 1424 663 tenet?
1447 622 1649 675 numquid
1665 638 1679 661 5

152 688 326 729 eundem
356 688 509 729 adserit
539 701 659 740 quem
683 688 722 729 et
743 699 814 729 nos
836 688 969 729 Deum
998 690 1159 741 patrem
1188 690 1442 731 creatorem?
1479 691 1653 731 eundem

151 756 269 797 nouit
296 756 430 797 filium
453 755 662 797 Christum
693 757 742 797 de
764 756 925 810 uirgine
947 757 1080 799 Maria
1108 758 1264 808 natum,
1303 758 1374 811 qui
1403 770 1533 799 sermo
1563 770 1652 800 caro

152 825 285 866 sactus
314 825 381 875 sit,
413 825 483 878 qui
512 826 679 878 peccata
707 825 846 866 nostra
875 826 1115 879 portauerit,
1147 826 1218 879 qui
1246 827 1423 868 mortem
1444 826 1653 868 moriendo

153 893 313 947 uicerit,
337 893 406 946 qui
423 893 759 935 resurrectionem
782 893 913 935 carnis
935 907 1007 946 per
1028 895 1158 936 semet
1174 894 1311 947 ipsum
1332 895 1490 949 primus
1511 895 1653 936 initia-

150 962 259 1003 uerit
281 963 319 1003 et
341 962 553 1015 discipulis
583 963 667 1004 suis
697 963 804 1015 quod
825 963 867 1004 in
892 963 1033 1004 eadem
1062 976 1180 1005 carne
1204 964 1491 1006 resurrexisset
1512 968 1650 1005 osten·
1666 982 1698 1005 10

153 1031 291 1072 derit?
313 1031 432 1084 longe
450 1031 530 1072 alia
551 1033 612 1073 est
629 1032 737 1084 apud
754 1031 1003 1073 Marcionem
1026 1032 1096 1073 sed
1115 1033 1155 1074 et
1172 1032 1280 1086 apud
1303 1033 1456 1074 ceteros
1477 1032 1654 1074 haereti-

153 1111 220 1141 cos
249 1099 360 1141 fides.
397 1099 525 1140 immo
554 1099 659 1141 nihil
689 1101 750 1141 est
779 1101 887 1153 apud
918 1100 1012 1141 illos
1041 1101 1122 1142 nisi
1143 1101 1313 1155 perfidia
1336 1102 1376 1142 et
1398 1101 1655 1155 blasphemia

154 1170 195 1209 et
216 1168 424 1210 eontentio
455 1168 647 1210 sanitatis
670 1169 709 1209 et
730 1168 922 1210 ueritatis
950 1169 1132 1211 inimica.
1171 1170 1372 1222 quomodo
1403 1182 1498 1223 ergo
1519 1170 1655 1222 potest

152 1237 285 1278 uideri
322 1237 392 1290 qui
429 1237 536 1290 apud
578 1237 671 1278 illos
713 1237 949 1290 baptizatur
991 1239 1229 1279 consecutus
1270 1250 1355 1280 esse
1396 1239 1656 1291 peccatorum

152 1306 370 1348 remissam
401 1308 441 1348 et
463 1305 626 1347 diuinae
657 1306 939 1360 indulgentiae
970 1306 1151 1360 gratiam
1181 1319 1252 1359 per
1282 1319 1397 1348 suam
1430 1306 1553 1348 fidem
1584 1307 1653 1359 qui
1670 1326 1700 1350 15

155 1376 285 1428 ipsius
315 1375 410 1416 fidei
438 1389 517 1417 non
546 1375 738 1416 habuerit
767 1375 1016 1417 ueritatem?
1053 1376 1088 1416 si
1118 1375 1240 1426 enim,
1273 1376 1380 1417 sicut
1410 1374 1655 1428 quibusdam

153 1444 330 1495 uidetur,
365 1444 587 1486 secundum
618 1444 743 1486 fidem
774 1456 891 1485 suam
921 1444 1012 1497 quis
1044 1444 1223 1497 accipere
1246 1445 1404 1498 aliquid
1425 1443 1523 1485 foris
1546 1445 1657 1485 extra

155 1513 371 1554 ecclesiam
400 1513 548 1566 11011111,
582 1513 724 1565 utique
746 1513 788 1553 id
813 1513 969 1565 aceepit
991 1513 1097 1566 quod
1120 1513 1303 1554 credidit.
1344 1513 1496 1554 falsum
1518 1514 1657 1554 autem

156 1582 320 1623 credens
353 1595 496 1623 uerum
529 1582 710 1636 accipere
740 1594 819 1623 non
850 1582 999 1635 potuit,
1033 1584 1102 1623 sed
1132 1583 1269 1635 potius
1292 1583 1480 1624 adultera
1502 1584 1541 1624 et
1562 1595 1655 1636 pro-

155 1650 249 1692 fana
272 1652 494 1692 secundum
516 1651 621 1704 quod
644 1651 832 1692 credebat
854 1651 1021 1703 accepit.
1669 1667 1702 1692 20

115 1728 139 1766 6
213 1718 343 1769 Quem
374 1720 510 1760 locum
531 1719 690 1772 profani
713 1720 753 1760 et
775 1719 952 1760 adulteri
973 1719 1170 1772 baptismi
1194 1720 1404 1761 subtiliter
1425 1719 1656 1761 Hieremias

154 1788 352 1842 propheta
383 1788 627 1842 perstringit
658 1788 816 1829 dicens:
857 1788 911 1828 ut
942 1788 1063 1841 quid
1102 1788 1187 1841 (1111
1226 1790 1547 1830 contristant
1585 1801 1656 1829 me

290 1949 309 1982 1
335 1948 467 1982 Matth.
493 1949 548 1989 25,
576 1949 628 1982 18.
657 1949 709 1983 19.
803 1949 848 1983 2³2
872 1948 969 1982 Hier.
999 1948 1051 1989 15,
1080 1948 1132 1983 18.

227 2099 246 2132 1
264 2098 415 2132 debeant
434 2099 479 2139 B,
498 2098 665 2132 debemus
684 2098 727 2132 0¹
858 2098 1031 2132 instruxit
1053 2099 1114 2139 Tv,
1132 2097 1295 2131 instituit
1314 2097 1344 2131 Ο
1463 2096 1582 2130 (1001111
1600 2096 1659 2136 Cr,

157 2156 282 2190 docens
301 2167 381 2200 emp.
405 2157 437 2190 T
584 2156 605 2189 2
623 2157 781 2199 potestas
799 2155 912 2189 omnis
931 2155 960 2190 C
975 2156 1005 2189 is
1024 2166 1069 2190 ese
1086 2166 1106 2188 a
1257 2157 1292 2188 et
1308 2154 1429 2188 docete
1446 2153 1614 2188 BNPTv

158 2214 179 2247 3
198 2224 316 2248 omnes
335 2215 458 2258 gentes
478 2213 557 2248 01³¹
744 2212 964 2257 tinguentes]
983 2212 1206 2256 baptizantes
1229 2211 1318 2246 CNv
1494 2221 1552 2244 eas
1571 2210 1615 2245 0²

160 2272 181 2305 5
198 2271 460 2315 tinguerentur]
479 2270 747 2315 baptizarentur
766 2269 815 2304 Cv
933 2270 953 2304 6
971 2269 1103 2303 adserit
1120 2279 1184 2303 om.
1205 2268 1239 2302 B
1355 2268 1459 2301 deum
1477 2278 1541 2301 om.
1560 2267 1615 2301 Pe

160 2347 195 2379 et
213 2345 359 2379 eundem
377 2346 422 2385 P,
440 2344 611 2388 numquid
629 2344 778 2378 eundem
796 2344 844 2378 Cv
999 2344 1018 2377 7
1036 2343 1152 2387 nouit]
1169 2321 1263 2376 11111111
1281 2342 1310 2377 Ο
1460 2341 1573 2375 maria
1590 2340 1662 2374 uir-

159 2402 243 2446 gine
260 2413 280 2436 v
372 2402 510 2446 natum]
530 2402 597 2435 erit
614 2401 697 2435 add.
718 2401 767 2435 L·
777 2429 786 2445 ,
805 2412 883 2446 exp.
902 2412 947 2436 m.
966 2404 988 2435 2
1089 2401 1110 2434 8
1128 2400 1188 2444 511]
1201 2392 1261 2434 ⁸est
1279 2400 1308 2435 C
1399 2400 1419 2433 9
1436 2399 1661 2433 resurreetio-

159 2470 238 2493 nem
257 2470 300 2493 090
317 2459 454 2493 ratione
472 2459 501 2494 C
614 2470 675 2503 per
692 2469 735 2493 eac
751 2470 815 2503 pro
835 2459 862 2494 C
976 2459 1073 2503 prius
1092 2458 1120 2493 C
1234 2457 1278 2491 10
1295 2458 1331 2491 et
1347 2468 1411 2492 om.
1435 2458 1468 2492 T
1572 2456 1663 2500 quod

160 2527 225 2550 om.
246 2516 275 2550 G
389 2527 528 2550 earnem
546 2517 581 2550 P
703 2517 933 2550 resurrexisse
950 2516 994 2558 P,
1013 2515 1303 2550 resurrectionem
1321 2515 1351 2550 G
1474 2514 1516 2548 11
1535 2513 1593 2547 sod
1611 2513 1661 2557 et]

161 2583 268 2617 quam
286 2584 329 2607 eoe
346 2573 404 2607 sed
428 2575 461 2608 T
560 2574 603 2607 12
619 2573 706 2608 fides
724 2584 790 2608 om.
809 2574 844 2609 L
982 2574 1090 2607 immo
1108 2583 1172 2607 om.
1194 2573 1228 2607 Β
1375 2572 1418 2606 13
1435 2571 1602 2606 sanitatis
1621 2571 1661 2612 T,

160 2631 338 2665 uanitatis
357 2632 401 2673 P,
421 2632 626 2666 sanctitatis
645 2633 704 2668 Nv
851 2631 1017 2666 ueritatis
1040 2631 1072 2665 T
1215 2630 1259 2664 14
1275 2629 1396 2663 uidere
1414 2629 1443 2664 C
1450 2633 1456 2651 ¹
1589 2618 1663 2673 ‘qui

161 2699 243 2733 0:131).
268 2690 297 2724 O
425 2689 624 2734 baptizatos
644 2690 673 2725 C
688 2700 707 2724 o
725 2700 768 2724 σω
785 2701 808 2723 11
941 2679 1144 2723 consecutos
1163 2687 1191 2722 C
1322 2688 1365 2722 15
1381 2687 1528 2720 remissa
1544 2686 1617 2720 BP

161 2747 204 2780 17
223 2746 285 2790 qui
304 2746 339 2780 B
471 2747 514 2781 18
532 2747 667 2791 utique]
686 2747 807 2791 itaque
826 2746 855 2781 G
982 2745 1113 2790 accipit
1130 2745 1175 2787 B,
1195 2744 1349 2789 accipere
1367 2755 1437 2778 non
1454 2744 1572 2788 potuit
1590 2744 1620 2778 C

161 2815 224 2838 nec
242 2803 390 2838 eredidit
408 2804 439 2839 C
627 2804 760 2838 falsum
780 2832 785 2838 .
800 2829 809 2839 .
824 2830 831 2837 .
852 2803 970 2848 potuit
987 2814 1052 2837 om.
1073 2802 1102 2837 O
1299 2801 1341 2835 19
1360 2801 1513 2835 adulteri
1530 2802 1565 2835 et
1582 2811 1661 2844 pro-

162 2861 239 2895 fani
257 2861 302 2896 C²
439 2862 485 2896 ΞΟ
502 2861 691 2896 credebant
709 2862 737 2897 C
875 2861 919 2895 21
936 2860 1099 2894 ieremias
1117 2860 1153 2894 P
