1838 3152
557 242 797 287 Epistulae
821 242 1038 279 XLVIIII.
1065 253 1092 277 c.
1121 242 1223 277 1-2,
1551 244 1632 286 611

134 360 256 402 puros
277 348 408 402 corde,
431 348 623 402 quoniam
644 348 723 401 ipsi
745 348 880 390 Deum
901 346 1112 389 uidebunt.
1135 346 1244 399 quod
1266 347 1354 389 erat
1375 358 1636 400 consequens,

133 417 267 459 omnis
301 417 368 459 hic
395 417 510 459 actus
539 417 689 470 populo
712 416 846 459 fuerat
867 415 1149 465 insinuandus
1185 416 1232 456 ut
1254 416 1294 457 et
1315 415 1425 468 ipsos
1447 415 1636 457 uiderent

130 486 174 528 in
195 485 365 528 ecclesia
385 485 632 527 constitutos
654 497 754 538 quos
775 485 957 527 errantes
979 485 1021 525 et
1041 483 1292 536 palabundos
1315 486 1403 526 tam
1425 483 1495 525 diu
1519 483 1635 525 uide-

133 555 225 596 rant
247 556 288 596 et
309 554 515 596 dolebant.
547 565 720 607 quorum
743 553 957 595 uoluntate
978 552 1146 607 cognita
1166 564 1340 607 magnus
1363 551 1639 594 fraternitatis

103 634 351 666 sconoursus
384 622 529 664 factus.
569 635 648 664 una
679 635 755 664 uox
788 623 877 664 erat
908 621 1094 664 omnium
1125 620 1282 675 gratias
1312 621 1396 662 Deo
1425 620 1639 674 agentium

132 691 330 745 gaudium
360 691 537 744 pectoris
566 691 750 733 lacrimis
779 690 1066 743 exprimentes,
1103 689 1406 742 conplectentes
1436 701 1503 731 eos
1525 690 1639 742 quasi

131 760 206 802 hoe
239 760 303 802 die
335 771 464 814 poena
498 760 671 802 carceris
704 759 879 801 fuissent
913 758 1092 801 liberati.
1130 759 1171 800 et
1192 759 1238 799 ut
1260 757 1444 811 ipsorum
1478 758 1642 812 propria

132 829 255 871 uerba
271 828 494 883 designem,
512 820 611 872 ‘nos'
628 828 822 881 inquiunt
837 822 1089 869 ‘Cornelium
1105 827 1340 880 episcopum
1357 826 1641 869 sanctissimae

132 897 357 940 catholicae
379 897 573 940 ecelesiae
595 897 771 940 electum
788 909 811 938 a
828 896 911 937 Deo
933 896 1210 949 omnipotente
1229 897 1269 937 et
1286 894 1448 937 Christo
1464 895 1641 937 Domino

86 986 120 1009 ιο
134 967 270 1008 nostro
313 967 477 1009 scimus.
522 978 593 1008 nos
634 978 812 1009 errorem
854 967 1040 1007 nostrum
1081 965 1333 1007 confitemur.
1384 964 1641 1018 inposturam

132 1035 242 1089 passi
273 1048 426 1077 sumus.
461 1034 734 1077 circumuenti
756 1047 897 1076 sumus
919 1033 1090 1087 perfidia
1111 1035 1153 1075 et
1174 1033 1422 1087 loquacitate
1444 1033 1638 1087 captiosa.

129 1117 226 1146 nam
257 1104 424 1160 tametsi
455 1104 698 1146 uidebamur
727 1103 843 1157 quasi
874 1103 1079 1156 quandam
1109 1102 1522 1145 communicationem
1547 1115 1637 1144 cum

131 1173 394 1215 schismatico
427 1174 467 1215 et
496 1173 703 1215 haeretico
739 1172 904 1214 homine
939 1171 1143 1221 habuisse,
1182 1184 1250 1213 cor
1283 1172 1421 1213 tamen
1451 1172 1640 1213 nostrum

132 1254 293 1295 semper
314 1242 355 1283 in
377 1242 549 1284 ecclesia
572 1241 664 1284 fuit.
699 1254 773 1284 neo
795 1241 904 1283 enim
926 1241 1164 1295 ignoramus
1185 1253 1314 1282 unum
1333 1241 1469 1282 Deum
1491 1253 1577 1283 esse
1598 1243 1640 1282 et

44 1335 47 1337 >
85 1324 259 1354 1⁵u11um
297 1310 509 1353 Christum
551 1323 637 1353 esse
673 1310 899 1352 Dominum
941 1322 1062 1362 quem
1099 1308 1273 1351 confessi
1310 1322 1466 1360 sumus,
1510 1323 1637 1351 unuln

133 1380 323 1421 sanctum
360 1379 567 1433 spiritum,
607 1392 735 1421 unum
762 1379 1006 1433 ,episcopum
1038 1378 1080 1419 in
1114 1378 1316 1420 catholica
1346 1390 1433 1420 esse
1466 1371 1638 1420 deberes

130 1448 210 1490 ista
231 1460 371 1490 eorum
394 1448 640 1501 professione
671 1448 762 1501 quis
794 1459 874 1489 non
906 1448 1156 1497 moueretur,
1186 1448 1233 1488 ut
1255 1448 1362 1500 quod
1391 1448 1499 1500 apud
1521 1448 1639 1501 pote-

199 1666 215 1699 1
236 1664 328 1709 quod
345 1665 417 1700 iam
438 1665 504 1701 CR
628 1665 697 1710 ipsi
717 1664 749 1699 d.
770 1664 955 1710 uidebunt]
982 1668 1125 1709 sperent
1148 1653 1236 1699 (1ῐῖᾙῖ
1255 1664 1329 1705 CR,
1357 1664 1426 1709 ipsi
1444 1666 1585 1709 sperent
1604 1664 1637 1697 in

126 1713 186 1756 dm
213 1736 234 1766 μ
262 1722 324 1756 sed
349 1722 385 1757 in
410 1713 469 1757 dfn
493 1734 521 1757 s.
540 1722 564 1757 l.
581 1734 623 1757 m.
644 1724 670 1756 2
807 1722 830 1756 2
847 1722 962 1756 omnis
986 1722 1043 1756 hic
1069 1723 1171 1756 aetus
1197 1732 1241 1756 ex
1267 1722 1297 1755 si
1321 1721 1435 1756 omnis
1460 1721 1528 1755 huc
1554 1732 1593 1755 ac
1613 1736 1635 1765 μ

130 1791 171 1812 m.
191 1782 216 1813 2
324 1779 463 1824 populis
482 1790 525 1814 ex
542 1780 693 1824 populus
717 1780 746 1815 Ο
849 1781 926 1814 erat
947 1780 979 1814 Τ
1082 1779 1104 1813 3
1121 1779 1306 1814 ecclesiam
1329 1780 1373 1815 0¹
1466 1782 1540 1813 tam
1559 1778 1634 1823 diu}

128 1837 198 1871 iam
224 1837 316 1881 CRJ»
434 1838 456 1872 4
474 1837 700 1871 fraternitate
717 1838 775 1871 his
800 1838 832 1871 T
944 1838 966 1872 5
984 1837 1100 1871 factus
1119 1839 1173 1870 est
1196 1837 1264 1872 C²v
1372 1848 1442 1872 una
1460 1848 1504 1871 em
1519 1847 1588 1871 ona
1611 1838 1640 1870 (¹

128 1905 171 1928 m.
189 1898 213 1928 2
330 1905 395 1928 uox
410 1899 491 1938 post
509 1897 586 1928 erat
608 1895 638 1929 C
652 1906 677 1929 s.
698 1895 719 1928 I.
738 1906 781 1929 m.
799 1899 823 1929 :e
945 1896 966 1929 6
984 1894 1147 1938 pectoris]
1166 1896 1364 1939 peccatores
1387 1895 1419 1929 T
1532 1894 1636 1928 lacri-

129 1962 202 1985 mas
229 1954 270 1995 μι
413 1951 430 1985 7
449 1951 514 1986 hac
539 1951 595 1986 die
618 1953 656 1993 Τ,
688 1951 792 1986 hodie
817 1964 865 1996 μυ
1004 1953 1026 1986 ὃ
1051 1952 1279 1996 designemus
1302 1952 1332 1987 C
1469 1951 1640 1996 inquiunt

127 2020 192 2043 om.
214 2011 254 2052 μ’
373 2010 394 2043 9
412 2009 563 2043 electum
588 2020 632 2043 ea:
649 2012 803 2044 erectum
827 2010 856 2045 C
936 2005 942 2009 ’
972 2020 992 2043 a
1010 2023 1034 2054 μ
1052 2020 1079 2043 s.
1099 2009 1120 2043 l.
1138 2020 1182 2044 m.
1201 2011 1227 2043 2
1343 2009 1581 2053 omnipotenti
1601 2023 1636 2053 μ,

127 2077 192 2100 om.
211 2066 246 2101 R
365 2069 401 2100 ct
419 2066 471 2100 ch.
491 2066 631 2101 domino
650 2078 715 2101 om.
735 2068 771 2102 R
890 2067 932 2101 10
948 2068 1068 2101 nostro
1093 2066 1169 2101 iesu
1187 2066 1322 2101 christo
1344 2067 1377 2101 T
1490 2077 1552 2100 nos
1571 2066 1636 2100 im-

127 2126 307 2168 posturam
335 2137 359 2168 μ
500 2124 720 2169 inpostnram
747 2136 778 2169 p.
810 2135 931 2159 sumus
960 2136 1026 2159 om.
1050 2125 1094 2159 C*
1237 2125 1277 2158 11
1302 2124 1451 2169 perfidia
1480 2125 1528 2169 et]
1560 2135 1635 2168 per-

126 2180 229 2215 fidiae
253 2181 301 2217 Co
433 2182 582 2216 factiosa
605 2183 641 2223 C,
669 2182 823 2226 faptiosa
842 2182 885 2223 R,
903 2183 999 2227 capti
1017 2193 1078 2216 nos
1096 2193 1141 2216 an
1159 2195 1183 2226 μ
1327 2182 1368 2216 12
1385 2193 1467 2215 narn
1487 2181 1635 2216 tametsi

125 2239 268 2282 scripsi,
294 2249 375 2272 narn
400 2238 431 2272 si
453 2240 491 2279 Τ,
519 2250 600 2274 nam
624 2242 720 2274 amet
737 2253 773 2284 μ,
799 2250 880 2274 nam
906 2242 1064 2274 amentes
1087 2239 1162 2280 CR,
1190 2250 1271 2273 nam
1288 2239 1358 2273 etsi
1379 2251 1397 2274 υ
1536 2239 1633 2273 uide-

126 2294 258 2330 bantur
281 2296 318 2336 C,
347 2295 532 2330 uideamur
549 2299 608 2341 μ·;
634 2297 737 2341 quasi
756 2296 964 2332 uidebamur
986 2298 1018 2332 T
1156 2297 1308 2341 quadam
1328 2297 1372 2337 R,
1391 2296 1567 2341 quondam
1595 2298 1632 2336 ζ’,

129 2353 301 2397 quaedam
320 2367 345 2397 μ
479 2366 556 2389 cum
575 2366 639 2389 (rm.
664 2356 695 2389 Τ
834 2355 878 2388 13
894 2357 930 2389 et
946 2355 1126 2389 haeretico
1144 2366 1209 2390 om.
1235 2355 1310 2391 CR.
1329 2357 1366 2388 et
1384 2354 1561 2389 heresiaco
1584 2355 1632 2391 T.-

131 2412 178 2453 cf.
191 2422 278 2455 paq.
299 2413 429 2454 612,14
548 2412 723 2446 hominem
746 2413 778 2447 Τ
891 2423 948 2446 cor
966 2414 1086 2446 tamen
1108 2413 1147 2453 Τ,
1168 2413 1305 2447 sincera
1322 2414 1439 2446 tamen
1459 2422 1557 2446 mens
1576 2412 1635 2446 R„

126 2468 206 2510 (sed
224 2468 260 2502 R
283 2468 420 2502 sincera
446 2470 485 2503 in
502 2471 605 2513 ras),
636 2469 871 2504 sincertamen
898 2481 996 2504 mens
1019 2470 1049 2505 C
1077 2470 1205 2513 (sincer
1235 2480 1313 2513 emp.
1335 2474 1368 2503 et
1386 2481 1497 2514 super
1514 2471 1633 2504 tamen

126 2536 193 2560 scr.
211 2525 332 2570 sedyn.
346 2531 394 2568 2),
414 2528 533 2560 tamen
547 2527 682 2562 sincera
696 2538 833 2572 mensa
926 2530 1047 2562 nostra
1067 2528 1180 2572 CRyv
1277 2528 1319 2561 14
1332 2527 1425 2561 enim
1440 2539 1504 2562 (mr.
1526 2527 1591 2562 CH

126 2571 213 2616 drfffi
234 2583 263 2617 C
354 2583 457 2618 deum
484 2595 558 2618 esse
575 2587 610 2618 et
627 2585 750 2629 unum]
775 2584 956 2620 dominum
975 2585 1255 2630 omnipotentem
1274 2596 1379 2619 unum
1399 2595 1535 2628 quoque
1561 2585 1592 2618 V

126 2641 163 2673 et
180 2651 245 2674 om.
270 2641 300 2674 Τ
391 2642 427 2674 et
444 2651 552 2675 unum
574 2668 580 2674 .
597 2668 603 2674 .
621 2667 628 2674 .
648 2642 799 2676 confessi
816 2653 936 2676 sumus
954 2642 1040 2676 add.
1061 2655 1085 2686 μ
1104 2654 1148 2677 m.
1165 2645 1189 2677 :2
1207 2643 1245 2676 ιή
1264 2652 1371 2686 mary.
1471 2643 1512 2676 16
1530 2641 1634 2686 spiri-

128 2699 206 2731 tum
236 2700 397 2732 sanetum
427 2709 484 2741 μυ,
516 2698 691 2732 christum
714 2700 753 2738 Τ,
784 2688 868 2744 ερᾟ
890 2689 964 2734 scin
997 2711 1071 2734 esse
1105 2688 1189 2734 diffn'
1211 2700 1240 2734 C
1378 2699 1576 2743 episcopum
1609 2712 1634 2740 μ

127 2764 154 2788 3.
172 2755 194 2789 l.
213 2765 256 2788 m.
275 2761 299 2789 2
431 2756 608 2790 catholica
625 2756 775 2791 ecclesia
792 2757 869 2801 μὐ,
889 2757 1037 2791 ecclesia
1053 2756 1233 2792 catholica
1256 2756 1299 2791 0²
1428 2755 1572 2790 deberet
1595 2757 1635 2794 Τ,

126 2810 250 2846 debere
281 2813 522 2857 praepositum
549 2813 580 2847 V
706 2814 747 2847 17
773 2815 857 2859 ista]
891 2814 971 2859 quis
1001 2814 1072 2848 ista
1091 2826 1109 2848 υ
1238 2814 1318 2857 quis
1347 2824 1416 2847 non
1440 2814 1530 2853 (PT,
1563 2824 1632 2847 non

132 2868 264 2913 C'an
359 2880 577 2904 moneremur
597 2871 703 2915 C'li’gt
801 2871 905 2916 quod]
925 2882 1002 2906 cum
1022 2885 1046 2915 μ
1142 2870 1234 2914 apud
1256 2871 1285 2906 C
1299 2882 1325 2904 s,
1345 2870 1366 2904 l.
1386 2882 1430 2904 m.
1449 2873 1474 2903 2

1268 2928 1360 2970 39*
