1838 3152
540 263 775 308 Epistulae
799 263 1024 299 LXVIIII.
1050 275 1078 299 c.
1104 266 1203 300 6-8.
1536 268 1616 310 757

126 368 377 410 inuocandus
399 366 535 408 fuerat
557 367 827 409 inuocabant:
857 366 997 408 tamen
1026 368 1124 420 quia
1151 368 1231 411 loci
1253 369 1317 410 sui
1340 370 1618 411 ministerium

128 434 375 489 transgressi
398 435 540 476 contra
562 435 699 476 Aaron
721 434 974 476 sacerdotem
995 436 1066 487 qui
1087 436 1360 478 sacerdotium
1383 437 1617 491 legitimum

130 502 366 557 dignatione
386 503 462 544 Dei
483 504 615 556 adque
635 503 890 545 ordinatione
912 503 1078 544 Domini
1099 506 1333 557 perceperat
1364 506 1615 548 sacrificandi

127 571 207 612 sibi
238 570 449 613 licentiam
480 572 816 622 uindicauerunt,
853 571 1056 613 diuinitus
1085 573 1265 624 percussi
1297 586 1445 627 poenas
1474 575 1617 616 statim

95 656 111 680 ε
128 651 199 692 pro
225 639 398 681 inlicitis
428 641 643 682 conatibus
675 640 963 694 pependerunt,
994 652 1067 682 nec
1094 642 1317 694 potuerunt
1345 643 1434 684 rata
1462 655 1548 684 esse
1577 643 1618 682 et

124 708 314 761 proficere
336 709 534 751 sacrificia
555 709 789 764 inreligiose
810 711 852 751 et
872 708 1030 750 inlicite
1052 710 1192 751 contra
1215 709 1278 750 ius
1296 710 1460 752 diuinae
1477 710 1614 763 dispo-

123 777 284 818 sitionis
315 777 465 819 oblata.
499 778 684 819 turibula
714 790 873 831 quoque
902 778 1004 831 ipsa,
1035 777 1076 818 in
1105 777 1254 830 quibus
1283 778 1493 819 incensum
1522 778 1619 820 inli-

127 845 208 887 cite
230 845 363 887 suerat
384 846 583 896 oblatum,
620 859 669 888 ne
697 846 740 887 in
769 858 890 888 usum
920 847 970 888 de
999 847 1132 887 cetero
1162 847 1297 888 essent
1326 847 1617 896 sacerdotibus,

122 914 192 956 sed
213 914 349 967 potius
370 914 666 969 indignationis
683 915 724 956 et
741 914 909 955 ultionis
926 913 1088 955 diuinae
1104 914 1347 956 memoriam
1365 914 1616 969 corrigendis

79 1000 113 1024 ιο
126 983 300 1035 posteris
329 982 578 1033 exhiberent,
613 982 726 1024 iussu
756 983 923 1024 Domini
953 982 1126 1025 conflata
1154 983 1285 1036 adque
1314 983 1407 1037 igne
1444 985 1619 1038 purgata

126 1050 167 1092 in
190 1051 366 1092 laminas
394 1050 569 1093 ductiles
596 1051 878 1104 producuntur
907 1052 948 1092 et
976 1051 1214 1106 adfiguntur
1247 1051 1367 1093 altari
1396 1052 1619 1094 secundum

124 1120 231 1172 quod
274 1119 456 1172 loquitur
496 1119 699 1173 scriptura
736 1119 890 1161 diuina.
942 1119 1254 1170 memoriale,
1297 1120 1443 1172 inquit,
1482 1120 1501 1160 f
1507 1119 1619 1161 iliis

124 1187 292 1229 Israel
342 1189 395 1229 ut
444 1199 539 1229 non
587 1188 803 1230 accedat
860 1188 1127 1241 quisquam
1185 1188 1481 1242 alienigena
1531 1189 1618 1241 qui

128 1268 225 1298 non
256 1258 417 1298 estex
458 1256 648 1298 semine
689 1256 864 1298 Aaron
905 1257 1149 1309 inponere
1191 1257 1460 1299 incensum
1501 1258 1619 1299 ante

80 1325 399 1368 1⁵Dominum
431 1326 607 1367 utnon
638 1325 708 1367 sit
738 1325 882 1367 sicut
914 1324 1051 1367 Core.
1093 1327 1134 1367 et
1164 1327 1304 1367 tamen
1340 1326 1405 1366 illi
1442 1326 1620 1367 schisma

124 1406 203 1436 non
232 1394 410 1436 fecerant
441 1407 513 1435 nec
542 1393 650 1436 foras
672 1394 824 1448 egressi
848 1395 988 1436 contra
1010 1394 1085 1435 Dei
1118 1394 1346 1436 sacerdotes
1375 1394 1619 1448 inpudenter

129 1463 259 1516 adque
281 1463 488 1504 hostiliter
508 1462 823 1512 rebellauerant,
854 1462 961 1515 quod
990 1475 1097 1504 nunc
1128 1462 1172 1503 hi
1194 1463 1408 1504 ecclesiam
1430 1462 1617 1505 scinden-

123 1533 185 1573 tes
207 1533 248 1573 et
269 1533 409 1573 contra
438 1543 578 1584 pacem
600 1531 730 1584 adque
759 1531 964 1572 unitatem
994 1530 1146 1572 Christi
1176 1531 1348 1573 rebelles
1379 1531 1618 1573 cathedram

124 1599 204 1640 sibi
226 1599 472 1641 constituere
494 1600 534 1641 et
554 1599 780 1652 primatum
803 1599 1017 1641 adsumere
1039 1601 1080 1641 et
1100 1599 1338 1653 baptizandi
1360 1600 1490 1652 adque
1520 1599 1619 1641 offe-

79 1681 114 1707 20
130 1667 243 1710 rendi
283 1667 494 1709 licentiam
542 1667 750 1709 uindicare
790 1668 1000 1709 conantur.
1042 1668 1243 1721 quomodo
1282 1668 1473 1721 perficere
1514 1681 1617 1721 quae

126 1739 256 1791 agunt
278 1738 350 1778 aut
371 1736 592 1790 impetrare
622 1736 780 1789 aliquid
810 1736 987 1777 inlicitis
1016 1736 1228 1778 conatibus
1258 1737 1307 1778 de
1337 1737 1421 1778 Deo
1450 1737 1620 1789 possunt

125 1806 195 1858 qui
215 1807 355 1847 contra
377 1805 509 1846 Deum
533 1805 640 1858 quod
662 1804 720 1846 eis
741 1816 820 1846 non
842 1804 939 1845 licet
960 1804 1221 1846 moliuntur?
1243 1817 1366 1858 quare
1388 1805 1457 1858 qui
1479 1804 1620 1847 Noua—

125 1874 237 1916 tiano
267 1874 354 1915 siue
385 1874 528 1915 ceteris
573 1873 774 1915 eiusmodi
810 1873 1084 1915 schismaticis
1121 1873 1429 1926 patrocinantur
1464 1873 1617 1915 frustra

125 1942 373 1985 contendunt
388 1942 589 1996 baptizari
606 1943 646 1983 et
664 1941 910 1984 sanctificari
927 1941 1015 1983 illic
1031 1941 1211 1994 aliquem
1227 1942 1399 1983 salutari
1414 1942 1618 1996 baptismo

78 2025 112 2050 πε»
126 2023 242 2065 posse
263 2012 333 2053 ubi
356 2012 512 2053 constet
533 2011 810 2065 baptizantem
842 2010 1077 2063 baptizandi
1110 2010 1319 2052 licentiam
1352 2023 1430 2052 non
1459 2010 1617 2051 habere.

262 2136 305 2170 12
329 2135 433 2170 Num.
462 2136 515 2176 16,
540 2135 596 2169 40.

194 2251 211 2284 1
231 2250 326 2295 quia]
345 2241 412 2294 (1υό
426 2248 456 2284 S
583 2249 605 2283 2
622 2249 701 2293 qui*
720 2249 763 2289 L,
783 2249 867 2293 quia
886 2249 971 2294 ρης
985 2249 1062 2293 (qui
1080 2249 1198 2293 MQ²)
1326 2250 1348 2283 3
1365 2249 1528 2293 dignatio
1547 2248 1576 2284 S

124 2307 257 2342 domini
275 2307 319 2347 L,
337 2306 394 2341 dei
412 2308 485 2350 atq.
505 2306 543 2346 S,
561 2317 626 2340 om.
650 2305 787 2351 CPQV
972 2308 1197 2351 perceperant
1215 2305 1244 2340 S
1436 2307 1458 2341 6
1475 2306 1618 2340 diuinae

125 2375 190 2398 om.
212 2364 239 2398 S
391 2364 409 2397 7
428 2363 613 2398 thuribula
632 2363 730 2408 PQS
882 2363 971 2408 ipsa]
990 2363 1056 2397 illa
1078 2363 1107 2398 C
1259 2363 1294 2397 in
1313 2363 1442 2407 quibus
1460 2374 1527 2398 om.
1547 2363 1576 2397 S

122 2422 145 2455 8
163 2431 263 2454 usum
282 2420 348 2461 CS,
367 2431 431 2455 usu
450 2420 576 2466 LPQU
765 2421 788 2454 9
804 2422 840 2454 et
858 2420 1005 2454 ultionis
1021 2431 1086 2454 om.
1107 2419 1136 2454 S
1316 2420 1527 2465 corrigentis
1546 2419 1576 2454 S

126 2478 169 2512 10
185 2477 364 2512 exiberent
379 2478 409 2512 S
551 2478 590 2511 11
611 2477 800 2511 lamminas
817 2477 951 2522 L²PQ,
969 2476 1166 2511 flamminas
1184 2477 1233 2511 L·
1378 2478 1415 2511 et
1431 2477 1618 2521 adfligun-

124 2537 183 2568 tur
201 2535 235 2569 L
251 2534 278 2577 (1
296 2536 411 2579 erae),
431 2545 494 2569 om.
516 2534 545 2569 S
696 2535 740 2568 12
756 2536 792 2568 et
808 2534 969 2578 loquitur
991 2535 1020 2570 C
1168 2534 1210 2567 13
1229 2534 1280 2578 ut]
1300 2536 1335 2568 ct
1353 2533 1383 2568 S
1525 2543 1617 2568 rece-

123 2591 186 2626 dat
204 2591 233 2626 S
391 2591 435 2625 15
450 2582 508 2625 dm
529 2591 559 2626 S
693 2591 742 2625 sit
759 2602 823 2625 om.
843 2591 874 2626 G
1010 2591 1102 2625 sicut
1119 2602 1162 2625 ex
1179 2591 1229 2625 sic
1246 2591 1279 2625 L
1419 2591 1523 2625 chore
1546 2591 1617 2633 Cv;

126 2651 270 2693 pereant
287 2648 370 2682 add.
393 2649 423 2683 C
437 2659 464 2682 s.
482 2649 504 2682 l.
599 2648 667 2683 sibi
687 2648 839 2682 schisma
860 2649 890 2683 Ο
989 2649 1030 2682 16
1049 2647 1239 2682 sacerdotis
1258 2648 1287 2682 S
1377 2648 1418 2681 17
1437 2646 1616 2681 reuelaue·

126 2708 207 2740 rant
227 2706 296 2751 QS,
314 2705 576 2740 rebellauerant
593 2706 628 2740 L
744 2706 797 2740 hii
816 2706 850 2740 L
867 2719 892 2739 ε.
912 2706 933 2740 l.
1058 2706 1104 2739 20
1120 2705 1221 2750 quae]
1242 2705 1333 2749 quod
1356 2705 1385 2739 (J
1502 2705 1544 2738 21
1564 2704 1617 2738 in·

123 2763 243 2798 licitos
262 2763 291 2797 S
449 2763 657 2797 conantibus
679 2763 723 2808 ρ’
747 2763 946 2806 (conatibus
963 2764 1011 2797 M
1015 2763 1081 2808 Οἳ)
1246 2762 1291 2796 22
1309 2762 1520 2796 nouatianus
1537 2761 1572 2795 L

124 2819 168 2853 23
186 2820 260 2853 siue
279 2831 342 2854 om.
366 2820 395 2855 C
537 2822 671 2854 ceteros
690 2820 724 2861 S,
744 2820 938 2864 ceterisque
961 2821 991 2856 C
1126 2819 1371 2853 schismaticos
1390 2818 1420 2853 S
1423 2832 1435 2862 ,·
1452 2818 1535 2860 fort.
1556 2817 1617 2862 qui

126 2876 345 2910 Nouatianos
364 2877 437 2910 siue
456 2879 589 2911 ceteros
607 2888 635 2911 c.
654 2877 900 2911 schismaticos
919 2877 980 2920 (cf.
1000 2877 1094 2920 App.
1114 2878 1238 2919 54,12)
1373 2875 1418 2909 24
1435 2876 1470 2909 ct
1487 2875 1619 2909 sancti-

125 2933 220 2968 ficari
238 2946 302 2969 om.
323 2933 352 2967 S
487 2934 640 2968 salutare
660 2934 689 2968 S
822 2935 867 2968 25
883 2945 984 2979 posse
1000 2936 1035 2968 et
1054 2934 1090 2975 S,
1109 2933 1220 2977 possit
1242 2933 1280 2971 C,
1299 2934 1413 2976 potest
1433 2932 1465 2966 L
