1912 3152
668 270 728 304 De
755 269 900 314 lapsis
924 280 952 304 c.
979 270 1123 304 15—17.
1556 270 1640 312 249

139 378 260 420 cant?
290 374 389 429 quid
410 374 652 427 inpietatem
673 373 873 415 uocabulo
901 372 1068 426 pietatis
1096 372 1337 426 adpellant?
1368 372 1467 425 quid
1489 372 1547 414 eis
1568 372 1639 426 qui

138 445 231 486 flere
252 443 404 498 iugiter
423 443 464 484 et
486 454 628 497 rogare
649 441 874 483 Dominum
904 453 1026 482 suum
1062 441 1211 483 debent
1241 441 1469 494 intercepta
1497 441 1640 495 paeni-

137 513 289 555 tentiae
325 510 617 553 lamentatione
654 510 936 551 conmunicare
972 522 1014 551 se
1050 510 1278 551 simulant?
1310 510 1385 551 hoc
1414 512 1509 552 sunt
1530 511 1640 553 eius-

135 582 246 624 modi
268 581 394 634 lapsis
415 580 522 633 quod
544 579 697 634 grando
719 579 929 634 frugibus,
961 579 1068 632 quod
1096 579 1310 620 turbidum
1341 578 1454 620 sidus
1485 579 1641 621 arbori-

88 660 106 686 s
135 650 231 699 bus,
264 649 372 702 quod
393 648 590 690 armentis
610 648 806 702 pestilens
827 648 1002 690 uastitas
1015 681 1025 698 ,
1058 647 1166 700 quod
1188 647 1367 701 nauigiis
1389 660 1510 689 saeua
1531 650 1639 690 tem-

135 719 284 773 pestas.
323 717 521 759 solacium
558 717 643 770 spei
682 716 891 767 adimunt,
923 730 947 758 a
983 716 1119 758 radice
1154 716 1419 767 subuertunt,
1457 727 1640 758 sermone

134 786 319 829 morbido
349 786 400 827 ad
421 786 545 828 letale
567 785 802 840 contagium
826 785 1013 838 serpunt,
1044 797 1190 826 nauem
1212 785 1390 838 scopulis
1412 797 1461 826 ne
1482 785 1525 826 in
1545 798 1639 838 por-

134 856 226 897 tum
254 854 466 908 perueniat
497 854 690 896 inlidunt.
730 866 810 895 non
849 853 1035 895 concedit
1065 865 1207 906 pacem
1245 852 1427 895 facilitas
1458 853 1538 895 ista
1569 853 1640 895 scd

132 924 264 974 tollit,
297 936 370 965 nec
390 923 787 964 conmunicationem
808 922 958 964 tribuit
975 922 1045 964 sed
1067 922 1225 976 inpedit
1245 923 1296 964 ad
1318 922 1506 964 salutem.
1546 935 1639 975 per-

0 1017 1 1024 κ
25 991 29 998 ’
85 1010 120 1035 10
132 994 286 1036 secutio
308 996 370 1035 est
391 993 488 1035 haec
509 993 591 1034 alia
611 994 653 1034 et
673 992 756 1034 alia
776 993 1007 1046 temptatio,
1030 1006 1102 1046 per
1122 1005 1245 1046 quam
1262 992 1429 1034 subtilis
1446 992 1638 1034 inimicus

130 1062 405 1116 inpugnandis
442 1061 574 1102 adhuc
610 1061 737 1115 lapsis
773 1061 934 1102 occulta
955 1061 1217 1114 populatione
1238 1062 1470 1116 grassatur,
1503 1062 1549 1103 ut
1578 1061 1638 1102 la-

130 1131 329 1172 mentatio
351 1130 628 1183 conquiescat,
661 1130 708 1170 ut
729 1129 844 1171 dolor
864 1129 1005 1179 sileat,
1037 1130 1085 1171 ut
1113 1129 1255 1171 delicti
1284 1130 1481 1171 memoria
1511 1142 1638 1171 uane-

128 1201 235 1248 scat,
268 1198 548 1251 conprimatur
583 1198 758 1252 pectoris
796 1198 997 1252 gemitus,
1028 1198 1237 1239 statuatur
1271 1197 1392 1240 fletus
1427 1198 1638 1240 oculorum

127 1280 199 1309 nec
221 1267 444 1308 Dominum
466 1267 649 1321 grauiter
679 1266 879 1308 offensum
910 1267 1032 1321 longa
1062 1267 1103 1308 et
1133 1266 1253 1320 plena
1282 1267 1535 1319 paenitentia
1565 1267 1637 1309 de-

81 1337 333 1390 1⁵precetur,
367 1349 461 1377 cum
491 1335 692 1388 scriptum
723 1335 797 1377 sit:
845 1335 1100 1377 memento
1139 1335 1270 1377 unde
1300 1335 1554 1377 cecideris
1586 1337 1638 1378 et

127 1418 217 1460 age
247 1404 656 1458 paenitentiam.

182 1474 313 1516 Nemo
335 1486 376 1515 se
398 1473 536 1523 sallat,
558 1485 675 1515 nemo
697 1473 888 1527 decipiat.
921 1473 1032 1515 solus
1054 1473 1256 1515 Dominus
1277 1472 1463 1515 misereri
1485 1474 1633 1526 potest.
1655 1470 1705 1511 17

127 1543 289 1585 ueniam
320 1543 497 1596 peccatis
528 1555 630 1596 quae
662 1542 703 1584 in
735 1542 871 1596 ipsum
903 1542 1122 1584 commissa
1153 1543 1248 1584 sunt
1277 1543 1387 1583 solus
1409 1544 1543 1595 potest
1563 1542 1637 1584 ille

127 1611 271 1666 largiri
302 1612 371 1665 qui
402 1613 568 1665 peccata
599 1611 737 1652 nostra
766 1611 969 1664 portauit,
1002 1611 1072 1665 qui
1094 1624 1166 1664 pro
1187 1611 1304 1653 nobis
1326 1611 1482 1661 doluit,
1514 1624 1636 1665 quem

25 1691 28 1707 ·
81 1693 115 1720 20
126 1680 237 1722 Deus
254 1680 428 1722 tradidit
444 1693 515 1733 pro
533 1680 711 1734 peccatis
728 1680 890 1722 nostris.
910 1680 1030 1722 homo
1041 1681 1128 1722 Deo
1144 1680 1275 1722 maior
1290 1692 1370 1722 non
1386 1681 1520 1733 potest
1536 1692 1635 1730 esse,

127 1762 198 1790 nec
220 1749 429 1791 remittere
450 1751 522 1791 aut
543 1749 692 1791 donare
723 1747 982 1803 indulgentia
1013 1762 1087 1791 sua
1116 1761 1259 1791 seruus
1290 1750 1424 1802 potest
1454 1750 1562 1802 quod
1593 1749 1636 1790 in

126 1816 350 1859 Dominum
372 1817 520 1860 delicto
542 1818 728 1872 grauiore
750 1817 1016 1859 commissum
1038 1818 1113 1867 est,
1135 1831 1185 1860 ne
1207 1818 1339 1860 adhuc
1360 1818 1476 1871 lapso
1498 1819 1538 1859 et
1559 1818 1635 1861 hoc

127 1886 291 1927 accedat
326 1887 377 1928 ad
414 1887 588 1937 crimen,
621 1886 655 1927 si
691 1886 848 1928 nesciat
883 1899 969 1928 esse
1004 1887 1281 1939 praedictum:
1313 1887 1601 1928 maledictu
1615 1902 1635 1929 s

128 1954 270 1995 homo
303 1955 392 2008 qui
425 1968 559 2008 spem
590 1956 744 1997 habet
766 1955 818 1997 in
839 1955 1105 1998 hominem.
1138 1956 1340 1997 Dominus
1361 1957 1536 1998 orandus
1557 1958 1633 2008 est,

0 2014 1 2064 ζ
24 2016 27 2079 f
80 2037 113 2062 25
126 2024 326 2065 Dominus
348 2025 485 2066 nostra
507 2024 786 2066 satisfactione
815 2024 1037 2077 placandus
1064 2025 1126 2066 est
1155 2025 1225 2078 qui
1246 2026 1465 2079 negantem
1485 2038 1635 2081 negare

24 2086 26 2092 ⁴
125 2105 168 2134 se
189 2092 314 2142 dixit,
347 2093 417 2146 qui
454 2105 571 2134 omne
607 2093 807 2134 iudicium
845 2093 893 2135 de
930 2094 1046 2146 patre
1082 2093 1191 2134 solus
1229 2094 1397 2147 accepit.
1431 2095 1635 2136 credimus

125 2161 292 2215 quidem
312 2173 428 2214 posse
450 2163 549 2215 aput
570 2162 748 2204 iudicem
778 2161 1006 2215 plurimum
1028 2164 1259 2218 martyrum
1282 2163 1429 2204 merita
1450 2164 1491 2205 et
1512 2175 1634 2217 opera

263 2275 306 2309 15
330 2275 425 2319 Apoc
443 2275 474 2317 2,
493 2275 525 2309 5.
597 2276 642 2309 23
667 2275 765 2310 Hier.
787 2276 839 2317 17,
859 2277 890 2310 5.

197 2366 214 2399 1
234 2365 399 2400 uocabolo
419 2366 448 2401 S
515 2367 537 2401 2
554 2366 659 2401 debet
677 2367 719 2401 Β·
796 2368 819 2401 4
835 2367 928 2411 lapsi
950 2368 999 2402 W
1066 2367 1089 2401 5
1106 2367 1220 2412 magis
1239 2367 1395 2412 nauigiis
1414 2368 1449 2403 R
1520 2371 1541 2403 6
1559 2368 1635 2413 spei

24 2410 27 2465 l
127 2422 246 2458 SWR
254 2423 298 2464 V,
318 2426 481 2458 aeternae
500 2424 573 2468 spei
591 2436 611 2459 v
682 2424 841 2459 arborem
859 2436 879 2458 a
896 2424 1014 2459 radice
1028 2437 1048 2460 v
1127 2424 1339 2459 subuertunt
1356 2436 1401 2459 ex
1418 2425 1636 2460 subtrahunt

24 2470 27 2476 Α
126 2480 157 2515 S
168 2492 210 2515 m.
229 2484 253 2515 2
347 2482 367 2515 7
393 2481 448 2527 ad]
470 2484 509 2516 ut
533 2483 566 2517 V
649 2482 839 2527 importum
858 2484 909 2519 W
991 2485 1013 2517 8
1037 2483 1191 2517 concidit
1209 2484 1251 2517 δ’
1345 2483 1518 2517 facillitas
1538 2484 1567 2518 S

20 2541 27 2596 Ι
127 2538 171 2573 10
194 2549 298 2583 quem
316 2540 359 2574 S¹
459 2540 603 2584 suptilis
619 2541 669 2576 W
761 2542 801 2575 11
828 2541 1051 2585 poculationc
1070 2541 1112 2575 ,δ”
1214 2541 1256 2574 12
1273 2543 1461 2575 euanescat
1479 2543 1518 2575 ut
1544 2553 1563 2575 ι·

127 2596 172 2630 13
188 2598 366 2641 pectorum
386 2597 491 2632 WRv
585 2599 702 2631 statur
721 2598 756 2633 R
851 2599 893 2632 14
917 2598 1091 2643 grauiter]
1111 2598 1254 2642 rogauit
1272 2598 1308 2633 R
1396 2598 1632 2643 paenitentia]

125 2653 301 2698 patientia
323 2654 372 2688 W
462 2655 503 2688 17
529 2654 660 2689 fallant
679 2655 730 2690 R·
841 2667 876 2690 sc
894 2655 1049 2700 decipiat
1065 2667 1086 2691 v
1197 2656 1240 2690 18
1265 2655 1393 2700 ipsum]
1413 2655 1515 2689 illum
1530 2655 1565 2690 R

24 2720 26 2739 ι
123 2710 170 2744 20
186 2711 315 2745 nostris
336 2722 381 2745 ea:
399 2722 459 2745 nos
475 2711 557 2746 Sm.
573 2714 598 2746 2
669 2724 744 2747 esse
761 2724 828 2747 non
847 2715 964 2757 potest
983 2713 1094 2747 maior
1109 2713 1207 2748 WRv
1277 2713 1319 2746 21
1338 2712 1519 2746 dimittere
1531 2713 1565 2747 R

123 2767 168 2802 23
193 2767 328 2802 accidat
348 2768 388 2802 S¹
487 2769 635 2814 crimen]
653 2770 813 2804 criminis
831 2770 1011 2806 cumulum
1034 2771 1144 2813 V(cf.
1163 2781 1196 2813 p.
1213 2772 1296 2811 243,
1315 2771 1374 2812 9),
1401 2769 1579 2804 cumulum
1605 2769 1636 2804 V

124 2827 210 2859 teste
229 2826 392 2870 Riyaltio
409 2827 471 2869 (cf.
485 2837 524 2870 1).
539 2830 620 2868 247,
640 2829 705 2871 25)
814 2828 859 2862 24
877 2839 973 2872 spem
992 2838 1091 2861 suam
1116 2827 1149 2861 V
1254 2826 1363 2860 habet
1384 2826 1428 2860 W
1444 2838 1470 2860 s.
1489 2827 1510 2861 l.
1530 2838 1573 2860 m.
1594 2829 1630 2867 2,

125 2882 225 2925 ponit
249 2883 281 2916 V
363 2883 540 2917 hominem
559 2884 734 2925 SWRV,
762 2884 902 2920 homine
925 2897 962 2926 2·;
1000 2884 1067 2927 τήν
1092 2885 1227 2918 ἐλπίδα
1253 2884 1324 2928 ἔχει
1345 2883 1402 2917 ἐπ’
1429 2882 1633 2930 ἄνθρωπον

127 2938 245 2973 LXX
313 2941 357 2973 25
375 2943 427 2974 est
461 2951 526 2975 om.
544 2941 578 2976 R
662 2941 706 2976 26
732 2941 785 2986 dc]
805 2954 825 2976 a
844 2943 878 2978 R
