<?xml version="1.0" encoding="UTF-8"?>
<!DOCTYPE html PUBLIC "-//W3C//DTD XHTML 1.0 Transitional//EN"
    "http://www.w3.org/TR/xhtml1/DTD/xhtml1-transitional.dtd">
<html xmlns="http://www.w3.org/1999/xhtml" xml:lang="en" lang="en">
 <head>
  <title>
</title>
<meta http-equiv="Content-Type" content="text/html;charset=utf-8" />
  <meta name='ocr-system' content='tesseract 3.04.00' />
  <meta name='ocr-capabilities' content='ocr_page ocr_carea ocr_par ocr_line ocrx_word'/>
</head>
<body>
  <div class='ocr_page' id='page_1' title='image "./corpusscriptor203cypruoft/corpusscriptor203cypruoft_0728.png"; bbox 0 0 1838 3152; ppageno 0'>
   <div class='ocr_carea' id='block_1_1' title="bbox 184 212 1151 256">
    <p class='ocr_par' dir='ltr' id='par_1_1' title="bbox 184 212 1151 256">
     <span class='ocr_line' id='line_1_1' title="bbox 184 212 1151 256; baseline -0.008 -3"><span class='ocrx_word' id='word_1_1' title='bbox 184 212 266 253; x_wconf 79' lang='grc'>714</span> <span class='ocrx_word' id='word_1_2' title='bbox 717 212 910 247; x_wconf 81' lang='lat' dir='ltr'>Caecilii</span> <span class='ocrx_word' id='word_1_3' title='bbox 936 212 1151 256; x_wconf 75' lang='lat' dir='ltr'>Cypriani</span> 
     </span>
    </p>
   </div>
   <div class='ocr_carea' id='block_1_2' title="bbox 118 313 1736 1951">
    <p class='ocr_par' dir='ltr' id='par_1_2' title="bbox 182 313 1686 369">
     <span class='ocr_line' id='line_1_2' title="bbox 182 313 1686 369; baseline 0.001 -15"><span class='ocrx_word' id='word_1_4' title='bbox 182 313 230 354; x_wconf 90' lang='lat' dir='ltr'>de</span> <span class='ocrx_word' id='word_1_5' title='bbox 261 316 459 369; x_wconf 84' lang='lat' dir='ltr'>sanguine</span> <span class='ocrx_word' id='word_1_6' title='bbox 492 316 578 357; x_wconf 88' lang='lat' dir='ltr'>eius</span> <span class='ocrx_word' id='word_1_7' title='bbox 610 317 651 357; x_wconf 93' lang='lat' dir='ltr'>et</span> <span class='ocrx_word' id='word_1_8' title='bbox 682 329 822 357; x_wconf 88' lang='lat' dir='ltr'>cruore</span> <span class='ocrx_word' id='word_1_9' title='bbox 853 315 1057 357; x_wconf 86' lang='lat' dir='ltr'>confundi.</span> <span class='ocrx_word' id='word_1_10' title='bbox 1089 327 1206 368; x_wconf 86' lang='lat' dir='ltr'>porro</span> <span class='ocrx_word' id='word_1_11' title='bbox 1240 316 1381 357; x_wconf 88' lang='lat' dir='ltr'>autem</span> <span class='ocrx_word' id='word_1_12' title='bbox 1413 315 1613 357; x_wconf 82' lang='lat' dir='ltr'>Dominus</span> <span class='ocrx_word' id='word_1_13' title='bbox 1644 316 1686 356; x_wconf 90' lang='lat' dir='ltr'>in</span> 
     </span>
    </p>

    <p class='ocr_par' dir='ltr' id='par_1_3' title="bbox 182 383 1686 437">
     <span class='ocr_line' id='line_1_3' title="bbox 182 383 1686 437; baseline 0.001 -14"><span class='ocrx_word' id='word_1_14' title='bbox 182 384 395 437; x_wconf 80' lang='lat' dir='ltr'>euangelio</span> <span class='ocrx_word' id='word_1_15' title='bbox 428 385 552 426; x_wconf 90' lang='lat' dir='ltr'>dicit:</span> <span class='ocrx_word' id='word_1_16' title='bbox 593 385 679 437; x_wconf 88' lang='lat' dir='ltr'>qui</span> <span class='ocrx_word' id='word_1_17' title='bbox 718 384 966 425; x_wconf 82' lang='lat' dir='ltr'>confusus</span> <span class='ocrx_word' id='word_1_18' title='bbox 1005 396 1077 424; x_wconf 90' lang='lat' dir='ltr'>me</span> <span class='ocrx_word' id='word_1_19' title='bbox 1118 383 1301 433; x_wconf 79' lang='lat' dir='ltr'>fuerit,</span> <span class='ocrx_word' id='word_1_20' title='bbox 1342 384 1686 425; x_wconf 85' lang='lat' dir='ltr'>confundetur</span> 
     </span>
    </p>

    <p class='ocr_par' dir='ltr' id='par_1_4' title="bbox 183 452 1678 505">
     <span class='ocr_line' id='line_1_4' title="bbox 183 452 1678 505; baseline 0.001 -13"><span class='ocrx_word' id='word_1_21' title='bbox 183 464 290 492; x_wconf 89' lang='lat' dir='ltr'>eum</span> <span class='ocrx_word' id='word_1_22' title='bbox 330 452 483 493; x_wconf 89' lang='lat' dir='ltr'>filius</span> <span class='ocrx_word' id='word_1_23' title='bbox 523 453 757 494; x_wconf 89' lang='lat' dir='ltr'>hominis.</span> <span class='ocrx_word' id='word_1_24' title='bbox 799 453 839 493; x_wconf 87' lang='lat' dir='ltr'>et</span> <span class='ocrx_word' id='word_1_25' title='bbox 870 452 1077 504; x_wconf 82' lang='lat' dir='ltr'>apostolus</span> <span class='ocrx_word' id='word_1_26' title='bbox 1110 464 1269 505; x_wconf 88' lang='lat' dir='ltr'>quoque</span> <span class='ocrx_word' id='word_1_27' title='bbox 1305 452 1489 505; x_wconf 88' lang='lat' dir='ltr'>loquitur</span> <span class='ocrx_word' id='word_1_28' title='bbox 1519 453 1678 494; x_wconf 88' lang='lat' dir='ltr'>dicens:</span> 
     </span>
    </p>

    <p class='ocr_par' dir='ltr' id='par_1_5' title="bbox 183 519 1677 574">
     <span class='ocr_line' id='line_1_5' title="bbox 183 519 1677 574; baseline 0.001 -15"><span class='ocrx_word' id='word_1_29' title='bbox 183 519 223 559; x_wconf 87' lang='lat' dir='ltr'>si</span> <span class='ocrx_word' id='word_1_30' title='bbox 262 519 561 561; x_wconf 86' lang='lat' dir='ltr'>hominibus</span> <span class='ocrx_word' id='word_1_31' title='bbox 600 521 873 574; x_wconf 80' lang='lat' dir='ltr'>placerem,</span> <span class='ocrx_word' id='word_1_32' title='bbox 915 520 1115 562; x_wconf 79' lang='lat' dir='ltr'>Christi</span> <span class='ocrx_word' id='word_1_33' title='bbox 1155 533 1333 561; x_wconf 89' lang='lat' dir='ltr'>seruus</span> <span class='ocrx_word' id='word_1_34' title='bbox 1372 533 1465 561; x_wconf 88' lang='lat' dir='ltr'>non</span> <span class='ocrx_word' id='word_1_35' title='bbox 1504 533 1677 562; x_wconf 87' lang='lat' dir='ltr'>essem.</span> 
     </span>
    </p>

    <p class='ocr_par' dir='ltr' id='par_1_6' title="bbox 182 589 1707 712">
     <span class='ocr_line' id='line_1_6' title="bbox 182 589 1707 643; baseline -0.001 -14"><span class='ocrx_word' id='word_1_36' title='bbox 182 589 382 641; x_wconf 87' lang='lat' dir='ltr'>quomodo</span> <span class='ocrx_word' id='word_1_37' title='bbox 405 590 544 631; x_wconf 89' lang='lat' dir='ltr'>autem</span> <span class='ocrx_word' id='word_1_38' title='bbox 565 602 781 642; x_wconf 85' lang='lat' dir='ltr'>possumus</span> <span class='ocrx_word' id='word_1_39' title='bbox 802 590 966 642; x_wconf 87' lang='lat' dir='ltr'>propter</span> <span class='ocrx_word' id='word_1_40' title='bbox 987 589 1199 631; x_wconf 88' lang='lat' dir='ltr'>Christum</span> <span class='ocrx_word' id='word_1_41' title='bbox 1221 590 1464 643; x_wconf 79' lang='lat' dir='ltr'>sanguinem</span> <span class='ocrx_word' id='word_1_42' title='bbox 1493 590 1674 640; x_wconf 79' lang='lat' dir='ltr'>sundere,</span> <span class='ocrx_word' id='word_1_43' title='bbox 1693 604 1707 627; x_wconf 71' lang='grc' dir='ltr'>ε,</span> 
     </span>
     <span class='ocr_line' id='line_1_7' title="bbox 185 657 1169 712; baseline 0.002 -15"><span class='ocrx_word' id='word_1_44' title='bbox 185 657 255 709; x_wconf 90' lang='lat' dir='ltr'>qui</span> <span class='ocrx_word' id='word_1_45' title='bbox 278 658 520 712; x_wconf 84' lang='lat' dir='ltr'>sanguinem</span> <span class='ocrx_word' id='word_1_46' title='bbox 544 658 695 700; x_wconf 85' lang='lat' dir='ltr'>Christ-i</span> <span class='ocrx_word' id='word_1_47' title='bbox 719 659 996 700; x_wconf 79' lang='lat' dir='ltr'>erubescimus</span> <span class='ocrx_word' id='word_1_48' title='bbox 1018 658 1169 699; x_wconf 87' lang='lat' dir='ltr'>bibere.</span> 
     </span>
    </p>

    <p class='ocr_par' dir='ltr' id='par_1_7' title="bbox 118 726 1736 1663">
     <span class='ocr_line' id='line_1_8' title="bbox 118 726 1686 780; baseline -0.001 -10"><span class='ocrx_word' id='word_1_49' title='bbox 118 731 167 770; x_wconf 79' lang='lat'>16</span> <span class='ocrx_word' id='word_1_50' title='bbox 238 726 303 768; x_wconf 91' lang='lat' dir='ltr'>An</span> <span class='ocrx_word' id='word_1_51' title='bbox 325 727 400 768; x_wconf 85' lang='lat' dir='ltr'>illa</span> <span class='ocrx_word' id='word_1_52' title='bbox 421 728 499 768; x_wconf 87' lang='lat' dir='ltr'>sibi</span> <span class='ocrx_word' id='word_1_53' title='bbox 522 727 672 780; x_wconf 86' lang='lat' dir='ltr'>aliquis</span> <span class='ocrx_word' id='word_1_54' title='bbox 695 728 1040 780; x_wconf 66' lang='lat' dir='ltr'>contemplatione</span> <span class='ocrx_word' id='word_1_55' title='bbox 1063 727 1288 780; x_wconf 76' lang='lat' dir='ltr'>blanditur,</span> <span class='ocrx_word' id='word_1_56' title='bbox 1320 727 1427 780; x_wconf 89' lang='lat' dir='ltr'>quod</span> <span class='ocrx_word' id='word_1_57' title='bbox 1457 727 1534 768; x_wconf 88' lang='lat' dir='ltr'>etsi</span> <span class='ocrx_word' id='word_1_58' title='bbox 1566 741 1686 769; x_wconf 89' lang='lat' dir='ltr'>mane</span> 
     </span>
     <span class='ocr_line' id='line_1_9' title="bbox 183 796 1684 848; baseline 0 -12"><span class='ocrx_word' id='word_1_59' title='bbox 183 808 287 848; x_wconf 86' lang='lat' dir='ltr'>aqua</span> <span class='ocrx_word' id='word_1_60' title='bbox 323 796 409 837; x_wconf 87' lang='lat' dir='ltr'>sola</span> <span class='ocrx_word' id='word_1_61' title='bbox 446 796 582 837; x_wconf 86' lang='lat' dir='ltr'>offerri</span> <span class='ocrx_word' id='word_1_62' title='bbox 618 796 796 847; x_wconf 75' lang='lat' dir='ltr'>uidetur,</span> <span class='ocrx_word' id='word_1_63' title='bbox 832 798 970 837; x_wconf 78' lang='lat' dir='ltr'>tamen</span> <span class='ocrx_word' id='word_1_64' title='bbox 1009 810 1102 837; x_wconf 91' lang='lat' dir='ltr'>cum</span> <span class='ocrx_word' id='word_1_65' title='bbox 1136 797 1186 838; x_wconf 85' lang='lat' dir='ltr'>ad</span> <span class='ocrx_word' id='word_1_66' title='bbox 1218 797 1445 837; x_wconf 84' lang='lat' dir='ltr'>cenandum</span> <span class='ocrx_word' id='word_1_67' title='bbox 1482 796 1684 846; x_wconf 85' lang='lat' dir='ltr'>uenimus,</span> 
     </span>
     <span class='ocr_line' id='line_1_10' title="bbox 182 864 1686 915; baseline 0.001 -10"><span class='ocrx_word' id='word_1_68' title='bbox 182 864 361 905; x_wconf 81' lang='lat' dir='ltr'>mixtum</span> <span class='ocrx_word' id='word_1_69' title='bbox 383 865 553 906; x_wconf 75' lang='lat' dir='ltr'>calicem</span> <span class='ocrx_word' id='word_1_70' title='bbox 576 865 815 906; x_wconf 76' lang='lat' dir='ltr'>offerimus?</span> <span class='ocrx_word' id='word_1_71' title='bbox 838 866 907 907; x_wconf 87' lang='lat' dir='ltr'>sed</span> <span class='ocrx_word' id='word_1_72' title='bbox 931 877 1024 906; x_wconf 89' lang='lat' dir='ltr'>cum</span> <span class='ocrx_word' id='word_1_73' title='bbox 1046 878 1249 915; x_wconf 76' lang='lat' dir='ltr'>cenamus,</span> <span class='ocrx_word' id='word_1_74' title='bbox 1282 866 1333 906; x_wconf 88' lang='lat' dir='ltr'>ad</span> <span class='ocrx_word' id='word_1_75' title='bbox 1355 865 1592 907; x_wconf 89' lang='lat' dir='ltr'>conuiuium</span> <span class='ocrx_word' id='word_1_76' title='bbox 1613 877 1686 906; x_wconf 93' lang='lat' dir='ltr'>no-</span> 
     </span>
     <span class='ocr_line' id='line_1_11' title="bbox 187 933 1736 987; baseline -0.001 -14"><span class='ocrx_word' id='word_1_77' title='bbox 187 934 320 974; x_wconf 92' lang='lat' dir='ltr'>strum</span> <span class='ocrx_word' id='word_1_78' title='bbox 341 933 503 987; x_wconf 79' lang='lat' dir='ltr'>plebem</span> <span class='ocrx_word' id='word_1_79' title='bbox 527 945 746 975; x_wconf 84' lang='lat' dir='ltr'>conuocare</span> <span class='ocrx_word' id='word_1_80' title='bbox 766 945 845 975; x_wconf 90' lang='lat' dir='ltr'>non</span> <span class='ocrx_word' id='word_1_81' title='bbox 867 946 1096 987; x_wconf 80' lang='lat' dir='ltr'>possumus,</span> <span class='ocrx_word' id='word_1_82' title='bbox 1122 935 1167 975; x_wconf 87' lang='lat' dir='ltr'>ut</span> <span class='ocrx_word' id='word_1_83' title='bbox 1189 934 1434 975; x_wconf 81' lang='lat' dir='ltr'>sacramenti</span> <span class='ocrx_word' id='word_1_84' title='bbox 1464 934 1684 974; x_wconf 88' lang='lat' dir='ltr'>ueritatem</span> <span class='ocrx_word' id='word_1_85' title='bbox 1701 948 1736 972; x_wconf 75' lang='grc' dir='ltr'>ιο</span> 
     </span>
     <span class='ocr_line' id='line_1_12' title="bbox 182 1001 1686 1055; baseline 0 -13"><span class='ocrx_word' id='word_1_86' title='bbox 182 1001 442 1043; x_wconf 82' lang='lat' dir='ltr'>fraternitate</span> <span class='ocrx_word' id='word_1_87' title='bbox 465 1003 576 1043; x_wconf 88' lang='lat' dir='ltr'>omni</span> <span class='ocrx_word' id='word_1_88' title='bbox 597 1003 809 1055; x_wconf 73' lang='lat' dir='ltr'>praesente</span> <span class='ocrx_word' id='word_1_89' title='bbox 839 1003 1103 1044; x_wconf 84' lang='lat' dir='ltr'>celebremus.</span> <span class='ocrx_word' id='word_1_90' title='bbox 1137 1004 1180 1044; x_wconf 90' lang='lat' dir='ltr'>at</span> <span class='ocrx_word' id='word_1_91' title='bbox 1208 1003 1317 1044; x_wconf 89' lang='lat' dir='ltr'>enim</span> <span class='ocrx_word' id='word_1_92' title='bbox 1344 1014 1424 1043; x_wconf 90' lang='lat' dir='ltr'>non</span> <span class='ocrx_word' id='word_1_93' title='bbox 1451 1014 1582 1052; x_wconf 83' lang='lat' dir='ltr'>mane,</span> <span class='ocrx_word' id='word_1_94' title='bbox 1615 1002 1686 1043; x_wconf 86' lang='lat' dir='ltr'>sed</span> 
     </span>
     <span class='ocr_line' id='line_1_13' title="bbox 181 1071 1685 1125; baseline 0 -14"><span class='ocrx_word' id='word_1_95' title='bbox 181 1071 274 1124; x_wconf 86' lang='lat' dir='ltr'>post</span> <span class='ocrx_word' id='word_1_96' title='bbox 314 1083 456 1112; x_wconf 86' lang='lat' dir='ltr'>cenam</span> <span class='ocrx_word' id='word_1_97' title='bbox 494 1071 672 1112; x_wconf 86' lang='lat' dir='ltr'>mixtum</span> <span class='ocrx_word' id='word_1_98' title='bbox 708 1072 877 1113; x_wconf 79' lang='lat' dir='ltr'>calicem</span> <span class='ocrx_word' id='word_1_99' title='bbox 914 1072 1068 1125; x_wconf 86' lang='lat' dir='ltr'>optulit</span> <span class='ocrx_word' id='word_1_100' title='bbox 1096 1072 1309 1113; x_wconf 86' lang='lat' dir='ltr'>Dominus.</span> <span class='ocrx_word' id='word_1_101' title='bbox 1352 1071 1553 1124; x_wconf 90' lang='lat' dir='ltr'>numquid</span> <span class='ocrx_word' id='word_1_102' title='bbox 1590 1083 1685 1125; x_wconf 88' lang='lat' dir='ltr'>ergo</span> 
     </span>
     <span class='ocr_line' id='line_1_14' title="bbox 184 1139 1685 1193; baseline 0.001 -14"><span class='ocrx_word' id='word_1_103' title='bbox 184 1139 437 1181; x_wconf 89' lang='lat' dir='ltr'>dominicum</span> <span class='ocrx_word' id='word_1_104' title='bbox 461 1141 553 1193; x_wconf 89' lang='lat' dir='ltr'>post</span> <span class='ocrx_word' id='word_1_105' title='bbox 576 1153 717 1181; x_wconf 85' lang='lat' dir='ltr'>cenam</span> <span class='ocrx_word' id='word_1_106' title='bbox 742 1140 947 1182; x_wconf 86' lang='lat' dir='ltr'>celebrare</span> <span class='ocrx_word' id='word_1_107' title='bbox 970 1141 1179 1190; x_wconf 85' lang='lat' dir='ltr'>debemus,</span> <span class='ocrx_word' id='word_1_108' title='bbox 1212 1141 1259 1181; x_wconf 89' lang='lat' dir='ltr'>ut</span> <span class='ocrx_word' id='word_1_109' title='bbox 1290 1140 1348 1181; x_wconf 92' lang='lat' dir='ltr'>sic</span> <span class='ocrx_word' id='word_1_110' title='bbox 1376 1140 1553 1181; x_wconf 81' lang='lat' dir='ltr'>mixtum</span> <span class='ocrx_word' id='word_1_111' title='bbox 1583 1140 1685 1181; x_wconf 90' lang='lat' dir='ltr'>cali-</span> 
     </span>
     <span class='ocr_line' id='line_1_15' title="bbox 184 1207 1688 1261; baseline 0 -12"><span class='ocrx_word' id='word_1_112' title='bbox 184 1220 271 1250; x_wconf 91' lang='lat' dir='ltr'>cem</span> <span class='ocrx_word' id='word_1_113' title='bbox 293 1207 603 1261; x_wconf 83' lang='lat' dir='ltr'>frequentandis</span> <span class='ocrx_word' id='word_1_114' title='bbox 632 1208 849 1250; x_wconf 86' lang='lat' dir='ltr'>dominicis</span> <span class='ocrx_word' id='word_1_115' title='bbox 878 1209 1126 1250; x_wconf 71' lang='lat' dir='ltr'>offeramus?</span> <span class='ocrx_word' id='word_1_116' title='bbox 1157 1208 1369 1250; x_wconf 85' lang='lat' dir='ltr'>Christum</span> <span class='ocrx_word' id='word_1_117' title='bbox 1398 1208 1541 1250; x_wconf 89' lang='lat' dir='ltr'>offerre</span> <span class='ocrx_word' id='word_1_118' title='bbox 1570 1220 1688 1261; x_wconf 90' lang='lat' dir='ltr'>opor-</span> 
     </span>
     <span class='ocr_line' id='line_1_16' title="bbox 182 1276 1734 1330; baseline 0.001 -13"><span class='ocrx_word' id='word_1_119' title='bbox 182 1276 298 1318; x_wconf 88' lang='lat' dir='ltr'>tebat</span> <span class='ocrx_word' id='word_1_120' title='bbox 319 1277 425 1318; x_wconf 90' lang='lat' dir='ltr'>circa</span> <span class='ocrx_word' id='word_1_121' title='bbox 446 1290 661 1330; x_wconf 88' lang='lat' dir='ltr'>uesperam</span> <span class='ocrx_word' id='word_1_122' title='bbox 685 1277 779 1327; x_wconf 83' lang='lat' dir='ltr'>diei,</span> <span class='ocrx_word' id='word_1_123' title='bbox 803 1278 850 1318; x_wconf 90' lang='lat' dir='ltr'>ut</span> <span class='ocrx_word' id='word_1_124' title='bbox 870 1278 969 1318; x_wconf 86' lang='lat' dir='ltr'>hora</span> <span class='ocrx_word' id='word_1_125' title='bbox 990 1278 1079 1330; x_wconf 87' lang='lat' dir='ltr'>ipsa</span> <span class='ocrx_word' id='word_1_126' title='bbox 1102 1277 1296 1320; x_wconf 84' lang='lat' dir='ltr'>sacrificii</span> <span class='ocrx_word' id='word_1_127' title='bbox 1318 1278 1549 1319; x_wconf 82' lang='lat' dir='ltr'>ostenderet</span> <span class='ocrx_word' id='word_1_128' title='bbox 1571 1289 1686 1318; x_wconf 88' lang='lat' dir='ltr'>occa·</span> <span class='ocrx_word' id='word_1_129' title='bbox 1701 1293 1734 1318; x_wconf 80' lang='lat'>15</span> 
     </span>
     <span class='ocr_line' id='line_1_17' title="bbox 184 1345 1684 1399; baseline 0.001 -13"><span class='ocrx_word' id='word_1_130' title='bbox 184 1359 276 1387; x_wconf 90' lang='lat' dir='ltr'>sum</span> <span class='ocrx_word' id='word_1_131' title='bbox 299 1346 339 1386; x_wconf 90' lang='lat' dir='ltr'>et</span> <span class='ocrx_word' id='word_1_132' title='bbox 361 1358 577 1398; x_wconf 87' lang='lat' dir='ltr'>uesperam</span> <span class='ocrx_word' id='word_1_133' title='bbox 599 1346 758 1396; x_wconf 84' lang='lat' dir='ltr'>mundi,</span> <span class='ocrx_word' id='word_1_134' title='bbox 780 1346 888 1387; x_wconf 89' lang='lat' dir='ltr'>sicut</span> <span class='ocrx_word' id='word_1_135' title='bbox 910 1347 953 1387; x_wconf 91' lang='lat' dir='ltr'>in</span> <span class='ocrx_word' id='word_1_136' title='bbox 976 1346 1113 1387; x_wconf 80' lang='lat' dir='ltr'>Exodo</span> <span class='ocrx_word' id='word_1_137' title='bbox 1136 1347 1338 1399; x_wconf 90' lang='lat' dir='ltr'>scriptum</span> <span class='ocrx_word' id='word_1_138' title='bbox 1362 1346 1443 1388; x_wconf 89' lang='lat' dir='ltr'>est:</span> <span class='ocrx_word' id='word_1_139' title='bbox 1479 1347 1528 1387; x_wconf 92' lang='lat' dir='ltr'>et</span> <span class='ocrx_word' id='word_1_140' title='bbox 1550 1345 1684 1387; x_wconf 91' lang='lat' dir='ltr'>occi-</span> 
     </span>
     <span class='ocr_line' id='line_1_18' title="bbox 184 1414 1686 1470; baseline -0.001 -14"><span class='ocrx_word' id='word_1_141' title='bbox 184 1415 308 1456; x_wconf 86' lang='lat' dir='ltr'>dent</span> <span class='ocrx_word' id='word_1_142' title='bbox 339 1415 499 1456; x_wconf 89' lang='lat' dir='ltr'>illum</span> <span class='ocrx_word' id='word_1_143' title='bbox 532 1427 673 1456; x_wconf 91' lang='lat' dir='ltr'>omne</span> <span class='ocrx_word' id='word_1_144' title='bbox 703 1415 900 1469; x_wconf 85' lang='lat' dir='ltr'>uulgus</span> <span class='ocrx_word' id='word_1_145' title='bbox 933 1427 1223 1470; x_wconf 75' lang='lat' dir='ltr'>synagogae</span> <span class='ocrx_word' id='word_1_146' title='bbox 1256 1414 1495 1456; x_wconf 86' lang='lat' dir='ltr'>filiorum</span> <span class='ocrx_word' id='word_1_147' title='bbox 1516 1414 1686 1456; x_wconf 88' lang='lat' dir='ltr'>Israel</span> 
     </span>
     <span class='ocr_line' id='line_1_19' title="bbox 184 1483 1690 1537; baseline 0.001 -13"><span class='ocrx_word' id='word_1_148' title='bbox 184 1483 242 1524; x_wconf 85' lang='lat' dir='ltr'>ad</span> <span class='ocrx_word' id='word_1_149' title='bbox 273 1496 557 1537; x_wconf 87' lang='lat' dir='ltr'>uesperam.</span> <span class='ocrx_word' id='word_1_150' title='bbox 592 1484 632 1525; x_wconf 89' lang='lat' dir='ltr'>et</span> <span class='ocrx_word' id='word_1_151' title='bbox 674 1484 825 1525; x_wconf 91' lang='lat' dir='ltr'>iterum</span> <span class='ocrx_word' id='word_1_152' title='bbox 857 1484 898 1525; x_wconf 91' lang='lat' dir='ltr'>in</span> <span class='ocrx_word' id='word_1_153' title='bbox 927 1484 1120 1537; x_wconf 86' lang='lat' dir='ltr'>psalmis:</span> <span class='ocrx_word' id='word_1_154' title='bbox 1155 1484 1420 1525; x_wconf 80' lang='lat' dir='ltr'>adleuatio</span> <span class='ocrx_word' id='word_1_155' title='bbox 1451 1497 1690 1525; x_wconf 84' lang='lat' dir='ltr'>manuum</span> 
     </span>
     <span class='ocr_line' id='line_1_20' title="bbox 184 1552 1686 1605; baseline 0.001 -12"><span class='ocrx_word' id='word_1_156' title='bbox 184 1565 414 1594; x_wconf 88' lang='lat' dir='ltr'>mearum</span> <span class='ocrx_word' id='word_1_157' title='bbox 465 1552 797 1594; x_wconf 80' lang='lat' dir='ltr'>sacrificium</span> <span class='ocrx_word' id='word_1_158' title='bbox 842 1553 1216 1605; x_wconf 89' lang='lat' dir='ltr'>uespertinum.</span> <span class='ocrx_word' id='word_1_159' title='bbox 1258 1565 1331 1594; x_wconf 91' lang='lat' dir='ltr'>nos</span> <span class='ocrx_word' id='word_1_160' title='bbox 1372 1553 1512 1594; x_wconf 89' lang='lat' dir='ltr'>autem</span> <span class='ocrx_word' id='word_1_161' title='bbox 1550 1565 1686 1594; x_wconf 87' lang='lat' dir='ltr'>resur-</span> 
     </span>
     <span class='ocr_line' id='line_1_21' title="bbox 183 1621 1735 1663; baseline 0 -1"><span class='ocrx_word' id='word_1_162' title='bbox 183 1622 407 1663; x_wconf 86' lang='lat' dir='ltr'>rectionem</span> <span class='ocrx_word' id='word_1_163' title='bbox 429 1621 599 1662; x_wconf 90' lang='lat' dir='ltr'>Domini</span> <span class='ocrx_word' id='word_1_164' title='bbox 621 1634 740 1663; x_wconf 89' lang='lat' dir='ltr'>mane</span> <span class='ocrx_word' id='word_1_165' title='bbox 764 1621 1030 1663; x_wconf 79' lang='lat' dir='ltr'>celebramus.</span> <span class='ocrx_word' id='word_1_166' title='bbox 1699 1638 1735 1663; x_wconf 84' lang='lat'>20</span> 
     </span>
    </p>

    <p class='ocr_par' dir='ltr' id='par_1_8' title="bbox 118 1689 1691 1951">
     <span class='ocr_line' id='line_1_22' title="bbox 118 1689 1685 1744; baseline -0.002 -11"><span class='ocrx_word' id='word_1_167' title='bbox 118 1693 165 1733; x_wconf 87' lang='lat'>17</span> <span class='ocrx_word' id='word_1_168' title='bbox 239 1691 294 1732; x_wconf 84' lang='lat' dir='ltr'>Et</span> <span class='ocrx_word' id='word_1_169' title='bbox 316 1691 412 1744; x_wconf 88' lang='lat' dir='ltr'>quia</span> <span class='ocrx_word' id='word_1_170' title='bbox 434 1690 634 1743; x_wconf 81' lang='lat' dir='ltr'>passionis</span> <span class='ocrx_word' id='word_1_171' title='bbox 657 1691 742 1731; x_wconf 87' lang='lat' dir='ltr'>eius</span> <span class='ocrx_word' id='word_1_172' title='bbox 765 1691 1015 1732; x_wconf 89' lang='lat' dir='ltr'>mentionem</span> <span class='ocrx_word' id='word_1_173' title='bbox 1047 1691 1090 1732; x_wconf 87' lang='lat' dir='ltr'>in</span> <span class='ocrx_word' id='word_1_174' title='bbox 1120 1691 1332 1732; x_wconf 87' lang='lat' dir='ltr'>sacrificiis</span> <span class='ocrx_word' id='word_1_175' title='bbox 1362 1690 1552 1733; x_wconf 87' lang='lat' dir='ltr'>omnibus</span> <span class='ocrx_word' id='word_1_176' title='bbox 1582 1689 1685 1731; x_wconf 89' lang='lat' dir='ltr'>faci-</span> 
     </span>
     <span class='ocr_line' id='line_1_23' title="bbox 184 1759 1690 1813; baseline 0 -13"><span class='ocrx_word' id='word_1_177' title='bbox 184 1773 290 1811; x_wconf 84' lang='lat' dir='ltr'>mus,</span> <span class='ocrx_word' id='word_1_178' title='bbox 329 1760 464 1813; x_wconf 83' lang='lat' dir='ltr'>passio</span> <span class='ocrx_word' id='word_1_179' title='bbox 493 1761 555 1801; x_wconf 88' lang='lat' dir='ltr'>est</span> <span class='ocrx_word' id='word_1_180' title='bbox 586 1760 694 1801; x_wconf 88' lang='lat' dir='ltr'>enim</span> <span class='ocrx_word' id='word_1_181' title='bbox 717 1760 883 1801; x_wconf 90' lang='lat' dir='ltr'>Domini</span> <span class='ocrx_word' id='word_1_182' title='bbox 913 1760 1159 1801; x_wconf 87' lang='lat' dir='ltr'>sacrificium</span> <span class='ocrx_word' id='word_1_183' title='bbox 1191 1760 1298 1813; x_wconf 87' lang='lat' dir='ltr'>quod</span> <span class='ocrx_word' id='word_1_184' title='bbox 1326 1760 1547 1810; x_wconf 51' lang='lat' dir='ltr'>offerimus</span> <span class='ocrx_word' id='word_1_185' title='bbox 1582 1759 1690 1800; x_wconf 90' lang='lat' dir='ltr'>nihil</span> 
     </span>
     <span class='ocr_line' id='line_1_24' title="bbox 182 1828 1691 1882; baseline 0.001 -13"><span class='ocrx_word' id='word_1_186' title='bbox 182 1829 296 1870; x_wconf 82' lang='lat' dir='ltr'>aliud</span> <span class='ocrx_word' id='word_1_187' title='bbox 326 1842 449 1882; x_wconf 88' lang='lat' dir='ltr'>quam</span> <span class='ocrx_word' id='word_1_188' title='bbox 481 1829 588 1881; x_wconf 86' lang='lat' dir='ltr'>quod</span> <span class='ocrx_word' id='word_1_189' title='bbox 610 1828 682 1869; x_wconf 91' lang='grc'>1110</span> <span class='ocrx_word' id='word_1_190' title='bbox 703 1828 802 1870; x_wconf 89' lang='lat' dir='ltr'>fecit</span> <span class='ocrx_word' id='word_1_191' title='bbox 822 1828 953 1870; x_wconf 87' lang='lat' dir='ltr'>facere</span> <span class='ocrx_word' id='word_1_192' title='bbox 976 1829 1183 1870; x_wconf 78' lang='lat' dir='ltr'>debemus,</span> <span class='ocrx_word' id='word_1_193' title='bbox 1216 1829 1418 1882; x_wconf 87' lang='lat' dir='ltr'>scriptura</span> <span class='ocrx_word' id='word_1_194' title='bbox 1447 1829 1557 1870; x_wconf 91' lang='lat' dir='ltr'>enim</span> <span class='ocrx_word' id='word_1_195' title='bbox 1588 1828 1691 1870; x_wconf 86' lang='lat' dir='ltr'>dicit</span> 
     </span>
     <span class='ocr_line' id='line_1_25' title="bbox 182 1897 1689 1951; baseline 0 -13"><span class='ocrx_word' id='word_1_196' title='bbox 182 1899 229 1939; x_wconf 91' lang='lat' dir='ltr'>ut</span> <span class='ocrx_word' id='word_1_197' title='bbox 252 1898 616 1951; x_wconf 87' lang='lat' dir='ltr'>quotienscumque</span> <span class='ocrx_word' id='word_1_198' title='bbox 638 1897 806 1939; x_wconf 85' lang='lat' dir='ltr'>calicem</span> <span class='ocrx_word' id='word_1_199' title='bbox 827 1898 871 1939; x_wconf 88' lang='lat' dir='ltr'>in</span> <span class='ocrx_word' id='word_1_200' title='bbox 892 1897 1321 1939; x_wconf 81' lang='lat' dir='ltr'>commemorationem</span> <span class='ocrx_word' id='word_1_201' title='bbox 1344 1897 1510 1939; x_wconf 84' lang='lat' dir='ltr'>Domini</span> <span class='ocrx_word' id='word_1_202' title='bbox 1533 1897 1573 1939; x_wconf 92' lang='lat' dir='ltr'>et</span> <span class='ocrx_word' id='word_1_203' title='bbox 1594 1909 1689 1950; x_wconf 88' lang='lat' dir='ltr'>pas-</span> 
     </span>
    </p>
   </div>
   <div class='ocr_carea' id='block_1_3' title="bbox 187 2034 1690 2133">
    <p class='ocr_par' dir='ltr' id='par_1_9' title="bbox 187 2034 1690 2133">
     <span class='ocr_line' id='line_1_26' title="bbox 319 2034 1690 2076; baseline 0 -8"><span class='ocrx_word' id='word_1_204' title='bbox 319 2034 340 2068; x_wconf 93' lang='grc'>2</span> <span class='ocrx_word' id='word_1_205' title='bbox 358 2034 465 2068; x_wconf 86' lang='lat' dir='ltr'>Marc.</span> <span class='ocrx_word' id='word_1_206' title='bbox 493 2035 523 2075; x_wconf 86' lang='lat'>8,</span> <span class='ocrx_word' id='word_1_207' title='bbox 550 2035 603 2069; x_wconf 81' lang='lat'>38.</span> <span class='ocrx_word' id='word_1_208' title='bbox 700 2034 723 2068; x_wconf 79' lang='lat'>4</span> <span class='ocrx_word' id='word_1_209' title='bbox 741 2034 816 2069; x_wconf 85' lang='lat' dir='ltr'>Gal.</span> <span class='ocrx_word' id='word_1_210' title='bbox 846 2036 877 2076; x_wconf 83' lang='grc'>1,</span> <span class='ocrx_word' id='word_1_211' title='bbox 905 2034 958 2068; x_wconf 94' lang='grc'>10.</span> <span class='ocrx_word' id='word_1_212' title='bbox 1055 2034 1097 2068; x_wconf 78' lang='grc'>16</span> <span class='ocrx_word' id='word_1_213' title='bbox 1114 2034 1175 2068; x_wconf 83' lang='lat' dir='ltr'>Ex.</span> <span class='ocrx_word' id='word_1_214' title='bbox 1204 2035 1256 2075; x_wconf 80' lang='grc'>12,</span> <span class='ocrx_word' id='word_1_215' title='bbox 1282 2035 1312 2069; x_wconf 84' lang='grc'>6.</span> <span class='ocrx_word' id='word_1_216' title='bbox 1411 2034 1453 2068; x_wconf 91' lang='lat'>18</span> <span class='ocrx_word' id='word_1_217' title='bbox 1470 2035 1527 2068; x_wconf 82' lang='lat' dir='ltr'>Ps.</span> <span class='ocrx_word' id='word_1_218' title='bbox 1556 2034 1632 2075; x_wconf 75' lang='lat'>140,</span> <span class='ocrx_word' id='word_1_219' title='bbox 1658 2034 1690 2068; x_wconf 93' lang='grc'>2.</span> 
     </span>
     <span class='ocr_line' id='line_1_27' title="bbox 187 2091 620 2133; baseline 0 -7"><span class='ocrx_word' id='word_1_220' title='bbox 187 2092 232 2126; x_wconf 82' lang='grc'>24</span> <span class='ocrx_word' id='word_1_221' title='bbox 257 2091 301 2125; x_wconf 84' lang='lat' dir='ltr'>cf.</span> <span class='ocrx_word' id='word_1_222' title='bbox 328 2092 345 2125; x_wconf 93' lang='grc' dir='ltr'><strong>Ι</strong></span> <span class='ocrx_word' id='word_1_223' title='bbox 372 2091 447 2126; x_wconf 88' lang='lat' dir='ltr'>Cor.</span> <span class='ocrx_word' id='word_1_224' title='bbox 477 2092 531 2133; x_wconf 83' lang='lat'>11,</span> <span class='ocrx_word' id='word_1_225' title='bbox 557 2092 620 2126; x_wconf 58' lang='lat'>265</span> 
     </span>
    </p>
   </div>
   <div class='ocr_carea' id='block_1_4' title="bbox 183 2206 1697 2939">
    <p class='ocr_par' dir='ltr' id='par_1_10' title="bbox 183 2206 1697 2939">
     <span class='ocr_line' id='line_1_28' title="bbox 251 2206 1696 2252; baseline 0 -12"><span class='ocrx_word' id='word_1_226' title='bbox 251 2207 273 2240; x_wconf 83' lang='lat'>2</span> <span class='ocrx_word' id='word_1_227' title='bbox 291 2206 469 2251; x_wconf 86' lang='lat' dir='ltr'>confusus]</span> <span class='ocrx_word' id='word_1_228' title='bbox 492 2206 672 2240; x_wconf 83' lang='lat' dir='ltr'>confessus</span> <span class='ocrx_word' id='word_1_229' title='bbox 693 2206 722 2251; x_wconf 99' lang='lat' dir='ltr'><em>Q</em></span> <span class='ocrx_word' id='word_1_230' title='bbox 851 2207 973 2252; x_wconf 83' lang='lat' dir='ltr'>fuerit]</span> <span class='ocrx_word' id='word_1_231' title='bbox 993 2217 1109 2240; x_wconf 88' lang='lat' dir='ltr'>coram</span> <span class='ocrx_word' id='word_1_232' title='bbox 1129 2206 1334 2241; x_wconf 89' lang='lat' dir='ltr'>hominibus</span> <span class='ocrx_word' id='word_1_233' title='bbox 1353 2206 1437 2241; x_wconf 78' lang='lat' dir='ltr'>add.</span> <span class='ocrx_word' id='word_1_234' title='bbox 1461 2206 1490 2251; x_wconf 91' lang='lat' dir='ltr'><em>Q</em></span> <span class='ocrx_word' id='word_1_235' title='bbox 1615 2217 1696 2240; x_wconf 92' lang='lat' dir='ltr'>con-</span> 
     </span>
     <span class='ocr_line' id='line_1_29' title="bbox 184 2263 1653 2308; baseline 0 -11"><span class='ocrx_word' id='word_1_236' title='bbox 184 2263 309 2298; x_wconf 84' lang='lat' dir='ltr'>fundet</span> <span class='ocrx_word' id='word_1_237' title='bbox 327 2264 425 2308; x_wconf 79' lang='lat' dir='ltr'>RQ¹,</span> <span class='ocrx_word' id='word_1_238' title='bbox 445 2263 597 2297; x_wconf 85' lang='lat' dir='ltr'>confidet</span> <span class='ocrx_word' id='word_1_239' title='bbox 620 2263 666 2308; x_wconf 79' lang='lat' dir='ltr'>Q²</span> <span class='ocrx_word' id='word_1_240' title='bbox 685 2264 926 2305; x_wconf 87' lang='lat' dir='ltr'>(confitebitur</span> <span class='ocrx_word' id='word_1_241' title='bbox 944 2265 993 2298; x_wconf 81' lang='lat' dir='ltr'><em>M</em></span> <span class='ocrx_word' id='word_1_242' title='bbox 1005 2265 1046 2299; x_wconf 47' lang='lat' dir='ltr'>‘in</span> <span class='ocrx_word' id='word_1_243' title='bbox 1064 2266 1153 2303; x_wconf 67' lang='lat' dir='ltr'>ras.)</span> <span class='ocrx_word' id='word_1_244' title='bbox 1271 2264 1292 2297; x_wconf 88' lang='grc'>4</span> <span class='ocrx_word' id='word_1_245' title='bbox 1310 2264 1447 2307; x_wconf 86' lang='lat' dir='ltr'>placere</span> <span class='ocrx_word' id='word_1_246' title='bbox 1466 2264 1595 2297; x_wconf 83' lang='lat' dir='ltr'>uellem</span> <span class='ocrx_word' id='word_1_247' title='bbox 1620 2264 1653 2298; x_wconf 93' lang='lat' dir='ltr'><strong><em>V</em></strong></span> 
     </span>
     <span class='ocr_line' id='line_1_30' title="bbox 183 2320 1693 2366; baseline 0.001 -12"><span class='ocrx_word' id='word_1_248' title='bbox 183 2322 205 2355; x_wconf 77' lang='grc' dir='ltr'>ἵ)</span> <span class='ocrx_word' id='word_1_249' title='bbox 224 2321 378 2355; x_wconf 87' lang='lat' dir='ltr'>christus</span> <span class='ocrx_word' id='word_1_250' title='bbox 398 2332 442 2355; x_wconf 63' lang='lat' dir='ltr'>ex</span> <span class='ocrx_word' id='word_1_251' title='bbox 459 2321 588 2355; x_wconf 82' lang='lat' dir='ltr'>christi</span> <span class='ocrx_word' id='word_1_252' title='bbox 605 2321 640 2355; x_wconf 77' lang='lat' dir='ltr'><strong><em>R</em></strong></span> <span class='ocrx_word' id='word_1_253' title='bbox 777 2322 798 2356; x_wconf 89' lang='grc'><strong>6</strong></span> <span class='ocrx_word' id='word_1_254' title='bbox 815 2321 932 2355; x_wconf 87' lang='lat' dir='ltr'>bibire</span> <span class='ocrx_word' id='word_1_255' title='bbox 952 2322 980 2356; x_wconf 99' lang='lat' dir='ltr'><strong><em>S</em></strong></span> <span class='ocrx_word' id='word_1_256' title='bbox 1110 2323 1128 2356; x_wconf 76' lang='lat'>7</span> <span class='ocrx_word' id='word_1_257' title='bbox 1148 2322 1237 2355; x_wconf 84' lang='lat' dir='ltr'>estsi</span> <span class='ocrx_word' id='word_1_258' title='bbox 1255 2322 1302 2355; x_wconf 82' lang='lat' dir='ltr'><em>M</em></span> <span class='ocrx_word' id='word_1_259' title='bbox 1319 2320 1401 2364; x_wconf 87' lang='lat' dir='ltr'>(etsi</span> <span class='ocrx_word' id='word_1_260' title='bbox 1422 2321 1464 2366; x_wconf 88' lang='lat' dir='ltr'>Q)</span> <span class='ocrx_word' id='word_1_261' title='bbox 1598 2321 1619 2355; x_wconf 90' lang='lat'>8</span> <span class='ocrx_word' id='word_1_262' title='bbox 1637 2321 1693 2366; x_wconf 83' lang='lat' dir='ltr'>ad]</span> 
     </span>
     <span class='ocr_line' id='line_1_31' title="bbox 184 2377 1650 2423; baseline 0.001 -11"><span class='ocrx_word' id='word_1_263' title='bbox 184 2389 205 2412; x_wconf 87' lang='lat' dir='ltr'>a</span> <span class='ocrx_word' id='word_1_264' title='bbox 227 2377 256 2422; x_wconf 86' lang='lat' dir='ltr'><em>Q</em></span> <span class='ocrx_word' id='word_1_265' title='bbox 272 2378 327 2422; x_wconf 87' lang='lat' dir='ltr'>(ac</span> <span class='ocrx_word' id='word_1_266' title='bbox 345 2378 405 2421; x_wconf 84' lang='grc' dir='ltr'>Μ)</span> <span class='ocrx_word' id='word_1_267' title='bbox 556 2378 600 2411; x_wconf 88' lang='grc'>10</span> <span class='ocrx_word' id='word_1_268' title='bbox 617 2379 772 2412; x_wconf 87' lang='lat' dir='ltr'>ueritate</span> <span class='ocrx_word' id='word_1_269' title='bbox 789 2379 823 2413; x_wconf 88' lang='lat' dir='ltr'><em>L</em></span> <span class='ocrx_word' id='word_1_270' title='bbox 973 2380 1014 2412; x_wconf 82' lang='lat'>11</span> <span class='ocrx_word' id='word_1_271' title='bbox 1034 2379 1302 2413; x_wconf 83' lang='lat' dir='ltr'>fraternitatem</span> <span class='ocrx_word' id='word_1_272' title='bbox 1322 2378 1351 2423; x_wconf 87' lang='lat' dir='ltr'><em>Q</em></span> <span class='ocrx_word' id='word_1_273' title='bbox 1496 2389 1596 2412; x_wconf 90' lang='lat' dir='ltr'>omne</span> <span class='ocrx_word' id='word_1_274' title='bbox 1614 2379 1650 2413; x_wconf 89' lang='lat' dir='ltr'><em>R</em></span> 
     </span>
     <span class='ocr_line' id='line_1_32' title="bbox 185 2435 1651 2481; baseline 0.001 -12"><span class='ocrx_word' id='word_1_275' title='bbox 185 2435 229 2469; x_wconf 84' lang='lat' dir='ltr'>ad</span> <span class='ocrx_word' id='word_1_276' title='bbox 247 2435 349 2479; x_wconf 87' lang='lat' dir='ltr'>LQS</span> <span class='ocrx_word' id='word_1_277' title='bbox 452 2436 495 2471; x_wconf 92' lang='grc'>12</span> <span class='ocrx_word' id='word_1_278' title='bbox 513 2435 692 2479; x_wconf 87' lang='lat' dir='ltr'>nuncquid</span> <span class='ocrx_word' id='word_1_279' title='bbox 712 2435 741 2470; x_wconf 85' lang='lat' dir='ltr'><strong><em>S</em></strong></span> <span class='ocrx_word' id='word_1_280' title='bbox 846 2437 889 2470; x_wconf 83' lang='lat'>13</span> <span class='ocrx_word' id='word_1_281' title='bbox 907 2437 969 2481; x_wconf 89' lang='grc'>310]</span> <span class='ocrx_word' id='word_1_282' title='bbox 990 2436 1020 2470; x_wconf 86' lang='lat' dir='ltr'>si</span> <span class='ocrx_word' id='word_1_283' title='bbox 1039 2436 1068 2470; x_wconf 88' lang='lat' dir='ltr'><strong><em>S</em></strong></span> <span class='ocrx_word' id='word_1_284' title='bbox 1172 2437 1215 2470; x_wconf 84' lang='lat'>14</span> <span class='ocrx_word' id='word_1_285' title='bbox 1234 2436 1361 2470; x_wconf 88' lang='lat' dir='ltr'>christi</span> <span class='ocrx_word' id='word_1_286' title='bbox 1381 2446 1423 2469; x_wconf 77' lang='lat' dir='ltr'>eae</span> <span class='ocrx_word' id='word_1_287' title='bbox 1441 2436 1596 2470; x_wconf 85' lang='lat' dir='ltr'>christus</span> <span class='ocrx_word' id='word_1_288' title='bbox 1614 2436 1651 2470; x_wconf 81' lang='lat' dir='ltr'><em>R</em></span> 
     </span>
     <span class='ocr_line' id='line_1_33' title="bbox 185 2493 1653 2537; baseline 0.001 -11"><span class='ocrx_word' id='word_1_289' title='bbox 185 2494 228 2527; x_wconf 82' lang='lat'>15</span> <span class='ocrx_word' id='word_1_290' title='bbox 245 2503 393 2537; x_wconf 84' lang='lat' dir='ltr'>uespera</span> <span class='ocrx_word' id='word_1_291' title='bbox 411 2493 483 2526; x_wconf 91' lang='lat' dir='ltr'>LP</span> <span class='ocrx_word' id='word_1_292' title='bbox 654 2493 766 2537; x_wconf 89' lang='lat' dir='ltr'>ipsius</span> <span class='ocrx_word' id='word_1_293' title='bbox 786 2494 822 2528; x_wconf 83' lang='lat' dir='ltr'><em>R</em></span> <span class='ocrx_word' id='word_1_294' title='bbox 993 2505 1177 2528; x_wconf 83' lang='lat' dir='ltr'>occansum</span> <span class='ocrx_word' id='word_1_295' title='bbox 1197 2493 1226 2528; x_wconf 92' lang='lat' dir='ltr'><strong><em>S</em></strong></span> <span class='ocrx_word' id='word_1_296' title='bbox 1399 2493 1442 2527; x_wconf 90' lang='grc'>16</span> <span class='ocrx_word' id='word_1_297' title='bbox 1460 2504 1604 2537; x_wconf 87' lang='lat' dir='ltr'>uespera</span> <span class='ocrx_word' id='word_1_298' title='bbox 1624 2493 1653 2528; x_wconf 87' lang='lat' dir='ltr'><strong><em>S</em></strong></span> 
     </span>
     <span class='ocr_line' id='line_1_34' title="bbox 185 2550 1654 2595; baseline -0.001 -10"><span class='ocrx_word' id='word_1_299' title='bbox 185 2551 222 2585; x_wconf 92' lang='lat' dir='ltr'>in</span> <span class='ocrx_word' id='word_1_300' title='bbox 240 2550 363 2584; x_wconf 84' lang='lat' dir='ltr'>mundi</span> <span class='ocrx_word' id='word_1_301' title='bbox 382 2550 417 2585; x_wconf 82' lang='lat' dir='ltr'><em>R</em></span> <span class='ocrx_word' id='word_1_302' title='bbox 571 2550 773 2584; x_wconf 90' lang='lat' dir='ltr'>occiderunt</span> <span class='ocrx_word' id='word_1_303' title='bbox 789 2551 879 2585; x_wconf 85' lang='lat' dir='ltr'>illud</span> <span class='ocrx_word' id='word_1_304' title='bbox 900 2551 930 2585; x_wconf 89' lang='lat' dir='ltr'><strong><em>S</em></strong></span> <span class='ocrx_word' id='word_1_305' title='bbox 1076 2552 1118 2585; x_wconf 81' lang='lat'>17</span> <span class='ocrx_word' id='word_1_306' title='bbox 1137 2551 1250 2585; x_wconf 85' lang='lat' dir='ltr'>omnis</span> <span class='ocrx_word' id='word_1_307' title='bbox 1274 2551 1303 2595; x_wconf 90' lang='lat' dir='ltr'><em>Q</em></span> <span class='ocrx_word' id='word_1_308' title='bbox 1455 2551 1604 2584; x_wconf 80' lang='lat' dir='ltr'>istrahel</span> <span class='ocrx_word' id='word_1_309' title='bbox 1625 2551 1654 2585; x_wconf 92' lang='lat' dir='ltr'><strong><em>S</em></strong></span> 
     </span>
     <span class='ocr_line' id='line_1_35' title="bbox 185 2607 1696 2652; baseline 0.001 -11"><span class='ocrx_word' id='word_1_310' title='bbox 185 2609 228 2642; x_wconf 87' lang='lat'>18</span> <span class='ocrx_word' id='word_1_311' title='bbox 246 2619 389 2642; x_wconf 87' lang='lat' dir='ltr'>manum</span> <span class='ocrx_word' id='word_1_312' title='bbox 411 2607 440 2652; x_wconf 92' lang='lat' dir='ltr'><em>Q</em></span> <span class='ocrx_word' id='word_1_313' title='bbox 584 2608 627 2642; x_wconf 80' lang='lat'>19</span> <span class='ocrx_word' id='word_1_314' title='bbox 644 2609 935 2642; x_wconf 89' lang='lat' dir='ltr'>resurrectionem</span> <span class='ocrx_word' id='word_1_315' title='bbox 953 2619 996 2642; x_wconf 67' lang='lat' dir='ltr'>esc</span> <span class='ocrx_word' id='word_1_316' title='bbox 1012 2609 1203 2643; x_wconf 88' lang='lat' dir='ltr'>rectionem</span> <span class='ocrx_word' id='word_1_317' title='bbox 1223 2608 1252 2642; x_wconf 87' lang='lat' dir='ltr'><strong><em>S</em></strong></span> <span class='ocrx_word' id='word_1_318' title='bbox 1266 2620 1310 2642; x_wconf 81' lang='lat' dir='ltr'>m.</span> <span class='ocrx_word' id='word_1_319' title='bbox 1327 2611 1351 2643; x_wconf 79' lang='lat'><em>2</em></span> <span class='ocrx_word' id='word_1_320' title='bbox 1488 2608 1533 2642; x_wconf 94' lang='grc'>20</span> <span class='ocrx_word' id='word_1_321' title='bbox 1550 2608 1696 2652; x_wconf 89' lang='lat' dir='ltr'>domini]</span> 
     </span>
     <span class='ocr_line' id='line_1_36' title="bbox 185 2654 1697 2710; baseline 0.001 -12"><span class='ocrx_word' id='word_1_322' title='bbox 185 2666 221 2699; x_wconf 89' lang='lat' dir='ltr'>in</span> <span class='ocrx_word' id='word_1_323' title='bbox 240 2665 427 2699; x_wconf 87' lang='lat' dir='ltr'>sacrificiis</span> <span class='ocrx_word' id='word_1_324' title='bbox 445 2666 608 2700; x_wconf 89' lang='lat' dir='ltr'>omnibus</span> <span class='ocrx_word' id='word_1_325' title='bbox 626 2654 741 2700; x_wconf 56' lang='lat' dir='ltr'>dffiR</span> <span class='ocrx_word' id='word_1_326' title='bbox 834 2666 1047 2700; x_wconf 86' lang='lat' dir='ltr'>celebremus</span> <span class='ocrx_word' id='word_1_327' title='bbox 1062 2666 1121 2699; x_wconf 83' lang='grc' dir='ltr'>Μ1</span> <span class='ocrx_word' id='word_1_328' title='bbox 1139 2665 1370 2709; x_wconf 85' lang='lat' dir='ltr'>(celebramus</span> <span class='ocrx_word' id='word_1_329' title='bbox 1388 2665 1437 2699; x_wconf 89' lang='lat' dir='ltr'><em>M</em></span> <span class='ocrx_word' id='word_1_330' title='bbox 1439 2664 1499 2710; x_wconf 68' lang='grc' dir='ltr'>Ὦ)</span> <span class='ocrx_word' id='word_1_331' title='bbox 1600 2666 1643 2699; x_wconf 88' lang='grc'>21</span> <span class='ocrx_word' id='word_1_332' title='bbox 1661 2667 1697 2699; x_wconf 86' lang='lat' dir='ltr'>et</span> 
     </span>
     <span class='ocr_line' id='line_1_37' title="bbox 186 2722 1695 2767; baseline -0.001 -11"><span class='ocrx_word' id='word_1_333' title='bbox 186 2724 282 2767; x_wconf 85' lang='lat' dir='ltr'>quia]</span> <span class='ocrx_word' id='word_1_334' title='bbox 301 2723 362 2766; x_wconf 89' lang='lat' dir='ltr'>qui</span> <span class='ocrx_word' id='word_1_335' title='bbox 385 2724 418 2758; x_wconf 91' lang='lat' dir='ltr'><em>V</em></span> <span class='ocrx_word' id='word_1_336' title='bbox 523 2724 694 2757; x_wconf 82' lang='lat' dir='ltr'>faciamus</span> <span class='ocrx_word' id='word_1_337' title='bbox 712 2723 761 2757; x_wconf 87' lang='grc' dir='ltr'><strong>Μ</strong></span> <span class='ocrx_word' id='word_1_338' title='bbox 764 2725 774 2740; x_wconf 85' lang='lat'>¹</span> <span class='ocrx_word' id='word_1_339' title='bbox 793 2723 957 2765; x_wconf 84' lang='lat' dir='ltr'>(facimus</span> <span class='ocrx_word' id='word_1_340' title='bbox 976 2722 1087 2767; x_wconf 60' lang='lat'>31²0)</span> <span class='ocrx_word' id='word_1_341' title='bbox 1203 2723 1248 2757; x_wconf 82' lang='grc'>23</span> <span class='ocrx_word' id='word_1_342' title='bbox 1264 2722 1340 2767; x_wconf 86' lang='grc'>1110]</span> <span class='ocrx_word' id='word_1_343' title='bbox 1359 2722 1434 2766; x_wconf 87' lang='lat' dir='ltr'>ipse</span> <span class='ocrx_word' id='word_1_344' title='bbox 1451 2722 1486 2756; x_wconf 84' lang='lat' dir='ltr'><em>R</em></span> <span class='ocrx_word' id='word_1_345' title='bbox 1593 2722 1695 2766; x_wconf 82' lang='lat' dir='ltr'>dicit]</span> 
     </span>
     <span class='ocr_line' id='line_1_38' title="bbox 186 2780 1697 2824; baseline -0.001 -10"><span class='ocrx_word' id='word_1_346' title='bbox 186 2781 270 2814; x_wconf 71' lang='lat' dir='ltr'>aad.</span> <span class='ocrx_word' id='word_1_347' title='bbox 298 2781 374 2815; x_wconf 71' lang='lat' dir='ltr'>Rv:</span> <span class='ocrx_word' id='word_1_348' title='bbox 408 2781 723 2824; x_wconf 84' lang='lat' dir='ltr'>quotienscumque</span> <span class='ocrx_word' id='word_1_349' title='bbox 753 2780 846 2814; x_wconf 88' lang='lat' dir='ltr'>enim</span> <span class='ocrx_word' id='word_1_350' title='bbox 876 2780 1020 2814; x_wconf 81' lang='lat' dir='ltr'>ederitis</span> <span class='ocrx_word' id='word_1_351' title='bbox 1050 2791 1176 2824; x_wconf 83' lang='lat' dir='ltr'>panem</span> <span class='ocrx_word' id='word_1_352' title='bbox 1206 2780 1315 2813; x_wconf 85' lang='lat' dir='ltr'>istum</span> <span class='ocrx_word' id='word_1_353' title='bbox 1347 2782 1382 2813; x_wconf 83' lang='lat' dir='ltr'>et</span> <span class='ocrx_word' id='word_1_354' title='bbox 1413 2780 1556 2813; x_wconf 85' lang='lat' dir='ltr'>calicem</span> <span class='ocrx_word' id='word_1_355' title='bbox 1586 2780 1697 2812; x_wconf 83' lang='lat' dir='ltr'>istum</span> 
     </span>
     <span class='ocr_line' id='line_1_39' title="bbox 188 2836 1697 2880; baseline -0.002 -8"><span class='ocrx_word' id='word_1_356' title='bbox 188 2838 354 2872; x_wconf 83' lang='lat' dir='ltr'>biberitis</span> <span class='ocrx_word' id='word_1_357' title='bbox 372 2840 521 2872; x_wconf 68' lang='lat' dir='ltr'>mortem</span> <span class='ocrx_word' id='word_1_358' title='bbox 539 2838 672 2872; x_wconf 84' lang='lat' dir='ltr'>domini</span> <span class='ocrx_word' id='word_1_359' title='bbox 700 2837 962 2871; x_wconf 83' lang='lat' dir='ltr'>adnuntiabitis</span> <span class='ocrx_word' id='word_1_360' title='bbox 989 2837 1229 2880; x_wconf 74' lang='lat' dir='ltr'>(adnunciatis</span> <span class='ocrx_word' id='word_1_361' title='bbox 1249 2837 1298 2880; x_wconf 82' lang='lat' dir='ltr'>R)</span> <span class='ocrx_word' id='word_1_362' title='bbox 1326 2836 1549 2880; x_wconf 83' lang='lat' dir='ltr'>quoadusque</span> <span class='ocrx_word' id='word_1_363' title='bbox 1575 2837 1697 2870; x_wconf 86' lang='lat' dir='ltr'>ueniat</span> 
     </span>
     <span class='ocr_line' id='line_1_40' title="bbox 187 2893 1645 2939; baseline -0.001 -11"><span class='ocrx_word' id='word_1_364' title='bbox 187 2898 245 2939; x_wconf 61' lang='grc' dir='ltr'>(ΓΞ</span> <span class='ocrx_word' id='word_1_365' title='bbox 265 2895 290 2928; x_wconf 88' lang='grc' dir='ltr'><em>Ι</em></span> <span class='ocrx_word' id='word_1_366' title='bbox 311 2896 388 2930; x_wconf 80' lang='lat' dir='ltr'>Cor.</span> <span class='ocrx_word' id='word_1_367' title='bbox 409 2899 463 2939; x_wconf 67' lang='lat'>11,</span> <span class='ocrx_word' id='word_1_368' title='bbox 484 2898 547 2939; x_wconf 67' lang='lat'>26)</span> <span class='ocrx_word' id='word_1_369' title='bbox 668 2896 712 2929; x_wconf 78' lang='grc'>24</span> <span class='ocrx_word' id='word_1_370' title='bbox 730 2897 770 2928; x_wconf 91' lang='lat' dir='ltr'>ut</span> <span class='ocrx_word' id='word_1_371' title='bbox 788 2905 851 2929; x_wconf 87' lang='lat' dir='ltr'>om.</span> <span class='ocrx_word' id='word_1_372' title='bbox 872 2894 929 2929; x_wconf 77' lang='lat' dir='ltr'>Rv</span> <span class='ocrx_word' id='word_1_373' title='bbox 1039 2894 1364 2938; x_wconf 77' lang='lat' dir='ltr'>quotienscumque]</span> <span class='ocrx_word' id='word_1_374' title='bbox 1384 2904 1466 2936; x_wconf 76' lang='lat' dir='ltr'>ergo</span> <span class='ocrx_word' id='word_1_375' title='bbox 1484 2893 1568 2927; x_wconf 77' lang='lat' dir='ltr'>add.</span> <span class='ocrx_word' id='word_1_376' title='bbox 1589 2894 1645 2927; x_wconf 75' lang='lat' dir='ltr'>Rv</span> 
     </span>
    </p>
   </div>
  </div>
 </body>
</html>
