1838 3152
292 181 376 223 566
821 179 1014 215 Caecilii
1045 179 1260 225 Cypriani

591 351 1078 423 EPISTVLA
1140 350 1501 423 XXXIII.

256 513 274 552 l
350 509 549 551 Dominus
580 513 728 561 noster,
762 510 877 551 cuius
898 511 1115 563 praecepta
1136 510 1317 553 metuere
1339 511 1380 552 et
1401 523 1562 552 seruare
1585 510 1793 562 debemus,

291 577 469 631 episcopi
499 579 692 620 honorem
713 580 754 620 et
776 579 968 620 ecclesiae
1000 591 1095 620 suae
1126 579 1328 620 rationem
1353 579 1568 632 disponens
1596 579 1638 620 in
1668 592 1792 621 euan-

292 646 400 700 gelio
437 647 625 701 quuitur·
659 649 699 690 et
738 648 841 689 dicit
879 648 1024 690 Petro:
1071 659 1159 702 ego
1201 648 1301 689 tibi
1343 648 1452 689 dico
1494 647 1612 701 quia
1649 649 1703 689 tu
1742 660 1792 689 es

292 715 497 767 Petrus,
530 718 578 758 et
600 717 922 770 superistam
952 718 1153 770 petram
1184 716 1480 759 aedificabo
1513 717 1823 760 eeclesiam⁵

293 796 471 839 meam,
505 787 553 827 et
575 787 755 839 portae
786 786 1068 827 inferorum
1098 797 1193 827 non
1225 786 1438 827 uincent
1460 798 1586 836 eam,
1619 787 1667 827 et
1691 785 1794 827 tibi

294 854 419 895 dabo
451 854 622 896 claues
653 855 797 910 regni
829 856 1107 905 caelorum,
1140 856 1188 896 et
1210 854 1613 910 quaeligaueris
1643 866 1795 907 super

293 922 482 964 terram
513 924 661 966 erunt
691 924 861 979 ligata
884 925 1001 965 etin
1024 924 1206 974 caelis,
1240 926 1288 965 et
1320 936 1667 977 quaecumque
1698 924 1794 965 sol-

293 992 431 1034 ueris
463 1005 615 1046 super
645 995 833 1035 terram
865 995 1014 1035 erunt
1046 993 1218 1036 soluta
1247 996 1295 1034 et
1322 994 1372 1034 in
1394 993 1568 1035 caelis.
1602 993 1695 1034 inde
1725 1005 1796 1046 per

293 1062 529 1113 temporum
551 1063 591 1103 et
613 1063 911 1104 successionum
934 1063 1044 1104 uices
1068 1063 1350 1116 episcoporum
1382 1062 1583 1104 ordinatio
1605 1063 1646 1103 et
1667 1062 1838 1109 eccle-210

295 1128 378 1170 siae
415 1130 520 1171 ratio
561 1130 740 1172 decurrit
769 1132 816 1172 ut
846 1131 1018 1173 ecclesia
1056 1144 1177 1185 super
1213 1131 1420 1185 episcopos
1452 1131 1726 1173 constituatur
1756 1131 1797 1172 et

295 1197 426 1238 omnis
459 1200 574 1240 actus
606 1199 797 1241 ecclesiae
827 1213 898 1253 per
929 1200 1091 1242 eosdem
1122 1201 1375 1253 praepositos
1406 1200 1669 1254 gubernetur.
1702 1211 1796 1240 cum

295 1267 369 1309 hoc
391 1268 452 1309 ita
474 1268 616 1310 diuina
646 1269 737 1324 Iege
758 1269 977 1311 fundatum
1000 1270 1068 1320 sit,
1100 1270 1226 1311 miror
1247 1269 1444 1323 quosdam
1466 1268 1609 1310 audaci
1630 1267 1797 1309 temeri-

294 1337 382 1378 tate
424 1337 482 1378 sic
523 1337 627 1378 mihi
668 1338 843 1380 scribere
884 1338 1064 1380 uoluisse
1104 1340 1152 1380 ut
1193 1338 1385 1380 ecclesiae
1426 1337 1589 1379 nomine
1634 1336 1797 1378 litteras

295 1404 488 1456 facerent⁷
531 1406 690 1459 quando
730 1407 898 1448 ecclesia
936 1407 978 1448 in
1019 1407 1206 1461 episcopo
1245 1411 1284 1447 et
1315 1407 1421 1448 clero
1461 1406 1502 1447 et
1532 1406 1574 1447 in
1605 1404 1795 1446 omnibus
1810 1423 1838 1450 15

296 1475 504 1517 stantibus
543 1475 598 1517 sit
636 1476 873 1518 constituta.
915 1476 1024 1518 absit
1065 1477 1173 1518 enim
1212 1489 1285 1518 nec
1315 1476 1482 1518 Domini
1520 1474 1800 1517 misericordia

297 1544 337 1585 et
357 1545 537 1596 potestas
569 1544 655 1586 eius
686 1545 843 1587 inuicta
872 1545 1057 1598 patiatur
1083 1546 1131 1586 ut
1152 1545 1324 1587 ecclesia
1355 1557 1440 1587 esse
1471 1545 1632 1586 dicatur
1662 1544 1799 1596 lapso-

297 1625 389 1654 rum
410 1626 615 1667 numerus,
647 1626 740 1655 cum
762 1614 962 1667 scriptum
984 1614 1057 1656 sit:
1089 1615 1221 1655 Deus
1252 1625 1346 1655 non
1377 1614 1453 1655 est
1483 1613 1800 1654 mortuorum

434 1749 456 1783 4
480 1749 610 1784 Matth.
639 1751 692 1791 io,
720 1751 772 1785 18.
800 1751 853 1784 19.
950 1750 992 1784 18
1017 1750 1149 1784 Matth.
1175 1750 1231 1794 22,
1258 1750 1313 1784 32.

368 1875 482 1920 Epist.
501 1875 671 1910 XXXIII.
692 1896 731 1901 ——
751 1876 885 1920 Incipit
911 1876 1054 1921 (incipit
1079 1887 1143 1910 om.
1164 1889 1241 1919 φμ,·
1273 1875 1429 1919 cipriano
1453 1874 1537 1909 add.
1562 1874 1607 1916 T)
1632 1873 1801 1907 aduersus

298 1932 358 1975 (ad
374 1933 421 1977 Z)
440 1933 557 1977 lapsos
576 1933 638 1977 qui
657 1933 845 1978 (quidquid
864 1935 905 1978 ῳ)
924 1934 981 1967 illi
999 1933 1091 1978 (illic
1110 1934 1148 1974 T,
1167 1933 1224 1967 illi
1242 1933 1283 1967 de
1301 1934 1471 1976 usurpata
1488 1942 1572 1976 pace
1589 1931 1633 1974 Z)
1653 1931 1801 1974 scripse-

297 1992 382 2024 runt
408 1991 631 2035 (scripserint
648 1992 680 2025 Z
685 2005 697 2035 ;
728 1992 881 2035 epistola
906 1991 992 2026 ccclcl.
1012 1992 1054 2035 φ)
1077 1991 1208 2035 ΤΖφμ,
1239 1990 1417 2024 Aduersus
1435 1990 1551 2034 lapsos
1570 1999 1718 2032 quorum
1736 1988 1801 2022 ali-

298 2058 445 2092 quorum
467 2049 708 2083 temeritatem
732 2049 854 2093 arguit
878 2049 1028 2082 aliorum
1045 2048 1181 2082 exaltat
1198 2048 1444 2082 humilitatem
1462 2046 1675 2091 premittens
1694 2046 1802 2080 eccle-

299 2105 389 2139 siam
419 2106 651 2140 constitutam
681 2117 784 2150 super
814 2095 887 2150 epis
917 2107 953 2140 et
980 2117 1042 2150 per
1071 2105 1211 2140 eosdem
1242 2104 1438 2149 prepositos
1468 2103 1657 2148 gubernari
1686 2115 1727 2137 w.
1761 2123 1799 2127 —

297 2163 319 2198 2
343 2163 520 2207 dominus]
547 2164 742 2208 Cyprianus
775 2164 896 2208 lapsis.
932 2163 1105 2198 Dominus
1129 2174 1159 2204 v,
1186 2162 1375 2206 cyprianus
1401 2151 1471 2196 dffsj
1490 2176 1514 2207 μ
1646 2163 1801 2195 metuere

299 2221 433 2262 (etuere
469 2222 513 2265 T)
546 2222 581 2254 et
610 2231 748 2255 seruare
781 2221 946 2255 debemus
980 2221 1071 2264 T²q2,
1104 2220 1264 2254 inuenire
1294 2221 1330 2254 et
1357 2220 1542 2254 obseruare
1573 2219 1739 2253 debemus
1765 2231 1800 2263 μ,

299 2281 455 2312 metuere
484 2277 652 2312 debemus
683 2280 720 2312 et
749 2289 888 2312 seruare
905 2289 947 2319 w,
978 2289 1024 2312 m.
1055 2277 1221 2312 debemus
1251 2279 1287 2311 et
1317 2288 1458 2311 seruare
1488 2277 1653 2311 debemus
1677 2278 1735 2320 T¹,
1766 2277 1803 2309 et

297 2336 434 2370 monita
452 2336 639 2370 obseruare
655 2336 687 2370 d.
708 2336 740 2369 Z
743 2347 759 2371 v
844 2336 865 2371 3
882 2336 1051 2370 honorem
1070 2335 1117 2380 et]
1135 2335 1263 2369 honore
1280 2335 1316 2369 Z
1389 2345 1471 2369 suae
1488 2345 1551 2369 om.
1572 2345 1603 2368 w
1688 2334 1710 2368 4
1727 2333 1803 2367 dico

297 2393 368 2427 tibi
387 2407 413 2436 φ
508 2394 530 2427 5
546 2393 666 2437 istam]
685 2393 777 2428 hanc
794 2395 856 2437 Ζφ
951 2394 971 2428 6
988 2393 1132 2427 uincent
1149 2394 1238 2438 eam]
1257 2393 1458 2427 uincentem
1480 2394 1518 2433 T,
1544 2391 1802 2436 praeualebunt

299 2452 421 2484 contra
438 2461 515 2484 eam
532 2451 565 2484 Z
667 2452 703 2485 et
720 2462 784 2486 om.
810 2451 842 2486 V
949 2451 967 2485 7
987 2451 1088 2495 quae]
1108 2461 1323 2495 quecumque
1341 2451 1374 2485 Z
1479 2451 1501 2484 8
1520 2451 1555 2484 et
1572 2450 1622 2494 in]
1641 2450 1678 2483 in
1700 2450 1757 2493 Τμ

300 2510 334 2541 et
353 2518 590 2552 quaecumque
611 2535 617 2541 .
634 2534 640 2540 .
657 2535 663 2542 .
685 2509 792 2542 caelis
810 2519 875 2543 om.
895 2522 919 2554 μ1
1042 2509 1062 2542 9
1081 2510 1116 2542 et
1133 2519 1199 2542 om.
1224 2509 1256 2543 T
1369 2508 1443 2542 celo
1463 2519 1491 2542 w
1609 2507 1652 2541 10
1670 2517 1803 2541 succes-

299 2575 416 2599 sorum
435 2579 462 2609 φ
594 2565 770 2600 ordinatio
795 2567 842 2610 et]
869 2566 1151 2600 ordinationibus
1177 2577 1238 2607 φῑυ
1370 2566 1411 2599 11
1437 2564 1605 2599 ecclesiae
1623 2575 1649 2597 s.
1670 2574 1696 2598 e.
1725 2573 1803 2597 con-

300 2623 498 2657 stituantur
516 2636 541 2667 μ
629 2623 671 2657 12
689 2634 808 2658 omnes
826 2625 858 2658 Z
862 2635 889 2658 w
975 2624 1219 2668 gubernentur
1236 2623 1270 2657 Z
1273 2634 1300 2656 w
1387 2623 1430 2656 13
1448 2622 1515 2666 ita]
1540 2622 1661 2665 itaque
1679 2621 1759 2665 Ζμυ

298 2680 568 2714 fundamentum
586 2692 618 2715 w
697 2681 740 2714 14
758 2681 806 2715 sic
825 2691 889 2714 om.
909 2681 967 2725 Zu
1048 2682 1088 2714 ut
1109 2706 1114 2712 .
1133 2708 1137 2714 .
1155 2709 1160 2713 .
1183 2680 1341 2714 facerent
1359 2690 1423 2714 om.
1443 2680 1501 2724 Ζμ,
1587 2679 1631 2712 15
1648 2676 1803 2722 quando]

300 2749 378 2772 cum
396 2739 452 2782 Ζμ
547 2739 651 2783 clero]
671 2738 734 2772 deo
751 2738 784 2772 Z
875 2737 912 2771 in
930 2749 993 2772 om.
1014 2738 1045 2772 Z
1146 2737 1188 2771 16
1206 2738 1403 2772 constituta
1421 2737 1517 2771 absit
1536 2736 1629 2770 enim
1648 2746 1712 2770 om.
1732 2748 1757 2779 μ

300 2795 379 2840 nec]
396 2806 438 2829 ne
462 2795 529 2840 Vp,
547 2795 588 2830 de
605 2796 639 2830 Z
730 2796 771 2829 17
791 2796 838 2840 et]
857 2797 897 2829 ut
914 2796 944 2829 Z
1038 2796 1199 2829 inuincta
1219 2806 1257 2836 w,
1276 2794 1452 2829 inuidiam
1475 2794 1564 2838 VZn
