1912 3152
238 182 322 223 314
508 181 700 216 Caecilii
726 181 939 225 Cypriani
966 181 1013 215 de
1040 181 1333 216 mortalitate
1359 192 1386 215 c.
1413 183 1465 216 26.

250 286 388 326 tarum
420 284 694 326 exultantium
730 297 942 335 numerus,
983 285 1070 326 illic
1101 285 1329 338 martyrum
1354 285 1664 328 innumerabilis
1686 299 1760 341 po-

252 354 374 407 pulus
397 353 446 395 ob
469 354 705 395 certaminis
728 355 768 395 et
794 354 992 407 passionis
1024 354 1199 408 gloriam
1220 355 1260 396 et
1282 355 1499 396 uictoriam
1531 357 1759 409 coronatus,

252 422 554 476 triumphantes
585 422 766 478 uirgines
802 436 904 476 quae
941 423 1308 476 concupiscentiam
1345 424 1477 465 carnis
1507 425 1547 465 et
1584 426 1761 478 corporis

254 491 526 533 continentiae
547 491 686 533 robore
708 492 978 546 subegerunt,
1011 492 1259 534 remunerati
1281 492 1561 534 misericordes
1583 494 1653 546 qui
1684 494 1761 535 ali-

254 560 405 601 mentis
437 560 477 601 et
508 560 796 615 largitionibus
827 574 1051 613 pauperum
1089 561 1273 602 iustitiae
1309 573 1429 615 opera
1460 561 1662 613 fecerunt,
1693 564 1762 615 qui
1788 576 1802 599 ε,

254 628 459 670 dominica
480 631 694 682 praecepta
717 631 924 672 seruantes
946 630 996 670 ad
1019 629 1211 671 caelestes
1233 630 1442 671 thesauros
1459 631 1618 673 terrena
1635 631 1763 684 patri-

254 697 391 739 monia
407 698 718 740 transtulerunt.
753 700 803 740 ad
826 698 911 749 hos,
934 698 1084 740 fratres
1106 698 1380 749 dilectissimi,
1404 699 1525 741 auida
1542 699 1764 752 cupiditate

252 780 527 821 properemus,
550 769 596 809 ut
619 781 712 809 cum
735 767 798 808 his
821 767 902 809 cito
925 779 1029 817 esse,
1053 768 1100 808 ut
1121 767 1201 808 cito
1219 767 1269 809 ad
1287 767 1497 809 Christum
1514 768 1653 810 uenire
1670 780 1764 809 con-

253 835 390 890 tingat
421 838 618 889 optemus.
661 837 763 878 hanc
793 836 1085 890 cogitationem
1115 837 1299 878 nostram
1330 836 1440 878 Deus
1472 836 1632 888 uideat,
1690 837 1765 878 hoc

254 906 511 959 propositum
542 906 692 947 mentis
716 907 756 947 et
777 905 872 947 fidei
895 904 1081 946 Christus
1103 905 1276 958 aspiciat
1297 905 1470 947 daturus
1493 905 1550 947 eis
1573 905 1766 946 caritatis
1781 917 1815 941 10

256 986 353 1016 suae
375 974 575 1028 ampliora
607 975 788 1029 praemia
811 986 985 1028 quorum
1008 975 1114 1017 circa
1136 987 1177 1015 se
1199 974 1352 1016 fuerint
1374 974 1577 1016 desideria
1598 975 1765 1016 maiora.

322 1113 342 1147 1
368 1123 534 1147 numerus
552 1112 782 1157 gloriosus&
808 1113 933 1147 malim
953 1113 1072 1157 iyitsm·
1090 1124 1184 1146 num.
1204 1112 1363 1156 copiosus
1435 1113 1456 1146 2
1481 1112 1634 1156 glorian]
1652 1113 1687 1146 ct
1701 1122 1753 1146 om

259 1170 399 1206 OWGv
505 1170 527 1204 3
552 1170 710 1214 uirgines
729 1170 940 1211 SOWGK
966 1170 1042 1205 illic
1060 1171 1216 1215 uirgines
1234 1182 1255 1205 υ
1354 1180 1442 1214 quac
1465 1170 1515 1205 W
1530 1180 1556 1203 S.
1576 1170 1597 1203 l.
1616 1181 1659 1203 m.
1679 1172 1703 1204 2

254 1228 509 1263 continentiam
533 1228 566 1263 G
689 1229 711 1262 4
736 1228 869 1262 roboris
888 1228 1098 1273 subigerunt
1117 1228 1146 1262 S
1252 1227 1445 1271 alimentis]
1464 1226 1630 1260 lamentis
1653 1227 1703 1261 W

254 1287 276 1321 5
301 1289 337 1321 et
354 1298 418 1321 om.
440 1286 469 1321 S
582 1286 756 1331 iustitiae]
777 1286 874 1320 iusta
896 1287 947 1321 W
1062 1287 1082 1320 (3
1108 1286 1319 1320 thensauros
1334 1285 1433 1326 SW,
1458 1284 1647 1318 thesaurus
1671 1284 1700 1318 O

254 1345 274 1378 7
300 1344 376 1388 hos]
396 1345 460 1378 hoc
479 1344 510 1379 S
592 1345 613 1378 8
638 1355 711 1378 esse
728 1344 903 1388 possimus
927 1343 959 1378 G
1029 1344 1049 1377 9
1075 1344 1238 1387 optamus
1269 1343 1319 1377 G¹
1405 1343 1564 1376 nostram
1582 1351 1646 1375 om.
1671 1341 1700 1375 Ο

255 1402 301 1436 10
324 1401 486 1436 dominus
505 1402 658 1436 christus
682 1402 732 1436 Or>
827 1401 1005 1435 claritatis
1034 1401 1097 1442 W,
1123 1401 1257 1445 gloriae
1284 1411 1304 1434 v
1413 1409 1561 1434 CAECILI
1586 1408 1767 1433 CYPRIANI

255 1470 304 1494 DE
329 1470 593 1494 MORTALITATE
618 1469 791 1493 EXPLICIT
817 1459 1011 1503 (EXPLECIT
1042 1458 1085 1503 Ο)
1114 1457 1250 1500 SWO,
1284 1467 1458 1492 EXPLICIT
1487 1445 1614 1491 Emsffi',
1647 1466 1767 1490 cucur

256 1527 429 1552 CIPRIANI
448 1528 495 1551 DE
514 1526 777 1551 MORTALITATE
801 1516 832 1550 G
