1838 3152
202 222 284 264 754
729 218 922 254 Caecilii
955 219 1173 263 Cypriani

200 324 391 365 habitans
422 324 465 364 in
497 323 615 364 domo
647 322 725 363 Dei
756 323 798 364 id
831 324 891 364 est
923 322 966 363 in
997 322 1164 363 ecclesia
1195 323 1284 373 Dei,
1322 324 1363 364 in
1403 336 1482 376 qua
1514 336 1592 364 non
1622 323 1701 365 nisi

203 393 417 434 concordes
448 393 578 445 adque
610 392 824 433 unanimes
854 391 1061 444 habitant7
1105 392 1295 443 loquente
1334 392 1376 432 in
1407 393 1578 444 psalmis
1610 393 1694 446 spi-

200 463 283 503 ritu
314 462 451 502 sancto
474 461 514 502 et
536 460 714 502 dicente:
746 460 878 501 Deus
911 460 994 512 qui
1026 460 1334 501 inhabitare
1366 460 1496 501 facit
1526 462 1704 502 unani-

203 542 304 571 mes
335 530 383 571 in
415 530 587 571 domo?
619 529 791 582 denique
822 528 1142 570 unanimitatem
1175 529 1443 570 christianam
1474 529 1591 571 firma
1622 530 1702 571 sibi

204 598 335 651 adque
395 598 661 650 inseparabili
712 597 883 638 caritate
935 608 1127 638 conexam
1178 597 1305 638 etiam
1354 597 1443 649 ipsa
1494 598 1697 639 dominica
1713 612 1726 635 5

205 666 403 708 sacrificia
433 666 656 708 declarant.
686 679 782 707 nam
814 665 973 718 quando
996 665 1199 707 Dominus
1231 678 1374 719 corpus
1407 678 1527 707 suum
1555 680 1702 720 panem

204 735 325 777 uocat
356 735 404 777 de
434 736 662 777 multorum
693 747 914 788 granorum
947 735 1191 776 adunatione
1222 736 1474 790 congestum,
1504 737 1703 789 populum

205 804 391 845 nostrum
422 817 543 857 quem
574 804 767 857 portabat
798 804 954 845 indicat
986 804 1233 845 adunatum:
1267 806 1308 846 et
1339 805 1500 857 quando
1533 805 1700 858 sangui-

203 885 295 914 nem
325 885 446 915 suum
477 873 623 914 uinum
660 873 843 926 appellat
882 873 931 914 de
970 874 1131 915 botruis
1172 875 1303 927 adque
1343 874 1469 916 acinis
1510 874 1703 928 plurimis

201 954 435 995 expressum
457 942 588 995 adque
609 942 652 983 in
674 956 803 983 unum
826 943 1025 993 eoactum,
1049 955 1218 997 gregem
1240 943 1343 984 item
1364 943 1551 983 nostrum
1573 943 1702 996 signi·
1717 955 1749 979 10

200 1010 296 1052 ficat
317 1011 607 1052 commixtione
629 1012 831 1053 adunatae
854 1011 1140 1053 multitudinis
1164 1012 1412 1065 copulatum.
1444 1012 1479 1053 si
1501 1010 1704 1053 Nouatia-

200 1093 277 1121 nus
306 1080 401 1122 huic
429 1080 528 1133 pani
560 1080 764 1122 dominico
795 1081 999 1122 adunatus
1030 1081 1104 1131 est,
1138 1081 1173 1122 si
1204 1080 1357 1122 Christi
1386 1081 1530 1133 poculo
1554 1081 1702 1134 etipse

203 1149 432 1191 conmixtus
464 1150 538 1200 est,
572 1150 724 1203 poterit
754 1150 887 1191 uideri
919 1151 959 1191 et
980 1151 1091 1192 unici
1114 1151 1383 1193 ecclesiastici
1404 1151 1608 1205 baptismi
1629 1152 1702 1192 ha-

198 1218 293 1259 bere
314 1219 493 1272 gratiam
514 1230 643 1273 posse,
667 1219 702 1260 si
725 1232 819 1260 eum
841 1219 1074 1261 constiterit
1096 1220 1291 1261 ecclesiae
1313 1220 1522 1262 unitatem
1551 1221 1700 1262 tenere.

157 1291 182 1331 6
254 1287 439 1341 Denique
462 1301 584 1341 quam
607 1288 662 1328 sit
683 1288 955 1340 inseparabile
977 1289 1148 1330 unitatis
1173 1289 1476 1330 sacramentum
1505 1290 1547 1330 et
1576 1302 1700 1342 quam
1715 1300 1745 1324 15

198 1355 283 1398 sine
305 1368 373 1409 spe
395 1357 477 1398 sint
499 1357 539 1398 et
569 1357 842 1410 perditionem
873 1357 953 1398 sibi
983 1358 1209 1399 maximam
1238 1358 1286 1399 de
1316 1358 1601 1412 indignatione
1624 1358 1701 1398 Dei

197 1425 415 1478 adquirant
437 1426 506 1479 qui
529 1426 706 1468 schisma
729 1426 887 1468 faciunt
910 1427 949 1468 et
970 1427 1114 1468 relicto
1139 1427 1324 1479 episcopo
1348 1427 1479 1468 alium
1502 1426 1582 1467 sibi
1600 1426 1699 1467 foris

197 1494 587 1548 pseudoepiscopum
609 1495 877 1545 constituunt,
902 1495 1085 1537 declarat
1105 1496 1148 1536 in
1169 1495 1288 1537 libris
1310 1496 1548 1550 Regnorum
1569 1496 1699 1548 scrip-

197 1564 293 1604 tura
326 1563 477 1615 diuina,
516 1564 587 1605 ubi
609 1577 631 1605 a
652 1564 764 1605 tribu
786 1565 890 1606 Iuda
919 1566 959 1606 et
981 1565 1199 1606 Beniamin
1231 1565 1370 1606 decem
1392 1564 1526 1606 tribus
1549 1565 1697 1606 scissae

195 1633 291 1674 sunt
324 1633 363 1674 et
390 1633 534 1674 relicto
564 1645 657 1687 rege
688 1645 758 1674 suo
791 1634 969 1675 alterum
1001 1634 1081 1675 sibi
1111 1633 1210 1675 foris
1233 1634 1508 1675 constituunt:
1542 1634 1592 1674 et
1622 1634 1694 1676 in-
1709 1643 1743 1669 20

198 1700 444 1756 dignatus
478 1703 574 1752 est,
611 1702 758 1755 inquit,
782 1703 1031 1745 Dominus
1063 1703 1115 1745 in
1147 1703 1284 1744 omni
1317 1703 1505 1744 semine
1528 1703 1697 1745 Israel

197 1770 243 1811 et
273 1770 500 1812 dimouit
541 1782 622 1812 eos
664 1773 714 1812 et
754 1772 898 1813 dedit
939 1785 1019 1814 eos
1058 1773 1108 1813 in
1147 1772 1498 1826 direptionem
1539 1772 1698 1813 donec

330 1894 351 1928 3
376 1894 433 1928 Ps.
460 1895 513 1936 67,
541 1895 570 1929 7.
666 1895 711 1929 20
736 1895 774 1929 II
799 1895 885 1940 Reg.
912 1897 964 1938 17,
991 1897 1045 1932 20.
1071 1898 1126 1931 21.

264 2021 283 2053 1
302 2009 384 2054 chii*
382 2020 411 2055 C
417 2023 425 2038 ¹
583 2021 650 2065 dei]
671 2022 797 2055 christi
815 2022 879 2057 GR
1037 2023 1058 2056 2
1075 2022 1273 2056 unianimes
1292 2022 1367 2062 CL,
1384 2022 1605 2057 unanimitas
1625 2023 1652 2057 S

193 2077 353 2122 psalmis]
373 2078 562 2122 psalmista
585 2078 615 2114 Ο
824 2080 845 2114 3
862 2080 1026 2114 habitare
1049 2080 1114 2115 CR
1321 2081 1518 2114 unianimes
1537 2080 1652 2116 C¹LS
1665 2086 1699 2116 et

194 2136 250 2169 ita
265 2136 412 2179 saepius
595 2137 618 2171 4
635 2137 842 2171 cristianam
862 2138 891 2171 S
1074 2137 1094 2171 6
1112 2137 1336 2172 declarantur
1355 2138 1383 2173 C
1389 2140 1398 2156 ¹
1582 2139 1600 2172 ’ἶ
1619 2149 1698 2172 con-

195 2192 327 2226 iestum
345 2193 381 2227 R
516 2194 537 2228 9
553 2194 693 2228 botruis
712 2195 964 2240 COEPQRW,
984 2195 1124 2229 butruis
1143 2195 1179 2237 S,
1199 2195 1312 2229 botris
1331 2196 1453 2231 G²R²v
1585 2197 1698 2231 acinis

196 2259 242 2283 επ
259 2249 383 2283 amicis
403 2250 447 2292 L,
466 2251 615 2284 racemis
640 2252 669 2286 Ο
799 2251 843 2285 10
860 2253 1072 2297 expressum]
1092 2254 1128 2286 et
1146 2255 1327 2296 presumat
1345 2254 1381 2288 R
1515 2281 1521 2288 .
1540 2255 1634 2288 Item
1651 2255 1696 2296 L,

195 2316 260 2340 om.
279 2307 315 2341 P
508 2308 550 2342 11
570 2309 859 2380 commistisolneHS
1046 2309 1198 2344 adunate
1220 2310 1258 2354 Q,
1278 2311 1465 2345 adunitate
1485 2311 1515 2346 S
1519 2325 1532 2355 ,·
1549 2312 1634 2354 fort.
1654 2312 1698 2346 ad

196 2381 372 2416 unitatem
582 2370 888 2428 copulatamgflrunt
905 2373 988 2427 κεἴη]
1005 2384 1049 2419 R.
1070 2395 1132 2419 om.
1157 2384 1188 2418 si
1205 2386 1421 2420 nouatianus
1443 2414 1448 2420 .
1466 2413 1471 2418 .
1489 2413 1494 2418 .
1510 2398 1549 2430 p.
1569 2389 1697 2431 765,st

194 2449 336 2482 peccare
353 2450 454 2484 coepe
640 2442 682 2475 12
699 2442 781 2476 huic
800 2453 843 2476 eoe
860 2442 919 2476 hic
937 2443 967 2478 O
1148 2442 1179 2475 si
1196 2454 1259 2478 om.
1281 2444 1311 2479 S
1492 2445 1535 2479 13
1552 2445 1698 2489 poterit]

193 2497 312 2540 potest
329 2497 359 2532 C
528 2499 572 2533 14
589 2500 816 2533 constituerit
834 2500 862 2535 S
1024 2502 1171 2537 ecclesia
1189 2502 1226 2536 L
1395 2502 1439 2537 15
1456 2503 1492 2536 et
1508 2503 1626 2547 quam]
1647 2504 1700 2536 est
1726 2524 1730 2527 Δ

196 2564 303 2598 quam
321 2554 350 2590 S
511 2557 554 2591 16
571 2557 655 2602 sibi]
675 2557 754 2591 subi
771 2558 803 2593 S
938 2560 1106 2594 ²maxima
1125 2559 1161 2601 S,
1180 2561 1331 2594 maxime
1354 2559 1384 2595 O
1534 2559 1699 2604 indigna-

195 2611 330 2646 tionem
347 2613 383 2647 L
521 2614 563 2648 17
581 2614 735 2649 chrisma
753 2615 784 2650 S
911 2617 998 2651 foris
1015 2617 1349 2662 pseudoepiscopum
1366 2628 1432 2652 om.
1453 2617 1483 2652 S
1611 2617 1699 2651 foris

193 2669 310 2723 posito
333 2670 363 2705 C
538 2672 581 2706 18
598 2683 785 2717 regnorum
805 2701 813 2708 .
829 2701 836 2709 .
852 2700 860 2708 .
879 2674 980 2708 tribu
997 2685 1061 2708 om.
1081 2675 1117 2709 L
1293 2675 1335 2709 19
1352 2674 1464 2719 tribu]
1483 2675 1599 2709 tribus
1617 2675 1696 2720 PQ,

194 2727 356 2770 patribus
375 2728 403 2763 S
539 2728 651 2763 decim
669 2730 706 2764 P
835 2731 990 2765 schissae
1011 2731 1041 2766 S
1174 2732 1220 2766 20
1236 2732 1309 2766 sint
1327 2732 1432 2766 LPS
1561 2733 1644 2766 sunt
1662 2733 1697 2765 et

194 2784 280 2827 fort.
299 2786 549 2830 eoepzmyenda
757 2788 1020 2822 constituerunt
1037 2800 1067 2830 υ,
1085 2789 1320 2823 instituerunt
1338 2789 1367 2824 O
1579 2789 1622 2823 21
1643 2790 1698 2823 est

194 2851 259 2876 om.
281 2841 311 2876 S
446 2854 546 2878 omne
565 2834 637 2879 sem
656 2844 685 2880 G
822 2845 974 2879 istrahel
997 2846 1059 2891 QS
1071 2838 1150 2890 (isil
1167 2847 1227 2891 M)
1244 2847 1299 2881 ita
1315 2847 1460 2891 saepius
