<?xml version="1.0" encoding="UTF-8"?>
<!DOCTYPE html PUBLIC "-//W3C//DTD XHTML 1.0 Transitional//EN"
    "http://www.w3.org/TR/xhtml1/DTD/xhtml1-transitional.dtd">
<html xmlns="http://www.w3.org/1999/xhtml" xml:lang="en" lang="en">
 <head>
  <title>
</title>
<meta http-equiv="Content-Type" content="text/html;charset=utf-8" />
  <meta name='ocr-system' content='tesseract 3.04.00' />
  <meta name='ocr-capabilities' content='ocr_page ocr_carea ocr_par ocr_line ocrx_word'/>
</head>
<body>
  <div class='ocr_page' id='page_1' title='image "./corpusscriptor203cypruoft/corpusscriptor203cypruoft_0290.png"; bbox 0 0 1912 3152; ppageno 0'>
   <div class='ocr_carea' id='block_1_1' title="bbox 265 171 1244 217">
    <p class='ocr_par' dir='ltr' id='par_1_1' title="bbox 265 171 1244 217">
     <span class='ocr_line' id='line_1_1' title="bbox 265 171 1244 217; baseline -0.007 -4"><span class='ocrx_word' id='word_1_1' title='bbox 265 176 352 217; x_wconf 78' lang='lat'>280</span> <span class='ocrx_word' id='word_1_2' title='bbox 811 171 1002 207; x_wconf 75' lang='lat' dir='ltr'>Caecilii</span> <span class='ocrx_word' id='word_1_3' title='bbox 1029 171 1244 217; x_wconf 75' lang='lat' dir='ltr'>Cypriani</span> 
     </span>
    </p>
   </div>
   <div class='ocr_carea' id='block_1_2' title="bbox 201 274 1819 1991">
    <p class='ocr_par' dir='ltr' id='par_1_2' title="bbox 265 274 1769 400">
     <span class='ocr_line' id='line_1_2' title="bbox 265 274 1769 329; baseline 0 -10"><span class='ocrx_word' id='word_1_4' title='bbox 265 278 339 319; x_wconf 86' lang='lat' dir='ltr'>fiat</span> <span class='ocrx_word' id='word_1_5' title='bbox 356 276 549 318; x_wconf 82' lang='lat' dir='ltr'>uoluntas</span> <span class='ocrx_word' id='word_1_6' title='bbox 567 274 663 327; x_wconf 87' lang='lat' dir='ltr'>Dei,</span> <span class='ocrx_word' id='word_1_7' title='bbox 687 275 733 317; x_wconf 92' lang='lat' dir='ltr'>ut</span> <span class='ocrx_word' id='word_1_8' title='bbox 751 275 821 329; x_wconf 89' lang='lat' dir='ltr'>qui</span> <span class='ocrx_word' id='word_1_9' title='bbox 839 275 973 318; x_wconf 83' lang='lat' dir='ltr'>adhuc</span> <span class='ocrx_word' id='word_1_10' title='bbox 990 276 1086 317; x_wconf 88' lang='lat' dir='ltr'>sunt</span> <span class='ocrx_word' id='word_1_11' title='bbox 1100 275 1235 329; x_wconf 87' lang='lat' dir='ltr'>prima</span> <span class='ocrx_word' id='word_1_12' title='bbox 1251 275 1473 318; x_wconf 87' lang='lat' dir='ltr'>natiuitate</span> <span class='ocrx_word' id='word_1_13' title='bbox 1491 276 1644 318; x_wconf 85' lang='lat' dir='ltr'>terreni</span> <span class='ocrx_word' id='word_1_14' title='bbox 1665 277 1769 319; x_wconf 89' lang='lat' dir='ltr'>inci-</span> 
     </span>
     <span class='ocr_line' id='line_1_3' title="bbox 265 344 1259 400; baseline -0.002 -13"><span class='ocrx_word' id='word_1_15' title='bbox 265 346 383 400; x_wconf 78' lang='lat' dir='ltr'>piant</span> <span class='ocrx_word' id='word_1_16' title='bbox 404 358 491 388; x_wconf 88' lang='lat' dir='ltr'>esse</span> <span class='ocrx_word' id='word_1_17' title='bbox 513 344 708 387; x_wconf 89' lang='lat' dir='ltr'>caelestes</span> <span class='ocrx_word' id='word_1_18' title='bbox 731 357 777 387; x_wconf 82' lang='lat' dir='ltr'>ex</span> <span class='ocrx_word' id='word_1_19' title='bbox 798 357 903 398; x_wconf 85' lang='lat' dir='ltr'>aqua</span> <span class='ocrx_word' id='word_1_20' title='bbox 924 345 965 386; x_wconf 90' lang='lat' dir='ltr'>et</span> <span class='ocrx_word' id='word_1_21' title='bbox 986 345 1137 398; x_wconf 88' lang='lat' dir='ltr'>spiritu</span> <span class='ocrx_word' id='word_1_22' title='bbox 1158 345 1259 386; x_wconf 88' lang='lat' dir='ltr'>nati.</span> 
     </span>
    </p>

    <p class='ocr_par' dir='ltr' id='par_1_3' title="bbox 201 413 1819 1991">
     <span class='ocr_line' id='line_1_4' title="bbox 201 413 1771 467; baseline 0.001 -12"><span class='ocrx_word' id='word_1_23' title='bbox 201 415 249 455; x_wconf 80' lang='lat'>18</span> <span class='ocrx_word' id='word_1_24' title='bbox 322 414 572 456; x_wconf 70' lang='lat' dir='ltr'>Procedente</span> <span class='ocrx_word' id='word_1_25' title='bbox 588 414 768 456; x_wconf 82' lang='lat' dir='ltr'>oratione</span> <span class='ocrx_word' id='word_1_26' title='bbox 785 414 1041 467; x_wconf 75' lang='lat' dir='ltr'>postulamus</span> <span class='ocrx_word' id='word_1_27' title='bbox 1060 414 1101 455; x_wconf 89' lang='lat' dir='ltr'>et</span> <span class='ocrx_word' id='word_1_28' title='bbox 1117 413 1314 456; x_wconf 86' lang='lat' dir='ltr'>dicimus:</span> <span class='ocrx_word' id='word_1_29' title='bbox 1338 426 1515 467; x_wconf 89' lang='lat' dir='ltr'>panem</span> <span class='ocrx_word' id='word_1_30' title='bbox 1535 428 1594 457; x_wconf 91' lang='lat' dir='ltr'>no</span> <span class='ocrx_word' id='word_1_31' title='bbox 1606 416 1771 457; x_wconf 90' lang='lat' dir='ltr'>strum</span> 
     </span>
     <span class='ocr_line' id='line_1_5' title="bbox 264 483 1771 538; baseline 0 -12"><span class='ocrx_word' id='word_1_32' title='bbox 264 483 621 526; x_wconf 83' lang='lat' dir='ltr'>cottidianum</span> <span class='ocrx_word' id='word_1_33' title='bbox 652 483 711 525; x_wconf 87' lang='lat' dir='ltr'>da</span> <span class='ocrx_word' id='word_1_34' title='bbox 741 483 887 525; x_wconf 88' lang='lat' dir='ltr'>nobis</span> <span class='ocrx_word' id='word_1_35' title='bbox 919 483 1083 524; x_wconf 89' lang='lat' dir='ltr'>hodie.</span> <span class='ocrx_word' id='word_1_36' title='bbox 1117 483 1225 537; x_wconf 89' lang='lat' dir='ltr'>quod</span> <span class='ocrx_word' id='word_1_37' title='bbox 1246 484 1381 536; x_wconf 87' lang='lat' dir='ltr'>potest</span> <span class='ocrx_word' id='word_1_38' title='bbox 1402 484 1442 525; x_wconf 89' lang='lat' dir='ltr'>et</span> <span class='ocrx_word' id='word_1_39' title='bbox 1464 484 1710 538; x_wconf 87' lang='lat' dir='ltr'>spiritaliter</span> <span class='ocrx_word' id='word_1_40' title='bbox 1731 485 1771 526; x_wconf 88' lang='lat' dir='ltr'>et</span> 
     </span>
     <span class='ocr_line' id='line_1_6' title="bbox 263 551 1816 607; baseline 0.001 -13"><span class='ocrx_word' id='word_1_41' title='bbox 263 553 509 606; x_wconf 89' lang='lat' dir='ltr'>simpliciter</span> <span class='ocrx_word' id='word_1_42' title='bbox 530 551 736 607; x_wconf 73' lang='lat' dir='ltr'>intellegi,</span> <span class='ocrx_word' id='word_1_43' title='bbox 769 551 864 605; x_wconf 85' lang='lat' dir='ltr'>quia</span> <span class='ocrx_word' id='word_1_44' title='bbox 886 552 926 593; x_wconf 85' lang='lat' dir='ltr'>et</span> <span class='ocrx_word' id='word_1_45' title='bbox 947 552 1118 605; x_wconf 90' lang='lat' dir='ltr'>uterque</span> <span class='ocrx_word' id='word_1_46' title='bbox 1148 551 1384 594; x_wconf 89' lang='lat' dir='ltr'>intellectus</span> <span class='ocrx_word' id='word_1_47' title='bbox 1415 552 1600 594; x_wconf 82' lang='lat' dir='ltr'>utilitate</span> <span class='ocrx_word' id='word_1_48' title='bbox 1632 552 1773 595; x_wconf 88' lang='lat' dir='ltr'>diuina</span> <span class='ocrx_word' id='word_1_49' title='bbox 1803 572 1816 596; x_wconf 89' lang='lat'>5</span> 
     </span>
     <span class='ocr_line' id='line_1_7' title="bbox 262 620 1773 676; baseline 0 -12"><span class='ocrx_word' id='word_1_50' title='bbox 262 622 425 676; x_wconf 88' lang='lat' dir='ltr'>proficit</span> <span class='ocrx_word' id='word_1_51' title='bbox 446 622 497 664; x_wconf 87' lang='lat' dir='ltr'>ad</span> <span class='ocrx_word' id='word_1_52' title='bbox 519 621 706 664; x_wconf 90' lang='lat' dir='ltr'>salutem.</span> <span class='ocrx_word' id='word_1_53' title='bbox 740 633 836 663; x_wconf 87' lang='lat' dir='ltr'>nam</span> <span class='ocrx_word' id='word_1_54' title='bbox 871 620 988 673; x_wconf 87' lang='lat' dir='ltr'>panis</span> <span class='ocrx_word' id='word_1_55' title='bbox 1023 621 1135 662; x_wconf 88' lang='lat' dir='ltr'>uitae</span> <span class='ocrx_word' id='word_1_56' title='bbox 1171 620 1358 663; x_wconf 88' lang='lat' dir='ltr'>Christus</span> <span class='ocrx_word' id='word_1_57' title='bbox 1390 622 1453 664; x_wconf 90' lang='lat' dir='ltr'>est</span> <span class='ocrx_word' id='word_1_58' title='bbox 1484 622 1525 664; x_wconf 89' lang='lat' dir='ltr'>et</span> <span class='ocrx_word' id='word_1_59' title='bbox 1554 622 1670 675; x_wconf 87' lang='lat' dir='ltr'>panis</span> <span class='ocrx_word' id='word_1_60' title='bbox 1705 622 1773 665; x_wconf 91' lang='lat' dir='ltr'>hic</span> 
     </span>
     <span class='ocr_line' id='line_1_8' title="bbox 262 690 1774 745; baseline 0.001 -12"><span class='ocrx_word' id='word_1_61' title='bbox 262 691 451 734; x_wconf 86' lang='lat' dir='ltr'>omnium</span> <span class='ocrx_word' id='word_1_62' title='bbox 482 703 561 733; x_wconf 89' lang='lat' dir='ltr'>non</span> <span class='ocrx_word' id='word_1_63' title='bbox 592 693 674 743; x_wconf 83' lang='lat' dir='ltr'>est,</span> <span class='ocrx_word' id='word_1_64' title='bbox 716 690 787 732; x_wconf 88' lang='lat' dir='ltr'>sed</span> <span class='ocrx_word' id='word_1_65' title='bbox 817 691 956 732; x_wconf 86' lang='lat' dir='ltr'>noster</span> <span class='ocrx_word' id='word_1_66' title='bbox 988 692 1062 732; x_wconf 90' lang='lat' dir='ltr'>est.</span> <span class='ocrx_word' id='word_1_67' title='bbox 1112 690 1153 732; x_wconf 89' lang='lat' dir='ltr'>et</span> <span class='ocrx_word' id='word_1_68' title='bbox 1184 691 1385 744; x_wconf 89' lang='lat' dir='ltr'>quomodo</span> <span class='ocrx_word' id='word_1_69' title='bbox 1417 691 1594 734; x_wconf 82' lang='lat' dir='ltr'>dicimus</span> <span class='ocrx_word' id='word_1_70' title='bbox 1623 692 1774 745; x_wconf 85' lang='lat' dir='ltr'>patei·</span> 
     </span>
     <span class='ocr_line' id='line_1_9' title="bbox 262 760 1773 815; baseline 0 -12"><span class='ocrx_word' id='word_1_71' title='bbox 262 762 458 813; x_wconf 80' lang='lat' dir='ltr'>noster,</span> <span class='ocrx_word' id='word_1_72' title='bbox 492 763 587 815; x_wconf 90' lang='lat' dir='ltr'>quia</span> <span class='ocrx_word' id='word_1_73' title='bbox 608 760 945 815; x_wconf 82' lang='lat' dir='ltr'>intellegentium</span> <span class='ocrx_word' id='word_1_74' title='bbox 967 761 1008 802; x_wconf 89' lang='lat' dir='ltr'>et</span> <span class='ocrx_word' id='word_1_75' title='bbox 1030 760 1285 802; x_wconf 86' lang='lat' dir='ltr'>credentium</span> <span class='ocrx_word' id='word_1_76' title='bbox 1307 762 1423 813; x_wconf 83' lang='lat' dir='ltr'>pater</span> <span class='ocrx_word' id='word_1_77' title='bbox 1445 762 1527 813; x_wconf 88' lang='lat' dir='ltr'>est,</span> <span class='ocrx_word' id='word_1_78' title='bbox 1552 761 1610 803; x_wconf 87' lang='lat' dir='ltr'>sic</span> <span class='ocrx_word' id='word_1_79' title='bbox 1631 761 1673 803; x_wconf 90' lang='lat' dir='ltr'>et</span> <span class='ocrx_word' id='word_1_80' title='bbox 1693 772 1773 814; x_wconf 85' lang='lat' dir='ltr'>pa-</span> 
     </span>
     <span class='ocr_line' id='line_1_10' title="bbox 262 828 1773 885; baseline 0 -14"><span class='ocrx_word' id='word_1_81' title='bbox 262 843 375 873; x_wconf 88' lang='lat' dir='ltr'>nem</span> <span class='ocrx_word' id='word_1_82' title='bbox 405 831 640 872; x_wconf 85' lang='lat' dir='ltr'>nostrum</span> <span class='ocrx_word' id='word_1_83' title='bbox 672 841 888 880; x_wconf 81' lang='lat' dir='ltr'>uocamus‚</span> <span class='ocrx_word' id='word_1_84' title='bbox 932 829 1030 882; x_wconf 90' lang='lat' dir='ltr'>quia</span> <span class='ocrx_word' id='word_1_85' title='bbox 1052 828 1241 872; x_wconf 88' lang='lat' dir='ltr'>Christus</span> <span class='ocrx_word' id='word_1_86' title='bbox 1263 841 1404 872; x_wconf 90' lang='lat' dir='ltr'>eorum</span> <span class='ocrx_word' id='word_1_87' title='bbox 1426 829 1497 883; x_wconf 91' lang='lat' dir='ltr'>qui</span> <span class='ocrx_word' id='word_1_88' title='bbox 1519 842 1664 885; x_wconf 85' lang='lat' dir='ltr'>corpus</span> <span class='ocrx_word' id='word_1_89' title='bbox 1686 830 1773 872; x_wconf 88' lang='lat' dir='ltr'>eius</span> 
     </span>
     <span class='ocr_line' id='line_1_11' title="bbox 260 898 1819 954; baseline -0.001 -13"><span class='ocrx_word' id='word_1_90' title='bbox 260 899 541 954; x_wconf 80' lang='lat' dir='ltr'>contingimus</span> <span class='ocrx_word' id='word_1_91' title='bbox 573 898 690 951; x_wconf 88' lang='lat' dir='ltr'>panis</span> <span class='ocrx_word' id='word_1_92' title='bbox 724 899 798 939; x_wconf 88' lang='lat' dir='ltr'>est.</span> <span class='ocrx_word' id='word_1_93' title='bbox 847 898 956 940; x_wconf 90' lang='lat' dir='ltr'>hunc</span> <span class='ocrx_word' id='word_1_94' title='bbox 987 898 1126 939; x_wconf 85' lang='lat' dir='ltr'>autem</span> <span class='ocrx_word' id='word_1_95' title='bbox 1156 911 1304 951; x_wconf 86' lang='lat' dir='ltr'>panem</span> <span class='ocrx_word' id='word_1_96' title='bbox 1336 898 1425 940; x_wconf 86' lang='lat' dir='ltr'>dari</span> <span class='ocrx_word' id='word_1_97' title='bbox 1455 898 1573 941; x_wconf 87' lang='lat' dir='ltr'>nobis</span> <span class='ocrx_word' id='word_1_98' title='bbox 1604 898 1773 941; x_wconf 87' lang='lat' dir='ltr'>cottidie</span> <span class='ocrx_word' id='word_1_99' title='bbox 1787 915 1819 940; x_wconf 92' lang='lat'>10</span> 
     </span>
     <span class='ocr_line' id='line_1_12' title="bbox 260 965 1773 1020; baseline 0.001 -12"><span class='ocrx_word' id='word_1_100' title='bbox 260 968 542 1020; x_wconf 81' lang='lat' dir='ltr'>postulamus7</span> <span class='ocrx_word' id='word_1_101' title='bbox 576 979 625 1008; x_wconf 91' lang='lat' dir='ltr'>ne</span> <span class='ocrx_word' id='word_1_102' title='bbox 657 967 727 1020; x_wconf 88' lang='lat' dir='ltr'>qui</span> <span class='ocrx_word' id='word_1_103' title='bbox 759 967 802 1008; x_wconf 91' lang='lat' dir='ltr'>in</span> <span class='ocrx_word' id='word_1_104' title='bbox 823 965 986 1009; x_wconf 88' lang='lat' dir='ltr'>Christo</span> <span class='ocrx_word' id='word_1_105' title='bbox 1004 979 1150 1008; x_wconf 64' lang='lat' dir='ltr'>&gt;sumus</span> <span class='ocrx_word' id='word_1_106' title='bbox 1173 968 1214 1009; x_wconf 90' lang='lat' dir='ltr'>et</span> <span class='ocrx_word' id='word_1_107' title='bbox 1235 967 1529 1010; x_wconf 85' lang='lat' dir='ltr'>eucharistiam</span> <span class='ocrx_word' id='word_1_108' title='bbox 1562 967 1649 1010; x_wconf 89' lang='lat' dir='ltr'>eius</span> <span class='ocrx_word' id='word_1_109' title='bbox 1686 970 1773 1010; x_wconf 90' lang='lat' dir='ltr'>cot-</span> 
     </span>
     <span class='ocr_line' id='line_1_13' title="bbox 258 1035 1773 1092; baseline 0.001 -15"><span class='ocrx_word' id='word_1_110' title='bbox 258 1036 363 1078; x_wconf 85' lang='lat' dir='ltr'>tidie</span> <span class='ocrx_word' id='word_1_111' title='bbox 385 1036 436 1077; x_wconf 83' lang='lat' dir='ltr'>ad</span> <span class='ocrx_word' id='word_1_112' title='bbox 460 1036 597 1077; x_wconf 87' lang='lat' dir='ltr'>cibum</span> <span class='ocrx_word' id='word_1_113' title='bbox 619 1035 767 1077; x_wconf 86' lang='lat' dir='ltr'>salutis</span> <span class='ocrx_word' id='word_1_114' title='bbox 789 1035 1015 1088; x_wconf 76' lang='lat' dir='ltr'>accipimus</span> <span class='ocrx_word' id='word_1_115' title='bbox 1037 1036 1312 1079; x_wconf 73' lang='lat' dir='ltr'>intercedente</span> <span class='ocrx_word' id='word_1_116' title='bbox 1333 1036 1470 1090; x_wconf 88' lang='lat' dir='ltr'>aliquo</span> <span class='ocrx_word' id='word_1_117' title='bbox 1492 1037 1681 1092; x_wconf 82' lang='lat' dir='ltr'>grauiore</span> <span class='ocrx_word' id='word_1_118' title='bbox 1703 1036 1773 1080; x_wconf 88' lang='lat' dir='ltr'>de-</span> 
     </span>
     <span class='ocr_line' id='line_1_14' title="bbox 258 1104 1773 1160; baseline 0.001 -14"><span class='ocrx_word' id='word_1_119' title='bbox 258 1106 380 1155; x_wconf 88' lang='lat' dir='ltr'>licto,</span> <span class='ocrx_word' id='word_1_120' title='bbox 414 1105 514 1145; x_wconf 89' lang='lat' dir='ltr'>dum</span> <span class='ocrx_word' id='word_1_121' title='bbox 546 1104 727 1146; x_wconf 82' lang='lat' dir='ltr'>abstenti</span> <span class='ocrx_word' id='word_1_122' title='bbox 759 1105 800 1146; x_wconf 89' lang='lat' dir='ltr'>et</span> <span class='ocrx_word' id='word_1_123' title='bbox 830 1116 909 1146; x_wconf 93' lang='lat' dir='ltr'>non</span> <span class='ocrx_word' id='word_1_124' title='bbox 939 1106 1286 1147; x_wconf 72' lang='lat' dir='ltr'>communicantes</span> <span class='ocrx_word' id='word_1_125' title='bbox 1316 1118 1340 1148; x_wconf 83' lang='lat' dir='ltr'>a</span> <span class='ocrx_word' id='word_1_126' title='bbox 1369 1106 1536 1148; x_wconf 88' lang='lat' dir='ltr'>caelesti</span> <span class='ocrx_word' id='word_1_127' title='bbox 1557 1118 1660 1159; x_wconf 85' lang='lat' dir='ltr'>pane</span> <span class='ocrx_word' id='word_1_128' title='bbox 1681 1118 1773 1160; x_wconf 85' lang='lat' dir='ltr'>pro-</span> 
     </span>
     <span class='ocr_line' id='line_1_15' title="bbox 258 1172 1772 1229; baseline 0.001 -14"><span class='ocrx_word' id='word_1_129' title='bbox 258 1174 470 1224; x_wconf 76' lang='lat' dir='ltr'>hibemur,</span> <span class='ocrx_word' id='word_1_130' title='bbox 494 1186 517 1215; x_wconf 84' lang='lat' dir='ltr'>a</span> <span class='ocrx_word' id='word_1_131' title='bbox 538 1172 694 1216; x_wconf 77' lang='lat' dir='ltr'>Christi</span> <span class='ocrx_word' id='word_1_132' title='bbox 713 1186 875 1227; x_wconf 88' lang='lat' dir='ltr'>corpore</span> <span class='ocrx_word' id='word_1_133' title='bbox 893 1187 1129 1229; x_wconf 77' lang='lat' dir='ltr'>separemur</span> <span class='ocrx_word' id='word_1_134' title='bbox 1145 1175 1232 1228; x_wconf 89' lang='lat' dir='ltr'>ipso</span> <span class='ocrx_word' id='word_1_135' title='bbox 1249 1175 1510 1229; x_wconf 73' lang='lat' dir='ltr'>praedicante</span> <span class='ocrx_word' id='word_1_136' title='bbox 1532 1176 1573 1217; x_wconf 89' lang='lat' dir='ltr'>et</span> <span class='ocrx_word' id='word_1_137' title='bbox 1593 1175 1772 1217; x_wconf 88' lang='lat' dir='ltr'>dicente:</span> 
     </span>
     <span class='ocr_line' id='line_1_16' title="bbox 259 1242 1819 1298; baseline -0.001 -13"><span class='ocrx_word' id='word_1_138' title='bbox 259 1255 350 1297; x_wconf 80' lang='lat' dir='ltr'>ego</span> <span class='ocrx_word' id='word_1_139' title='bbox 383 1255 494 1284; x_wconf 92' lang='lat' dir='ltr'>sum</span> <span class='ocrx_word' id='word_1_140' title='bbox 525 1242 674 1296; x_wconf 87' lang='lat' dir='ltr'>panis</span> <span class='ocrx_word' id='word_1_141' title='bbox 706 1243 852 1286; x_wconf 89' lang='lat' dir='ltr'>uitae</span> <span class='ocrx_word' id='word_1_142' title='bbox 898 1244 983 1297; x_wconf 87' lang='lat' dir='ltr'>qui</span> <span class='ocrx_word' id='word_1_143' title='bbox 1029 1244 1085 1285; x_wconf 88' lang='lat' dir='ltr'>de</span> <span class='ocrx_word' id='word_1_144' title='bbox 1133 1244 1274 1287; x_wconf 87' lang='lat' dir='ltr'>caelo</span> <span class='ocrx_word' id='word_1_145' title='bbox 1321 1244 1581 1287; x_wconf 86' lang='lat' dir='ltr'>descendi.</span> <span class='ocrx_word' id='word_1_146' title='bbox 1615 1244 1657 1286; x_wconf 91' lang='lat' dir='ltr'>si</span> <span class='ocrx_word' id='word_1_147' title='bbox 1688 1244 1819 1298; x_wconf 82' lang='lat' dir='ltr'>qui15</span> 
     </span>
     <span class='ocr_line' id='line_1_17' title="bbox 259 1312 1773 1367; baseline -0.001 -11"><span class='ocrx_word' id='word_1_148' title='bbox 259 1313 433 1356; x_wconf 88' lang='lat' dir='ltr'>ederit</span> <span class='ocrx_word' id='word_1_149' title='bbox 489 1313 545 1354; x_wconf 85' lang='lat' dir='ltr'>de</span> <span class='ocrx_word' id='word_1_150' title='bbox 601 1323 704 1354; x_wconf 90' lang='lat' dir='ltr'>meo</span> <span class='ocrx_word' id='word_1_151' title='bbox 762 1325 907 1365; x_wconf 85' lang='lat' dir='ltr'>pane,</span> <span class='ocrx_word' id='word_1_152' title='bbox 959 1312 1105 1355; x_wconf 89' lang='lat' dir='ltr'>uiuet</span> <span class='ocrx_word' id='word_1_153' title='bbox 1160 1314 1210 1355; x_wconf 91' lang='lat' dir='ltr'>in</span> <span class='ocrx_word' id='word_1_154' title='bbox 1263 1314 1545 1356; x_wconf 87' lang='lat' dir='ltr'>aeternum.</span> <span class='ocrx_word' id='word_1_155' title='bbox 1594 1326 1773 1367; x_wconf 89' lang='lat' dir='ltr'>panem</span> 
     </span>
     <span class='ocr_line' id='line_1_18' title="bbox 258 1382 1773 1437; baseline 0 -13"><span class='ocrx_word' id='word_1_156' title='bbox 258 1384 432 1425; x_wconf 84' lang='lat' dir='ltr'>autem</span> <span class='ocrx_word' id='word_1_157' title='bbox 480 1395 625 1435; x_wconf 89' lang='lat' dir='ltr'>quem</span> <span class='ocrx_word' id='word_1_158' title='bbox 672 1394 766 1437; x_wconf 83' lang='lat' dir='ltr'>ego</span> <span class='ocrx_word' id='word_1_159' title='bbox 814 1382 1003 1424; x_wconf 85' lang='lat' dir='ltr'>dedero</span> <span class='ocrx_word' id='word_1_160' title='bbox 1051 1395 1164 1424; x_wconf 88' lang='lat' dir='ltr'>caro</span> <span class='ocrx_word' id='word_1_161' title='bbox 1205 1396 1311 1426; x_wconf 89' lang='lat' dir='ltr'>mea</span> <span class='ocrx_word' id='word_1_162' title='bbox 1349 1384 1425 1425; x_wconf 90' lang='lat' dir='ltr'>est</span> <span class='ocrx_word' id='word_1_163' title='bbox 1455 1395 1542 1437; x_wconf 90' lang='lat' dir='ltr'>pro</span> <span class='ocrx_word' id='word_1_164' title='bbox 1573 1384 1773 1426; x_wconf 85' lang='lat' dir='ltr'>saeculi</span> 
     </span>
     <span class='ocr_line' id='line_1_19' title="bbox 257 1450 1772 1506; baseline 0 -12"><span class='ocrx_word' id='word_1_165' title='bbox 257 1452 387 1494; x_wconf 88' lang='lat' dir='ltr'>uita.</span> <span class='ocrx_word' id='word_1_166' title='bbox 421 1450 582 1505; x_wconf 87' lang='lat' dir='ltr'>quando</span> <span class='ocrx_word' id='word_1_167' title='bbox 605 1463 700 1506; x_wconf 84' lang='lat' dir='ltr'>ergo</span> <span class='ocrx_word' id='word_1_168' title='bbox 723 1451 825 1493; x_wconf 90' lang='lat' dir='ltr'>dicit</span> <span class='ocrx_word' id='word_1_169' title='bbox 847 1452 889 1493; x_wconf 94' lang='lat' dir='ltr'>in</span> <span class='ocrx_word' id='word_1_170' title='bbox 911 1453 1123 1494; x_wconf 88' lang='lat' dir='ltr'>aeternum</span> <span class='ocrx_word' id='word_1_171' title='bbox 1144 1452 1286 1494; x_wconf 90' lang='lat' dir='ltr'>uiuere</span> <span class='ocrx_word' id='word_1_172' title='bbox 1308 1452 1343 1494; x_wconf 92' lang='lat' dir='ltr'>si</span> <span class='ocrx_word' id='word_1_173' title='bbox 1366 1453 1437 1506; x_wconf 90' lang='lat' dir='ltr'>qui</span> <span class='ocrx_word' id='word_1_174' title='bbox 1459 1453 1590 1495; x_wconf 87' lang='lat' dir='ltr'>ederit</span> <span class='ocrx_word' id='word_1_175' title='bbox 1613 1453 1662 1495; x_wconf 90' lang='lat' dir='ltr'>de</span> <span class='ocrx_word' id='word_1_176' title='bbox 1684 1452 1772 1495; x_wconf 91' lang='lat' dir='ltr'>eius</span> 
     </span>
     <span class='ocr_line' id='line_1_20' title="bbox 256 1520 1773 1578; baseline 0.001 -16"><span class='ocrx_word' id='word_1_177' title='bbox 256 1533 381 1575; x_wconf 79' lang='lat' dir='ltr'>pane,</span> <span class='ocrx_word' id='word_1_178' title='bbox 414 1521 461 1562; x_wconf 87' lang='lat' dir='ltr'>ut</span> <span class='ocrx_word' id='word_1_179' title='bbox 482 1520 751 1563; x_wconf 84' lang='lat' dir='ltr'>manifestum</span> <span class='ocrx_word' id='word_1_180' title='bbox 774 1522 836 1564; x_wconf 92' lang='lat' dir='ltr'>est</span> <span class='ocrx_word' id='word_1_181' title='bbox 857 1534 922 1563; x_wconf 92' lang='lat' dir='ltr'>eos</span> <span class='ocrx_word' id='word_1_182' title='bbox 945 1522 1084 1565; x_wconf 88' lang='lat' dir='ltr'>uiuere</span> <span class='ocrx_word' id='word_1_183' title='bbox 1108 1522 1178 1576; x_wconf 91' lang='lat' dir='ltr'>qui</span> <span class='ocrx_word' id='word_1_184' title='bbox 1208 1535 1352 1576; x_wconf 87' lang='lat' dir='ltr'>corpus</span> <span class='ocrx_word' id='word_1_185' title='bbox 1381 1523 1467 1565; x_wconf 92' lang='lat' dir='ltr'>eius</span> <span class='ocrx_word' id='word_1_186' title='bbox 1489 1523 1711 1578; x_wconf 84' lang='lat' dir='ltr'>adtingunt</span> <span class='ocrx_word' id='word_1_187' title='bbox 1733 1523 1773 1564; x_wconf 93' lang='lat' dir='ltr'>et</span> 
     </span>
     <span class='ocr_line' id='line_1_21' title="bbox 256 1590 1819 1644; baseline -0.001 -13"><span class='ocrx_word' id='word_1_188' title='bbox 256 1590 552 1632; x_wconf 81' lang='lat' dir='ltr'>eucharistiam</span> <span class='ocrx_word' id='word_1_189' title='bbox 583 1590 671 1632; x_wconf 87' lang='lat' dir='ltr'>iure</span> <span class='ocrx_word' id='word_1_190' title='bbox 703 1590 1088 1633; x_wconf 85' lang='lat' dir='ltr'>communicationis</span> <span class='ocrx_word' id='word_1_191' title='bbox 1120 1591 1346 1644; x_wconf 80' lang='lat' dir='ltr'>accipiunt,</span> <span class='ocrx_word' id='word_1_192' title='bbox 1379 1591 1439 1633; x_wconf 86' lang='lat' dir='ltr'>ita</span> <span class='ocrx_word' id='word_1_193' title='bbox 1460 1592 1600 1633; x_wconf 89' lang='lat' dir='ltr'>contra</span> <span class='ocrx_word' id='word_1_194' title='bbox 1619 1591 1819 1633; x_wconf 86' lang='lat' dir='ltr'>timen-20</span> 
     </span>
     <span class='ocr_line' id='line_1_22' title="bbox 256 1658 1772 1714; baseline 0.001 -14"><span class='ocrx_word' id='word_1_195' title='bbox 256 1659 358 1700; x_wconf 90' lang='lat' dir='ltr'>dum</span> <span class='ocrx_word' id='word_1_196' title='bbox 379 1658 441 1701; x_wconf 88' lang='lat' dir='ltr'>est</span> <span class='ocrx_word' id='word_1_197' title='bbox 463 1659 504 1700; x_wconf 88' lang='lat' dir='ltr'>et</span> <span class='ocrx_word' id='word_1_198' title='bbox 525 1659 746 1710; x_wconf 79' lang='lat' dir='ltr'>orandum,</span> <span class='ocrx_word' id='word_1_199' title='bbox 780 1671 828 1701; x_wconf 88' lang='lat' dir='ltr'>ne</span> <span class='ocrx_word' id='word_1_200' title='bbox 850 1659 950 1701; x_wconf 86' lang='lat' dir='ltr'>dum</span> <span class='ocrx_word' id='word_1_201' title='bbox 972 1660 1064 1713; x_wconf 90' lang='lat' dir='ltr'>quis</span> <span class='ocrx_word' id='word_1_202' title='bbox 1085 1660 1298 1702; x_wconf 82' lang='lat' dir='ltr'>abstentus</span> <span class='ocrx_word' id='word_1_203' title='bbox 1321 1661 1533 1714; x_wconf 85' lang='lat' dir='ltr'>separatur</span> <span class='ocrx_word' id='word_1_204' title='bbox 1564 1673 1588 1702; x_wconf 90' lang='lat' dir='ltr'>a</span> <span class='ocrx_word' id='word_1_205' title='bbox 1619 1659 1772 1702; x_wconf 86' lang='lat' dir='ltr'>Christi</span> 
     </span>
     <span class='ocr_line' id='line_1_23' title="bbox 257 1728 1770 1784; baseline 0 -14"><span class='ocrx_word' id='word_1_206' title='bbox 257 1740 423 1781; x_wconf 87' lang='lat' dir='ltr'>corpore</span> <span class='ocrx_word' id='word_1_207' title='bbox 451 1729 662 1770; x_wconf 79' lang='lat' dir='ltr'>remaneat</span> <span class='ocrx_word' id='word_1_208' title='bbox 699 1741 722 1770; x_wconf 87' lang='lat' dir='ltr'>a</span> <span class='ocrx_word' id='word_1_209' title='bbox 759 1728 894 1770; x_wconf 88' lang='lat' dir='ltr'>salute</span> <span class='ocrx_word' id='word_1_210' title='bbox 932 1729 1207 1772; x_wconf 82' lang='lat' dir='ltr'>comminante</span> <span class='ocrx_word' id='word_1_211' title='bbox 1243 1730 1331 1784; x_wconf 87' lang='lat' dir='ltr'>ipso</span> <span class='ocrx_word' id='word_1_212' title='bbox 1370 1731 1411 1772; x_wconf 91' lang='lat' dir='ltr'>et</span> <span class='ocrx_word' id='word_1_213' title='bbox 1447 1729 1628 1772; x_wconf 85' lang='lat' dir='ltr'>dicente:</span> <span class='ocrx_word' id='word_1_214' title='bbox 1662 1729 1770 1771; x_wconf 91' lang='lat' dir='ltr'>nisi</span> 
     </span>
     <span class='ocr_line' id='line_1_24' title="bbox 256 1797 1770 1853; baseline 0.001 -14"><span class='ocrx_word' id='word_1_215' title='bbox 256 1797 482 1839; x_wconf 83' lang='lat' dir='ltr'>ederitis</span> <span class='ocrx_word' id='word_1_216' title='bbox 515 1810 716 1839; x_wconf 82' lang='lat' dir='ltr'>carnem</span> <span class='ocrx_word' id='word_1_217' title='bbox 748 1797 862 1839; x_wconf 87' lang='lat' dir='ltr'>filii</span> <span class='ocrx_word' id='word_1_218' title='bbox 893 1798 1126 1840; x_wconf 89' lang='lat' dir='ltr'>hominis</span> <span class='ocrx_word' id='word_1_219' title='bbox 1173 1799 1221 1841; x_wconf 89' lang='lat' dir='ltr'>et</span> <span class='ocrx_word' id='word_1_220' title='bbox 1266 1798 1517 1841; x_wconf 88' lang='lat' dir='ltr'>biberitis</span> <span class='ocrx_word' id='word_1_221' title='bbox 1564 1798 1770 1853; x_wconf 80' lang='lat' dir='ltr'>sangui-</span> 
     </span>
     <span class='ocr_line' id='line_1_25' title="bbox 258 1867 1770 1922; baseline 0.002 -16"><span class='ocrx_word' id='word_1_222' title='bbox 258 1879 369 1908; x_wconf 86' lang='lat' dir='ltr'>nem</span> <span class='ocrx_word' id='word_1_223' title='bbox 401 1867 535 1918; x_wconf 89' lang='lat' dir='ltr'>eius,</span> <span class='ocrx_word' id='word_1_224' title='bbox 569 1879 669 1908; x_wconf 92' lang='lat' dir='ltr'>non</span> <span class='ocrx_word' id='word_1_225' title='bbox 700 1867 963 1910; x_wconf 85' lang='lat' dir='ltr'>habebitis</span> <span class='ocrx_word' id='word_1_226' title='bbox 995 1868 1160 1910; x_wconf 87' lang='lat' dir='ltr'>uitam</span> <span class='ocrx_word' id='word_1_227' title='bbox 1182 1869 1232 1910; x_wconf 89' lang='lat' dir='ltr'>in</span> <span class='ocrx_word' id='word_1_228' title='bbox 1253 1868 1415 1910; x_wconf 79' lang='lat' dir='ltr'>uobis,</span> <span class='ocrx_word' id='word_1_229' title='bbox 1448 1869 1489 1910; x_wconf 86' lang='lat' dir='ltr'>et</span> <span class='ocrx_word' id='word_1_230' title='bbox 1510 1868 1600 1910; x_wconf 86' lang='lat' dir='ltr'>ideo</span> <span class='ocrx_word' id='word_1_231' title='bbox 1621 1880 1770 1922; x_wconf 86' lang='lat' dir='ltr'>panem</span> 
     </span>
     <span class='ocr_line' id='line_1_26' title="bbox 255 1935 1816 1991; baseline 0.001 -15"><span class='ocrx_word' id='word_1_232' title='bbox 255 1936 443 1978; x_wconf 85' lang='lat' dir='ltr'>nostrum</span> <span class='ocrx_word' id='word_1_233' title='bbox 475 1936 518 1978; x_wconf 90' lang='lat' dir='ltr'>id</span> <span class='ocrx_word' id='word_1_234' title='bbox 550 1936 612 1978; x_wconf 87' lang='lat' dir='ltr'>est</span> <span class='ocrx_word' id='word_1_235' title='bbox 645 1935 857 1979; x_wconf 86' lang='lat' dir='ltr'>Christum</span> <span class='ocrx_word' id='word_1_236' title='bbox 889 1937 978 1979; x_wconf 86' lang='lat' dir='ltr'>dari</span> <span class='ocrx_word' id='word_1_237' title='bbox 1006 1937 1122 1979; x_wconf 88' lang='lat' dir='ltr'>nobis</span> <span class='ocrx_word' id='word_1_238' title='bbox 1145 1938 1314 1980; x_wconf 89' lang='lat' dir='ltr'>cottidie</span> <span class='ocrx_word' id='word_1_239' title='bbox 1334 1937 1534 1991; x_wconf 81' lang='lat' dir='ltr'>petimus,</span> <span class='ocrx_word' id='word_1_240' title='bbox 1568 1938 1616 1979; x_wconf 88' lang='lat' dir='ltr'>ut</span> <span class='ocrx_word' id='word_1_241' title='bbox 1638 1937 1708 1991; x_wconf 90' lang='lat' dir='ltr'>qui</span> <span class='ocrx_word' id='word_1_242' title='bbox 1729 1937 1771 1978; x_wconf 92' lang='lat' dir='ltr'>in</span> <span class='ocrx_word' id='word_1_243' title='bbox 1784 1951 1816 1978; x_wconf 82' lang='lat'>25</span> 
     </span>
    </p>
   </div>
   <div class='ocr_carea' id='block_1_3' title="bbox 394 2074 959 2119">
    <p class='ocr_par' dir='ltr' id='par_1_4' title="bbox 394 2074 959 2119">
     <span class='ocr_line' id='line_1_27' title="bbox 394 2074 959 2119; baseline -0.002 -10"><span class='ocrx_word' id='word_1_244' title='bbox 394 2074 436 2109; x_wconf 76' lang='lat'>15</span> <span class='ocrx_word' id='word_1_245' title='bbox 461 2074 510 2109; x_wconf 91' lang='lat' dir='ltr'>Io.</span> <span class='ocrx_word' id='word_1_246' title='bbox 531 2075 562 2116; x_wconf 78' lang='lat'>6,</span> <span class='ocrx_word' id='word_1_247' title='bbox 582 2075 635 2109; x_wconf 84' lang='lat'>51.</span> <span class='ocrx_word' id='word_1_248' title='bbox 710 2075 756 2109; x_wconf 89' lang='grc'>22</span> <span class='ocrx_word' id='word_1_249' title='bbox 783 2075 830 2109; x_wconf 90' lang='lat' dir='ltr'>Io.</span> <span class='ocrx_word' id='word_1_250' title='bbox 852 2076 885 2119; x_wconf 80' lang='lat'>6,</span> <span class='ocrx_word' id='word_1_251' title='bbox 905 2075 959 2109; x_wconf 84' lang='lat'>53.</span> 
     </span>
    </p>
   </div>
   <div class='ocr_carea' id='block_1_4' title="bbox 251 2200 1770 2820">
    <p class='ocr_par' dir='ltr' id='par_1_5' title="bbox 251 2200 1770 2820">
     <span class='ocr_line' id='line_1_28' title="bbox 323 2200 1770 2246; baseline -0.001 -10"><span class='ocrx_word' id='word_1_252' title='bbox 323 2202 342 2236; x_wconf 87' lang='lat'>1</span> <span class='ocrx_word' id='word_1_253' title='bbox 371 2203 411 2236; x_wconf 90' lang='lat' dir='ltr'>ut</span> <span class='ocrx_word' id='word_1_254' title='bbox 429 2202 502 2246; x_wconf 82' lang='lat' dir='ltr'>qui]</span> <span class='ocrx_word' id='word_1_255' title='bbox 522 2202 564 2236; x_wconf 89' lang='lat' dir='ltr'>fit</span> <span class='ocrx_word' id='word_1_256' title='bbox 582 2202 634 2236; x_wconf 79' lang='lat' dir='ltr'>ita</span> <span class='ocrx_word' id='word_1_257' title='bbox 652 2201 691 2236; x_wconf 89' lang='lat' dir='ltr'>hi</span> <span class='ocrx_word' id='word_1_258' title='bbox 709 2202 771 2246; x_wconf 90' lang='lat' dir='ltr'>qui</span> <span class='ocrx_word' id='word_1_259' title='bbox 796 2201 830 2237; x_wconf 99' lang='lat' dir='ltr'><strong><em>G</em></strong></span> <span class='ocrx_word' id='word_1_260' title='bbox 923 2202 944 2236; x_wconf 92' lang='grc'><em>2</em></span> <span class='ocrx_word' id='word_1_261' title='bbox 970 2202 1084 2235; x_wconf 84' lang='lat' dir='ltr'>renati</span> <span class='ocrx_word' id='word_1_262' title='bbox 1108 2201 1140 2236; x_wconf 93' lang='lat' dir='ltr'><strong><em>G</em></strong></span> <span class='ocrx_word' id='word_1_263' title='bbox 1209 2202 1232 2236; x_wconf 85' lang='lat'>4</span> <span class='ocrx_word' id='word_1_264' title='bbox 1258 2201 1343 2246; x_wconf 85' lang='lat' dir='ltr'>quid</span> <span class='ocrx_word' id='word_1_265' title='bbox 1363 2202 1406 2236; x_wconf 90' lang='lat' dir='ltr'><em>W</em></span> <span class='ocrx_word' id='word_1_266' title='bbox 1497 2202 1534 2236; x_wconf 83' lang='lat' dir='ltr'>et</span> <span class='ocrx_word' id='word_1_267' title='bbox 1552 2201 1653 2246; x_wconf 76' lang='lat' dir='ltr'>(ante</span> <span class='ocrx_word' id='word_1_268' title='bbox 1671 2200 1770 2245; x_wconf 88' lang='lat' dir='ltr'>spir.)</span> 
     </span>
     <span class='ocr_line' id='line_1_29' title="bbox 252 2259 1768 2304; baseline -0.001 -10"><span class='ocrx_word' id='word_1_269' title='bbox 252 2270 318 2294; x_wconf 80' lang='lat' dir='ltr'>om.</span> <span class='ocrx_word' id='word_1_270' title='bbox 340 2260 430 2295; x_wconf 88' lang='lat' dir='ltr'>WG</span> <span class='ocrx_word' id='word_1_271' title='bbox 522 2260 542 2294; x_wconf 84' lang='lat'>6</span> <span class='ocrx_word' id='word_1_272' title='bbox 568 2260 719 2304; x_wconf 86' lang='lat' dir='ltr'>profecit</span> <span class='ocrx_word' id='word_1_273' title='bbox 738 2259 781 2301; x_wconf 89' lang='lat' dir='ltr'>S,</span> <span class='ocrx_word' id='word_1_274' title='bbox 810 2259 974 2304; x_wconf 84' lang='lat' dir='ltr'>proficiat</span> <span class='ocrx_word' id='word_1_275' title='bbox 993 2260 1058 2295; x_wconf 84' lang='lat' dir='ltr'>W¹</span> <span class='ocrx_word' id='word_1_276' title='bbox 1153 2259 1309 2294; x_wconf 85' lang='lat' dir='ltr'>christus</span> <span class='ocrx_word' id='word_1_277' title='bbox 1327 2270 1392 2295; x_wconf 83' lang='lat' dir='ltr'>om.</span> <span class='ocrx_word' id='word_1_278' title='bbox 1417 2259 1449 2295; x_wconf 89' lang='lat' dir='ltr'><strong><em>G</em></strong></span> <span class='ocrx_word' id='word_1_279' title='bbox 1558 2260 1579 2294; x_wconf 85' lang='lat'>9</span> <span class='ocrx_word' id='word_1_280' title='bbox 1604 2269 1768 2294; x_wconf 84' lang='lat' dir='ltr'>uocamus</span> 
     </span>
     <span class='ocr_line' id='line_1_30' title="bbox 252 2317 1701 2362; baseline 0.001 -11"><span class='ocrx_word' id='word_1_281' title='bbox 252 2317 428 2351; x_wconf 83' lang='lat' dir='ltr'>christum</span> <span class='ocrx_word' id='word_1_282' title='bbox 453 2317 537 2361; x_wconf 85' lang='lat' dir='ltr'>quia</span> <span class='ocrx_word' id='word_1_283' title='bbox 560 2317 589 2351; x_wconf 87' lang='lat' dir='ltr'>is</span> <span class='ocrx_word' id='word_1_284' title='bbox 611 2317 806 2353; x_wconf 72' lang='lat' dir='ltr'>Wallcerus</span> <span class='ocrx_word' id='word_1_285' title='bbox 831 2317 1024 2362; x_wconf 71' lang='lat' dir='ltr'>Ieyenclum</span> <span class='ocrx_word' id='word_1_286' title='bbox 1049 2321 1169 2352; x_wconf 77' lang='lat' dir='ltr'>censet</span> <span class='ocrx_word' id='word_1_287' title='bbox 1193 2317 1214 2351; x_wconf 80' lang='lat' dir='ltr'>l.</span> <span class='ocrx_word' id='word_1_288' title='bbox 1234 2328 1260 2352; x_wconf 87' lang='lat' dir='ltr'>c.</span> <span class='ocrx_word' id='word_1_289' title='bbox 1377 2317 1509 2362; x_wconf 88' lang='lat' dir='ltr'>corum]</span> <span class='ocrx_word' id='word_1_290' title='bbox 1537 2318 1656 2351; x_wconf 85' lang='lat' dir='ltr'>noster</span> <span class='ocrx_word' id='word_1_291' title='bbox 1680 2328 1701 2352; x_wconf 77' lang='lat' dir='ltr'><em>v</em></span> 
     </span>
     <span class='ocr_line' id='line_1_31' title="bbox 252 2374 1767 2419; baseline -0.001 -10"><span class='ocrx_word' id='word_1_292' title='bbox 252 2374 298 2409; x_wconf 88' lang='lat'>10</span> <span class='ocrx_word' id='word_1_293' title='bbox 323 2375 537 2419; x_wconf 81' lang='lat' dir='ltr'>contingunt</span> <span class='ocrx_word' id='word_1_294' title='bbox 561 2386 581 2410; x_wconf 85' lang='lat' dir='ltr'><em>v</em></span> <span class='ocrx_word' id='word_1_295' title='bbox 699 2375 741 2409; x_wconf 88' lang='lat'>11</span> <span class='ocrx_word' id='word_1_296' title='bbox 768 2374 843 2409; x_wconf 87' lang='lat' dir='ltr'>eius</span> <span class='ocrx_word' id='word_1_297' title='bbox 861 2385 926 2409; x_wconf 83' lang='lat' dir='ltr'>om.</span> <span class='ocrx_word' id='word_1_298' title='bbox 947 2375 1057 2410; x_wconf 77' lang='lat' dir='ltr'>WGv</span> <span class='ocrx_word' id='word_1_299' title='bbox 1075 2379 1108 2410; x_wconf 79' lang='lat' dir='ltr'>et</span> <span class='ocrx_word' id='word_1_300' title='bbox 1126 2374 1279 2419; x_wconf 70' lang='lat' dir='ltr'>Auynst.</span> <span class='ocrx_word' id='word_1_301' title='bbox 1308 2385 1336 2409; x_wconf 82' lang='lat' dir='ltr'>e.</span> <span class='ocrx_word' id='word_1_302' title='bbox 1363 2374 1458 2409; x_wconf 63' lang='lat' dir='ltr'>duas</span> <span class='ocrx_word' id='word_1_303' title='bbox 1483 2375 1582 2419; x_wconf 71' lang='lat' dir='ltr'>epist.</span> <span class='ocrx_word' id='word_1_304' title='bbox 1602 2374 1678 2409; x_wconf 81' lang='lat' dir='ltr'>Pel.</span> <span class='ocrx_word' id='word_1_305' title='bbox 1700 2374 1767 2415; x_wconf 84' lang='lat' dir='ltr'>IV,</span> 
     </span>
     <span class='ocr_line' id='line_1_32' title="bbox 252 2431 1768 2477; baseline -0.001 -10"><span class='ocrx_word' id='word_1_306' title='bbox 252 2435 288 2473; x_wconf 82' lang='lat'>9,</span> <span class='ocrx_word' id='word_1_307' title='bbox 305 2434 355 2467; x_wconf 84' lang='grc'><em>25</em></span> <span class='ocrx_word' id='word_1_308' title='bbox 427 2433 469 2467; x_wconf 85' lang='grc'>12</span> <span class='ocrx_word' id='word_1_309' title='bbox 495 2432 551 2477; x_wconf 85' lang='lat' dir='ltr'>ad]</span> <span class='ocrx_word' id='word_1_310' title='bbox 572 2443 611 2467; x_wconf 83' lang='lat' dir='ltr'>ac</span> <span class='ocrx_word' id='word_1_311' title='bbox 627 2432 714 2475; x_wconf 62' lang='lat' dir='ltr'>fort.</span> <span class='ocrx_word' id='word_1_312' title='bbox 792 2432 867 2466; x_wconf 87' lang='lat' dir='ltr'>iure</span> <span class='ocrx_word' id='word_1_313' title='bbox 886 2433 1217 2467; x_wconf 86' lang='lat' dir='ltr'>communicationis</span> <span class='ocrx_word' id='word_1_314' title='bbox 1235 2432 1428 2476; x_wconf 84' lang='lat' dir='ltr'>accipimus</span> <span class='ocrx_word' id='word_1_315' title='bbox 1443 2432 1477 2467; x_wconf 92' lang='lat' dir='ltr'><strong><em>V</em></strong></span> <span class='ocrx_word' id='word_1_316' title='bbox 1544 2432 1587 2466; x_wconf 86' lang='lat'>13</span> <span class='ocrx_word' id='word_1_317' title='bbox 1606 2431 1768 2466; x_wconf 85' lang='lat' dir='ltr'>absentes</span> 
     </span>
     <span class='ocr_line' id='line_1_33' title="bbox 251 2489 1766 2534; baseline -0.001 -10"><span class='ocrx_word' id='word_1_318' title='bbox 251 2500 297 2524; x_wconf 66' lang='lat' dir='ltr'>ex</span> <span class='ocrx_word' id='word_1_319' title='bbox 314 2490 454 2525; x_wconf 86' lang='lat' dir='ltr'>absenti</span> <span class='ocrx_word' id='word_1_320' title='bbox 475 2490 507 2525; x_wconf 89' lang='lat' dir='ltr'><strong><em>G</em></strong></span> <span class='ocrx_word' id='word_1_321' title='bbox 521 2502 563 2525; x_wconf 84' lang='lat' dir='ltr'>m.</span> <span class='ocrx_word' id='word_1_322' title='bbox 579 2492 605 2524; x_wconf 90' lang='grc'><em>2</em></span> <span class='ocrx_word' id='word_1_323' title='bbox 676 2490 926 2534; x_wconf 85' lang='lat' dir='ltr'>prohibeamur</span> <span class='ocrx_word' id='word_1_324' title='bbox 944 2490 977 2525; x_wconf 89' lang='lat' dir='ltr'><strong><em>G</em></strong></span> <span class='ocrx_word' id='word_1_325' title='bbox 1048 2491 1092 2524; x_wconf 83' lang='lat'>14</span> <span class='ocrx_word' id='word_1_326' title='bbox 1109 2490 1259 2534; x_wconf 86' lang='lat' dir='ltr'>dicente]</span> <span class='ocrx_word' id='word_1_327' title='bbox 1275 2491 1439 2524; x_wconf 87' lang='lat' dir='ltr'>monente</span> <span class='ocrx_word' id='word_1_328' title='bbox 1453 2490 1523 2525; x_wconf 81' lang='lat' dir='ltr'>Wv</span> <span class='ocrx_word' id='word_1_329' title='bbox 1595 2489 1638 2523; x_wconf 86' lang='lat'>15</span> <span class='ocrx_word' id='word_1_330' title='bbox 1655 2489 1766 2533; x_wconf 85' lang='lat' dir='ltr'>uitae]</span> 
     </span>
     <span class='ocr_line' id='line_1_34' title="bbox 252 2546 1768 2592; baseline -0.001 -11"><span class='ocrx_word' id='word_1_331' title='bbox 252 2547 357 2581; x_wconf 87' lang='lat' dir='ltr'>uiuus</span> <span class='ocrx_word' id='word_1_332' title='bbox 373 2548 407 2583; x_wconf 91' lang='lat' dir='ltr'><em>V</em></span> <span class='ocrx_word' id='word_1_333' title='bbox 474 2548 505 2582; x_wconf 85' lang='lat' dir='ltr'>si</span> <span class='ocrx_word' id='word_1_334' title='bbox 522 2548 601 2592; x_wconf 87' lang='lat' dir='ltr'>quis</span> <span class='ocrx_word' id='word_1_335' title='bbox 621 2549 691 2584; x_wconf 70' lang='lat' dir='ltr'>IVv</span> <span class='ocrx_word' id='word_1_336' title='bbox 778 2548 821 2583; x_wconf 83' lang='grc'>16</span> <span class='ocrx_word' id='word_1_337' title='bbox 847 2547 941 2582; x_wconf 84' lang='lat' dir='ltr'>uiuit</span> <span class='ocrx_word' id='word_1_338' title='bbox 960 2548 990 2583; x_wconf 89' lang='lat' dir='ltr'><strong><em>S</em></strong></span> <span class='ocrx_word' id='word_1_339' title='bbox 1057 2548 1160 2592; x_wconf 84' lang='lat' dir='ltr'>panis</span> <span class='ocrx_word' id='word_1_340' title='bbox 1178 2547 1267 2582; x_wconf 82' lang='lat' dir='ltr'>SGv</span> <span class='ocrx_word' id='word_1_341' title='bbox 1351 2547 1393 2581; x_wconf 77' lang='lat'>17</span> <span class='ocrx_word' id='word_1_342' title='bbox 1419 2547 1514 2582; x_wconf 88' lang='lat' dir='ltr'>enim</span> <span class='ocrx_word' id='word_1_343' title='bbox 1532 2557 1576 2582; x_wconf 68' lang='lat' dir='ltr'>ex</span> <span class='ocrx_word' id='word_1_344' title='bbox 1592 2548 1711 2581; x_wconf 84' lang='lat' dir='ltr'>autem</span> <span class='ocrx_word' id='word_1_345' title='bbox 1735 2546 1768 2581; x_wconf 92' lang='lat' dir='ltr'><strong><em>G</em></strong></span> 
     </span>
     <span class='ocr_line' id='line_1_35' title="bbox 251 2604 1704 2650; baseline -0.001 -11"><span class='ocrx_word' id='word_1_346' title='bbox 251 2616 296 2639; x_wconf 81' lang='lat' dir='ltr'>m.</span> <span class='ocrx_word' id='word_1_347' title='bbox 316 2607 341 2639; x_wconf 90' lang='grc'><em>2</em></span> <span class='ocrx_word' id='word_1_348' title='bbox 414 2606 457 2640; x_wconf 82' lang='grc'>18</span> <span class='ocrx_word' id='word_1_349' title='bbox 475 2606 590 2640; x_wconf 86' lang='lat' dir='ltr'>uiuire</span> <span class='ocrx_word' id='word_1_350' title='bbox 605 2605 634 2641; x_wconf 98' lang='lat' dir='ltr'><strong><em>S</em></strong></span> <span class='ocrx_word' id='word_1_351' title='bbox 701 2605 780 2650; x_wconf 82' lang='lat' dir='ltr'>quis</span> <span class='ocrx_word' id='word_1_352' title='bbox 795 2617 815 2641; x_wconf 82' lang='lat' dir='ltr'><em>v</em></span> <span class='ocrx_word' id='word_1_353' title='bbox 886 2606 927 2640; x_wconf 90' lang='lat' dir='ltr'>de</span> <span class='ocrx_word' id='word_1_354' title='bbox 944 2607 987 2639; x_wconf 89' lang='lat' dir='ltr'><em>W</em></span> <span class='ocrx_word' id='word_1_355' title='bbox 997 2616 1022 2640; x_wconf 81' lang='lat' dir='ltr'>s.</span> <span class='ocrx_word' id='word_1_356' title='bbox 1039 2605 1059 2640; x_wconf 79' lang='lat' dir='ltr'>l.</span> <span class='ocrx_word' id='word_1_357' title='bbox 1075 2616 1119 2640; x_wconf 84' lang='lat' dir='ltr'>m.</span> <span class='ocrx_word' id='word_1_358' title='bbox 1131 2607 1157 2640; x_wconf 87' lang='grc'><em>2</em></span> <span class='ocrx_word' id='word_1_359' title='bbox 1220 2605 1263 2639; x_wconf 85' lang='grc'>19</span> <span class='ocrx_word' id='word_1_360' title='bbox 1280 2615 1407 2650; x_wconf 86' lang='lat' dir='ltr'>panem</span> <span class='ocrx_word' id='word_1_361' title='bbox 1419 2604 1462 2640; x_wconf 92' lang='lat' dir='ltr'>S¹</span> <span class='ocrx_word' id='word_1_362' title='bbox 1526 2606 1566 2639; x_wconf 89' lang='lat' dir='ltr'>ut</span> <span class='ocrx_word' id='word_1_363' title='bbox 1579 2614 1642 2639; x_wconf 84' lang='lat' dir='ltr'>om.</span> <span class='ocrx_word' id='word_1_364' title='bbox 1659 2604 1704 2637; x_wconf 88' lang='lat' dir='ltr'><strong><em>W</em></strong></span> 
     </span>
     <span class='ocr_line' id='line_1_36' title="bbox 252 2662 1767 2708; baseline -0.003 -11"><span class='ocrx_word' id='word_1_365' title='bbox 252 2663 324 2707; x_wconf 88' lang='lat' dir='ltr'>est]</span> <span class='ocrx_word' id='word_1_366' title='bbox 340 2662 388 2696; x_wconf 88' lang='lat' dir='ltr'>sit</span> <span class='ocrx_word' id='word_1_367' title='bbox 404 2663 433 2698; x_wconf 91' lang='lat' dir='ltr'><strong><em>S</em></strong></span> <span class='ocrx_word' id='word_1_368' title='bbox 500 2664 543 2698; x_wconf 87' lang='grc'>21</span> <span class='ocrx_word' id='word_1_369' title='bbox 563 2664 598 2697; x_wconf 86' lang='lat' dir='ltr'>et</span> <span class='ocrx_word' id='word_1_370' title='bbox 614 2663 786 2697; x_wconf 86' lang='lat' dir='ltr'>orandum</span> <span class='ocrx_word' id='word_1_371' title='bbox 804 2673 883 2707; x_wconf 76' lang='lat' dir='ltr'>exp.</span> <span class='ocrx_word' id='word_1_372' title='bbox 898 2663 1117 2708; x_wconf 70' lang='lat' dir='ltr'>Krabinyer</span> <span class='ocrx_word' id='word_1_373' title='bbox 1199 2663 1244 2697; x_wconf 91' lang='grc'>22</span> <span class='ocrx_word' id='word_1_374' title='bbox 1261 2663 1443 2697; x_wconf 83' lang='lat' dir='ltr'>remaneat</span> <span class='ocrx_word' id='word_1_375' title='bbox 1457 2662 1565 2703; x_wconf 86' lang='lat' dir='ltr'><strong><em>S¹W‚</em></strong></span> <span class='ocrx_word' id='word_1_376' title='bbox 1583 2662 1767 2696; x_wconf 81' lang='lat' dir='ltr'>extraneus</span> 
     </span>
     <span class='ocr_line' id='line_1_37' title="bbox 252 2717 1765 2765; baseline -0.001 -12"><span class='ocrx_word' id='word_1_377' title='bbox 252 2722 435 2754; x_wconf 83' lang='lat' dir='ltr'>remaneat</span> <span class='ocrx_word' id='word_1_378' title='bbox 454 2720 516 2765; x_wconf 75' lang='lat' dir='ltr'>S²‚</span> <span class='ocrx_word' id='word_1_379' title='bbox 542 2720 663 2765; x_wconf 86' lang='lat' dir='ltr'>procul</span> <span class='ocrx_word' id='word_1_380' title='bbox 680 2731 765 2755; x_wconf 89' lang='lat' dir='ltr'>rem.</span> <span class='ocrx_word' id='word_1_381' title='bbox 792 2730 831 2765; x_wconf 81' lang='lat' dir='ltr'>v,</span> <span class='ocrx_word' id='word_1_382' title='bbox 858 2720 992 2755; x_wconf 87' lang='lat' dir='ltr'>alienos</span> <span class='ocrx_word' id='word_1_383' title='bbox 1009 2732 1091 2755; x_wconf 83' lang='lat' dir='ltr'>rem.</span> <span class='ocrx_word' id='word_1_384' title='bbox 1114 2720 1148 2756; x_wconf 93' lang='lat' dir='ltr'><strong><em>G</em></strong></span> <span class='ocrx_word' id='word_1_385' title='bbox 1241 2719 1391 2754; x_wconf 73' lang='lat' dir='ltr'>salutem</span> <span class='ocrx_word' id='word_1_386' title='bbox 1412 2719 1455 2755; x_wconf 87' lang='lat' dir='ltr'>S¹</span> <span class='ocrx_word' id='word_1_387' title='bbox 1550 2719 1595 2754; x_wconf 83' lang='lat'>23</span> <span class='ocrx_word' id='word_1_388' title='bbox 1613 2717 1765 2762; x_wconf 81' lang='lat' dir='ltr'>carnem]</span> 
     </span>
     <span class='ocr_line' id='line_1_38' title="bbox 251 2777 751 2820; baseline 0.008 -11"><span class='ocrx_word' id='word_1_389' title='bbox 251 2787 379 2820; x_wconf 85' lang='lat' dir='ltr'>panem</span> <span class='ocrx_word' id='word_1_390' title='bbox 395 2778 425 2813; x_wconf 91' lang='lat' dir='ltr'><strong><em>S</em></strong></span> <span class='ocrx_word' id='word_1_391' title='bbox 492 2779 536 2813; x_wconf 80' lang='grc'><em>24</em></span> <span class='ocrx_word' id='word_1_392' title='bbox 562 2778 701 2813; x_wconf 82' lang='lat' dir='ltr'>habetis</span> <span class='ocrx_word' id='word_1_393' title='bbox 720 2777 751 2813; x_wconf 90' lang='lat' dir='ltr'><strong><em>S</em></strong></span> 
     </span>
    </p>
   </div>
  </div>
 </body>
</html>
