1912 3152
247 222 331 263 244
787 219 978 255 Caecilii
1004 219 1216 264 Cypriani

249 324 381 365 exite
412 323 533 364 inde
564 324 612 364 et
642 323 939 364 inmundum
971 323 1132 364 nolite
1153 324 1387 377 tangere:
1421 323 1557 365 exite
1580 323 1634 365 de
1656 336 1751 365 me-

248 393 330 434 dio
362 392 490 442 eius,
537 392 852 445 separamini
883 392 968 445 qui
999 391 1160 433 fertis
1192 403 1319 433 uasa
1349 391 1568 433 Domini.
1612 392 1751 445 etqui

249 473 347 503 uasa
383 462 478 502 sunt
512 460 679 502 Domini
716 473 762 502 ac
797 460 1002 513 templum
1039 459 1115 501 Dei
1146 472 1195 502 ne
1232 460 1477 501 inmundum
1507 460 1675 515 tangere
1712 462 1752 502 et

248 529 446 572 feralibus
483 529 585 571 cibis
621 529 751 583 pollui
780 529 1009 582 uiolarique
1031 529 1248 582 cogantur,
1280 540 1359 570 non
1381 529 1527 570 exeunt
1548 529 1597 570 de
1619 529 1752 570 medio

249 610 322 640 nec
343 597 568 640 recedunt?
600 598 699 639 alibi
722 610 881 651 quoque
911 609 988 638 uox
1011 597 1177 639 auditur
1199 610 1219 639 e
1241 597 1349 639 caelo
1370 609 1634 650 praemonens
1656 598 1754 650 quid
1786 609 1798 632 ⁵

249 667 326 708 Dei
363 678 500 708 seruos
537 666 668 708 facere
705 666 909 720 oporteret
946 666 986 707 et
1023 666 1183 707 dicens:
1235 666 1314 707 exi
1345 667 1401 708 de
1434 679 1505 711 ea.
1537 667 1754 719 populus

252 749 411 786 meus,
444 748 505 777 ne
537 735 805 788 particeps
837 734 910 775 sis
942 734 1255 776 delictorum
1300 734 1409 776 eius
1456 736 1502 776 et
1549 748 1605 777 ne
1650 748 1755 788 per-

251 804 544 859 stringaris
583 803 753 858 plagis
785 803 903 844 eius
952 803 1022 856 qui
1053 803 1136 844 exit
1168 804 1208 845 et
1239 803 1346 845 cedit
1377 803 1519 845 delicti
1554 804 1757 857 particeps

251 885 329 915 non
351 873 417 924 fit,
449 873 585 926 plagis
608 884 702 914 uero
734 872 775 913 et
805 872 892 924 ipse
921 871 1217 926 perstringitur
1239 872 1309 924 qui
1333 871 1466 913 socius
1488 871 1672 913 criminis
1693 873 1757 913 in-

251 943 428 984 uenitur.
462 943 501 982 et
523 941 612 983 ideo
634 941 836 982 Dominus
858 940 900 981 in
921 940 1201 994 persecutione
1222 940 1407 982 secedere
1429 941 1468 981 et
1486 939 1627 994 fugere
1641 953 1758 982 man·
1774 957 1804 980 lo

253 1012 367 1053 <lauit
404 1011 534 1063 adque
571 1010 617 1051 ut
652 1010 695 1051 id
731 1010 845 1052 fieret
877 1011 918 1051 et
940 1010 1079 1052 docuit
1102 1011 1141 1051 et
1163 1009 1273 1051 fecit.
1307 1022 1403 1051 nam
1426 1022 1520 1051 cum
1542 1021 1688 1051 corona
1709 1010 1758 1051 de.

253 1081 330 1122 Dei
350 1079 585 1133 dignatione
608 1078 825 1120 descendat
854 1091 926 1120 nec
962 1078 1092 1132 possit
1119 1078 1248 1132 accipi
1280 1078 1359 1120 nisi
1396 1078 1522 1120 fuerit
1558 1078 1655 1120 hora
1692 1091 1760 1119 su-

255 1148 412 1199 mendi,
445 1148 615 1201 quisque
644 1148 687 1189 in
715 1147 878 1189 Christo
911 1160 1077 1189 manens
1100 1147 1266 1189 interim
1304 1147 1413 1189 cedit
1444 1159 1522 1188 non
1546 1147 1669 1189 fidem
1691 1148 1761 1189 de-

255 1218 379 1272 negat
415 1216 485 1258 sed
514 1217 677 1270 tempus
700 1217 905 1269 expectat:
938 1216 1008 1269 qui
1030 1217 1169 1258 autem
1192 1229 1286 1258 cum
1315 1227 1393 1257 non
1422 1215 1624 1258 secederet
1658 1216 1762 1258 ceci-

256 1287 337 1336 dit,
370 1287 592 1340 negaturus
614 1285 824 1326 remansit.
1776 1301 1807 1324 123

312 1354 621 1396 Dissimulanda
635 1386 644 1404 ‚
677 1353 843 1404 fratreS‚
867 1353 1022 1395 ueritas
1044 1366 1123 1395 non
1145 1354 1206 1395 est
1227 1366 1299 1396 nec
1321 1354 1503 1395 uulneris
1525 1354 1653 1395 nostri
1674 1367 1762 1395 ma-

256 1425 359 1466 teria
396 1425 436 1466 et
472 1436 592 1465 causa
630 1423 848 1465 reticenda.
890 1424 1050 1476 decepit
1089 1423 1244 1466 multos
1279 1424 1516 1477 patrimonii
1552 1424 1614 1465 sui
1651 1435 1763 1465 amor

255 1506 409 1544 caecus,
432 1506 504 1534 nec
525 1493 575 1534 ad
598 1493 868 1534 recedendum
884 1494 1016 1546 parati
1038 1494 1109 1534 aut
1127 1493 1304 1547 expediti
1321 1505 1407 1535 esse
1424 1494 1644 1547 potuerunt
1666 1504 1764 1546 quos

256 1563 474 1604 facultates
504 1574 600 1604 suae
632 1562 747 1603 uelut
770 1563 966 1614 conpedes
988 1562 1235 1616 ligauerunt.
1272 1562 1344 1603 illa
1366 1562 1530 1604 fuerunt
1553 1574 1763 1603 remanen-

255 1632 368 1673 tibus
390 1631 567 1681 uincula,
590 1631 685 1672 illa-e
708 1632 876 1673 catenae
900 1631 1049 1684 quibus
1072 1632 1112 1672 et
1135 1631 1269 1672 uirtus
1291 1631 1497 1672 retardata
1520 1632 1581 1672 est
1603 1633 1642 1672 et
1664 1630 1763 1672 fides
1779 1643 1809 1669 20

255 1713 391 1754 pressa
413 1702 453 1742 et
475 1713 588 1742 mens
611 1701 751 1742 uincta
773 1701 813 1741 et
834 1700 971 1741 anima
991 1700 1203 1753 praeclusa
1217 1733 1226 1749 ,
1259 1700 1306 1741 ut
1328 1699 1505 1752 serpenti
1528 1702 1679 1741 terram
1702 1712 1764 1741 se-

256 1771 435 1811 cundum
456 1769 532 1810 Dei
556 1769 802 1811 sententiam
822 1769 1035 1811 deuoranti
1056 1769 1206 1822 praeda
1228 1769 1268 1810 et
1290 1768 1406 1811 cibus
1428 1768 1569 1810 fierent
1592 1769 1661 1822 qui
1684 1770 1765 1809 ter-

257 1838 454 1880 restribus
477 1838 745 1879 inhaererent.
780 1839 820 1879 et
851 1838 1001 1880 idcirco
1033 1837 1236 1879 Dominus
1266 1837 1465 1879 bonorum
1496 1837 1694 1892 magister
1726 1838 1766 1879 et

256 1919 520 1960 praemonens
558 1907 602 1947 in
639 1906 848 1957 futurum,
896 1907 940 1948 si
982 1907 1083 1955 uis,
1131 1906 1286 1960 inquit,
1334 1905 1600 1959 perfectus
1633 1918 1764 1956 esse,

257 1976 415 2017 uende
446 1975 613 2017 omnia
643 1976 732 2016 tua
762 1976 810 2016 et
849 1976 907 2017 da
946 1976 1261 2029 pauperibus
1305 1978 1352 2017 et
1398 1975 1613 2017 habebis
1659 1975 1814 2017 the-25

396 2090 417 2120 (ἰ
441 2090 546 2132 Apoc.
567 2090 619 2129 18,
639 2089 669 2123 4.
743 2089 787 2123 24
812 2088 944 2123 Matth.
967 2090 1019 2130 19,
1038 2090 1093 2123 21.

327 2181 348 2214 2
374 2181 586 2224 separamini
606 2180 795 2221 SRVW2‚
819 2181 1030 2225 seperamini
1050 2182 1100 2216 W
1107 2185 1129 2222 ¹,
1158 2181 1379 2216 mundamini
1397 2192 1417 2216 1·
1488 2181 1509 2215 5
1534 2191 1762 2225 praemonens

259 2238 375 2272 0111.Ιῦ
446 2238 531 2281 quid
549 2249 593 2272 esc
611 2238 673 2282 qui
698 2238 799 2271 le.
818 2241 841 2272 2
927 2239 947 2272 6
973 2241 1150 2282 oporteret
1168 2242 1203 2273 et
1222 2239 1268 2279 S,
1294 2239 1480 2274 conueniat
1502 2238 1609 2273 WRz·
1680 2239 1768 2274 exim

263 2296 315 2330 W
332 2295 409 2338 (teP
436 2297 544 2339 eras.)
645 2296 664 2329 Τ
692 2295 903 2330 dilectorum
923 2296 953 2330 S
1045 2296 1323 2341 praestringaris
1341 2296 1376 2331 R
1470 2297 1491 2329 ὅ
1516 2295 1640 2329 dilecti
1658 2297 1768 2339 parti-

261 2352 355 2396 cipes
381 2352 410 2386 S
524 2354 545 2386 9
570 2353 826 2397 perstringitur
848 2353 932 2388 SW
938 2354 982 2395 V,
1018 2355 1296 2398 praestringitur
1320 2354 1372 2389 R.
1398 2353 1659 2398 constringitur
1685 2364 1702 2387 2·

262 2410 305 2443 10
329 2410 486 2444 recedere
507 2410 535 2444 S
621 2411 663 2443 11
689 2412 729 2444 ut
746 2410 782 2444 id
799 2411 910 2455 fieret]
931 2412 985 2445 uti
1004 2411 1145 2446 defleret
1163 2412 1200 2447 R
1287 2412 1447 2455 primum
1476 2413 1510 2445 et
1529 2421 1594 2445 orm.
1615 2410 1644 2444 S
1737 2412 1769 2443 ct

260 2466 346 2501 iecit
370 2468 414 2499 W
425 2477 451 2501 s.
471 2467 494 2500 Z.
511 2478 555 2501 m.
574 2469 596 2502 2
710 2467 753 2500 12
771 2467 951 2502 discendat
971 2468 1048 2503 SW
1151 2469 1195 2503 13
1213 2469 1373 2513 quisquis
1394 2481 1410 2504 z·
1536 2467 1650 2502 caedit
1670 2467 1704 2502 R

260 2526 368 2568 negat
385 2524 534 2567 scripsit
551 2524 732 2558 Halmius
804 2525 847 2558 14
866 2525 1050 2570 secederet]
1070 2526 1202 2560 recedit
1221 2537 1263 2560 ea·
1281 2526 1419 2560 recedet
1438 2526 1467 2560 S
1479 2537 1521 2560 m.
1536 2528 1559 2559 2
1638 2525 1680 2559 16
1699 2525 1769 2558 fra-

260 2584 334 2615 tres
352 2581 527 2616 carissimi
539 2581 573 2622 S,
594 2581 635 2615 fr.
655 2581 884 2616 dilectissimi
903 2583 1084 2617 Balita-ius
1156 2584 1198 2617 17
1220 2583 1413 2627 patrimoni
1430 2582 1459 2618 S
1520 2583 1574 2616 sui
1588 2593 1653 2616 om.
1669 2582 1704 2616 R

262 2640 306 2673 is
331 2639 446 2682 parati
472 2639 535 2672 aut
559 2638 714 2682 expediti
738 2639 823 2679 SW,
849 2640 1003 2684 expediti
1028 2642 1089 2674 aut
1109 2640 1278 2674 succincti
1295 2641 1330 2675 R
1426 2642 1469 2675 19
1495 2640 1769 2683 remanentibus]

261 2695 495 2730 trementibus
513 2696 549 2730 R
635 2697 677 2729 21
705 2696 826 2730 uincta
844 2699 908 2738 W,
936 2698 1032 2731 uicta
1051 2698 1115 2732 SR
1231 2700 1326 2731 terra
1345 2698 1380 2733 R
1473 2698 1516 2731 22
1542 2696 1770 2731 terrestribus

262 2753 518 2798 cupiditatibus
539 2753 728 2789 Pamelc'ecs
798 2755 843 2789 ‘24
866 2765 1083 2799 praemncns
1103 2755 1144 2789 S¹
1251 2755 1281 2788 si
1300 2756 1354 2789 uis
1372 2766 1416 2789 er
1434 2756 1469 2789 et
1487 2755 1565 2799 quis
1581 2754 1609 2787 S
1626 2766 1667 2788 m.
1685 2756 1706 2788 2

263 2813 307 2845 23
332 2812 420 2845 nadc
438 2810 548 2845 ueude
566 2821 586 2844 v
680 2813 910 2846 thensaurum
930 2813 959 2846 S
974 2814 1056 2847 item
1072 2824 1109 2857 1).
1126 2815 1210 2854 245,
1230 2814 1254 2846 2
1273 2817 1305 2847 et
1324 2816 1363 2853 4,
1382 2813 1605 2846 ‘suessam-um
1629 2812 1677 2846 W
1690 2812 1771 2845 item

258 2871 434 2912 ,13454
