1838 3152
536 285 772 331 Epistulae
797 285 905 320 XXI.
932 295 958 320 c.
986 284 1088 321 1-3.
1475 285 1557 327 531

54 407 150 438 cum
171 404 309 435 omnes
336 391 475 434 doleas
495 403 568 445 pro
596 402 729 433 sorore
751 389 888 432 nostra
908 410 967 431 m
989 400 1090 442 quas
1112 388 1154 430 et
1175 388 1222 430 tu
1243 387 1345 430 bene
1367 388 1488 441 nosti,
1518 387 1561 429 id

60 464 134 514 est,
160 460 402 504 Numeriam
424 461 466 502 et
486 458 734 502 Candidam:
764 470 837 513 pro
859 470 1032 511 quarum
1053 456 1233 511 peccam,
1265 456 1361 509 quia
1382 469 1454 499 nos
1476 456 1560 499 fra-

59 534 142 574 tres
162 530 326 583 habent,
350 527 572 571 debeamus
594 527 804 570 excubare.
826 526 944 568 credo
966 525 1078 568 enim
1099 523 1311 567 Christum
1332 525 1559 567 secundum

55 599 223 641 illarum
252 597 552 652 paenitentiam
573 596 614 638 et
635 607 778 649 operas
800 607 902 649 quas
922 606 1046 648 penes
1068 593 1246 648 collegas
1268 594 1428 635 nostros
1449 593 1557 636 fece-

25 667 151 710 5runt
181 667 360 708 extorres
390 665 461 719 qui
490 678 513 707 a
534 665 652 706 uobis
684 664 896 718 uenerunt,
935 676 959 705 a
981 662 1130 716 quibus
1159 662 1260 716 ipsis
1290 662 1339 703 de
1366 663 1557 715 operibus

53 747 192 778 eorum
224 734 378 785 audie8‚
416 733 499 776 iam
529 732 740 775 Christum
772 733 829 775 eis
864 731 981 774 uobis
1011 730 1266 786 martyribus
1298 730 1384 772 suis
1415 731 1557 784 peten-

53 804 166 847 tibus
187 803 450 845 indulturum
472 802 603 844 credo,

109 871 267 914 Audiui
296 871 406 914 enim
426 872 468 913 te
488 870 745 913 floridiorum
774 869 1054 911 ministerium
1075 869 1315 924 percepisse.
1350 882 1373 909 o
1395 869 1437 910 te
1458 867 1554 909 feli·
1571 873 1595 913 3

54 943 162 984 cem!
193 940 355 993 suscipe
384 940 482 982 uota
510 940 584 981 tua
606 951 709 992 quae
730 951 892 992 semper
913 938 1157 981 desiderasti
1179 938 1247 980 uel
1268 937 1311 980 in
1329 937 1440 979 terra
1460 937 1555 979 dor-

13 1026 40 1052 ·o
53 1010 195 1052 miens.
233 1008 387 1063 optasti
415 1019 487 1062 pro
517 1007 681 1049 nomine
710 1007 825 1048 illius
847 1007 890 1049 in
910 1019 1113 1049 carcerem
1143 1006 1272 1057 mitti,
1311 1005 1420 1060 quod
1447 1017 1555 1047 nunc

51 1078 129 1121 tibi
150 1077 366 1132 contingit,
389 1077 497 1118 sicut
518 1076 720 1129 scriptum
741 1077 823 1118 est:
854 1076 940 1118 det
970 1075 1071 1118 tibi
1103 1075 1349 1117 Dominus
1380 1086 1556 1116 secun-

52 1147 166 1189 dum
197 1158 280 1189 cor
310 1146 464 1187 tuum.
498 1145 539 1187 et
569 1157 677 1187 nunc
711 1157 833 1199 super
867 1145 976 1198 ipsos
1008 1144 1141 1186 factus
1175 1144 1349 1186 antistes
1381 1143 1459 1185 Dei
1490 1156 1556 1186 re-

50 1215 242 1270 cognouit
257 1215 285 1268 †
302 1214 412 1256 idem
433 1213 634 1256 minister.
655 1225 752 1268 rogo
769 1214 922 1267 itaque,
945 1213 1132 1268 Domine,
1156 1214 1197 1255 et
1213 1214 1306 1268 peto
1322 1225 1395 1268 per
1411 1213 1556 1255 Domi-

53 1297 153 1327 num
182 1285 370 1326 nostrum
391 1282 530 1324 lesum
551 1281 764 1325 Christum
792 1283 840 1324 ut
868 1282 1014 1325 ceteris
1045 1282 1215 1337 collegis
1243 1282 1328 1324 tuis
1356 1281 1555 1324 fratribus

23 1352 136 1395 stuis
168 1352 271 1394 meis
302 1351 480 1394 dominis
511 1350 661 1393 referas
694 1352 736 1393 et
766 1350 816 1393 ab
849 1351 907 1393 eis
938 1352 1055 1405 petas
1086 1352 1134 1393 ut
1165 1351 1414 1405 quicumque
1444 1351 1556 1404 prior

49 1422 235 1463 uestrum
272 1421 487 1462 coronatus
523 1420 662 1472 fuerit,
698 1420 792 1462 istis
827 1419 1037 1462 sororibus
1073 1421 1223 1462 nostris
1255 1419 1478 1461 Numeriae
1515 1420 1556 1461 et

50 1489 256 1532 Candidae
287 1489 371 1531 tale
400 1490 615 1543 peccatum
649 1488 878 1531 remittant.
915 1501 1011 1530 nam
1042 1488 1148 1530 hanc
1180 1488 1314 1542 ipsam
1335 1489 1556 1531 Etecusam

50 1571 213 1613 semper
233 1557 454 1611 appellaui,
486 1557 607 1601 testis
628 1558 691 1599 est
711 1557 829 1599 nobis
850 1558 975 1612 DeuS‚
1009 1557 1105 1611 quia
1126 1569 1199 1612 pro
1221 1570 1263 1599 se
1285 1558 1389 1599 dona
1410 1570 1557 1599 nume-

52 1627 162 1669 rauit
193 1640 243 1669 ne
276 1626 543 1669 sacrificaret:
581 1627 652 1669 sed
684 1627 848 1669 tantum
885 1626 1116 1669 ascendisse
1147 1626 1314 1668 uidetur
1344 1638 1473 1679 usque
1506 1626 1558 1668 ad

0 1688 1 1726 Ν
28 1713 45 1739 o
58 1696 155 1738 Tria
175 1694 264 1738 fata
285 1695 325 1737 et
345 1695 442 1737 inde
464 1695 730 1737 descendisse.
752 1695 856 1737 hanc
874 1707 971 1750 ergo
992 1706 1071 1737 non
1092 1694 1340 1737 sacrificasse
1362 1706 1436 1750 ego
1459 1695 1555 1737 scio.

53 1777 230 1818 quarum
258 1764 342 1806 iam
371 1776 493 1806 causa
523 1764 668 1807 audita
695 1764 989 1818 praeceperunt
1017 1777 1085 1807 eas
1111 1764 1334 1818 praepositi
1355 1764 1559 1818 tantisper

50 1834 110 1875 sic
140 1846 239 1884 esse,
271 1833 396 1875 donec
423 1833 635 1887 episcopus
665 1833 953 1876 constituatur.
984 1833 1055 1876 sed
1084 1833 1285 1887 quatenus
1306 1844 1378 1886 per
1398 1834 1559 1875 uestras

191 1971 231 2004 11
259 1969 316 2004 Ps.
344 1970 398 2011 19,
426 1970 459 2004 5.

124 2097 143 2131 1
161 2106 281 2131 omnes
303 2097 376 2142 Tm
407 2096 570 2130 omnibus
588 2106 642 2132 wv
759 2106 874 2131 sorore
899 2097 1020 2130 nostra
1040 2096 1080 2138 T,
1110 2095 1288 2131 sororibus
1305 2095 1437 2130 nostris
1455 2105 1560 2141 q1wv;

43 2158 128 2199 post
145 2165 189 2189 ea
204 2153 434 2189 intercidisse
450 2153 630 2188 nonnulla
643 2157 737 2198 puto
860 2154 883 2188 2
900 2153 1061 2188 numeria
1078 2155 1114 2188 et
1131 2152 1281 2188 candida
1300 2165 1321 2188 v
1438 2163 1559 2198 pecca-

55 2213 133 2246 tum
155 2212 187 2247 T
295 2211 392 2256 quia]
412 2211 475 2255 qui
496 2212 589 2257 qu
697 2210 720 2245 3
737 2210 904 2246 debemus
921 2222 976 2247 wv
1083 2212 1251 2246 excubere
1273 2212 1333 2256 Tq,
1441 2211 1463 2245 4
1481 2210 1562 2245 illo-

56 2280 133 2303 rum
150 2281 191 2315 qs,
211 2279 331 2303 earum
349 2280 403 2304 wv
488 2279 594 2314 opera
610 2279 700 2313 quae
716 2279 770 2304 wv
862 2269 884 2303 5
902 2269 991 2303 facit
1007 2270 1226 2303 extorrentes
1247 2269 1281 2304 T
1363 2267 1466 2302 nobis
1483 2279 1516 2302 w

56 2326 219 2361 uenerint
236 2340 276 2372 φ,
306 2326 475 2361 uiderunt
497 2327 529 2362 Τ
640 2326 662 2360 6
686 2326 833 2361 audiens
855 2327 887 2361 Τ
1000 2326 1135 2361 christo
1157 2327 1196 2368 Τ,
1227 2337 1292 2361 om.
1311 2339 1342 2371 φ
1458 2325 1561 2360 uobis

57 2383 91 2418 Τ
102 2394 128 2419 s.
147 2383 182 2425 1.,
201 2383 303 2418 nobis
319 2394 351 2418 w
467 2383 487 2417 7
506 2383 606 2419 credo
624 2395 689 2418 om.
708 2395 729 2419 υ
844 2384 866 2418 8
883 2383 1007 2418 audiui
1025 2383 1132 2428 enim]
1151 2382 1346 2418 audiemini
1363 2393 1395 2417 w
1500 2382 1561 2416 flo-

52 2440 128 2475 ride
140 2451 183 2483 w,
202 2440 417 2476 floridiorum
431 2454 470 2487 φ,
489 2440 690 2477 floridorum
705 2441 890 2487 Riqaltius
960 2442 982 2476 9
999 2441 1174 2485 suscipere
1191 2452 1244 2476 wv
1315 2439 1471 2485 quequid
1483 2450 1515 2473 w

51 2497 230 2533 desideras
247 2500 287 2532 tu
310 2499 342 2533 T
432 2498 490 2532 uel
506 2498 564 2533 uel
580 2510 611 2533 w
705 2499 749 2533 10
764 2509 890 2533 nomen
911 2499 945 2535 T
1034 2499 1077 2533 11
1096 2498 1250 2543 contigit
1267 2509 1289 2533 v
1381 2497 1477 2531 sicut
1493 2507 1560 2531 om.

53 2566 116 2602 (μυ
198 2556 241 2590 12
258 2556 450 2590 antestites
473 2556 505 2591 T
583 2556 771 2602 recognoui
792 2558 885 2602 Tqao
967 2557 1011 2591 13
1028 2556 1133 2601 idem]
1152 2555 1190 2590 id
1206 2558 1261 2590 est
1282 2556 1356 2599 Tw,
1373 2555 1468 2589 enim
1485 2567 1514 2599 φ

54 2613 98 2648 14
121 2613 283 2658 collegiis
300 2624 331 2647 w
463 2614 506 2648 15
530 2615 604 2648 tuis
629 2624 694 2648 om.
712 2625 774 2659 ww
923 2613 965 2648 17
990 2613 1101 2648 talem
1123 2614 1155 2648 T
1278 2612 1352 2647 tale
1375 2613 1559 2656 peccatum

22 2715 25 2721 1
54 2671 244 2705 remittant
260 2671 440 2705 numeriae
458 2672 494 2705 et
510 2670 679 2706 candidae
698 2684 726 2717 qs
824 2670 927 2716 hanc]
948 2673 984 2706 et
1000 2682 1042 2713 w,
1061 2682 1128 2706 om.
1147 2683 1176 2716 qs
1269 2671 1465 2704 ettecusam
1487 2669 1559 2713 Tq„

54 2729 92 2762 et
108 2738 265 2764 recusam
284 2739 325 2769 w,
344 2731 503 2763 aecusam
521 2729 614 2764 coni.
632 2728 812 2770 DodwelI,
829 2730 1032 2763 excusatam
1048 2729 1137 2772 fort.
1233 2727 1276 2762 18
1293 2726 1395 2761 nobis
1412 2727 1467 2761 est
1483 2739 1507 2771 q

22 2723 27 2875 ι
57 2795 93 2819 se
122 2784 225 2830 dona]
256 2785 405 2820 sedunta
427 2786 498 2829 Τφ,
531 2785 674 2820 seducta.
690 2797 722 2821 w
729 2800 741 2830 ,·
773 2797 809 2821 se
836 2785 988 2821 deducta
1014 2786 1102 2829 sort.
1234 2784 1417 2819 numeraui
1435 2795 1467 2818 w

53 2841 100 2876 20
118 2842 193 2877 fata
215 2843 254 2885 T,
274 2843 370 2877 facta
387 2853 450 2887 «μυ
573 2843 680 2888 hanc]
697 2843 762 2877 has
780 2854 811 2878 w
935 2844 979 2878 21
998 2842 1122 2878 audita
1139 2852 1245 2877 causa
1263 2854 1291 2887 q
1416 2852 1558 2886 perepc-

55 2900 137 2933 runt
152 2910 183 2933 w
299 2899 344 2934 22
362 2888 487 2944 {patus
505 2910 536 2933 w
653 2910 715 2944 per
732 2900 883 2945 uestras]
901 2910 1066 2945 peruersa
1088 2900 1121 2935 T

1186 2957 1282 2999 34*
