1838 3152
190 219 276 260 420
739 217 935 252 Caecilii
962 218 1173 262 Cypriani

149 322 174 360 2
248 321 409 362 Circuit
440 321 510 362 ille
541 332 614 361 nos
647 321 830 375 singulos
862 321 903 362 et
933 322 1148 374 tamquam
1179 322 1311 363 hostis
1334 323 1492 363 clausos
1514 323 1704 365 obsidens

191 402 333 431 muros
360 390 543 442 explorat
565 390 606 431 et
627 390 806 442 temptat
835 403 885 431 an
918 390 972 430 sit
994 403 1087 443 pars
1110 390 1247 443 aliqua
1269 392 1546 432 membrorum
1568 392 1704 434 minus

192 458 360 500 stabilis
384 459 424 499 et
447 458 583 499 minus
606 458 707 508 fida,
739 459 854 499 cuius
877 459 994 499 aditu
1014 459 1064 500 ad
1086 459 1282 501 interiora
1303 461 1550 512 penetretur.
1585 460 1705 502 offert

192 527 325 569 oculis
349 527 503 568 formas
526 527 670 569 inlices
693 528 733 568 et
756 527 898 569 faciles
920 527 1175 580 uoluptates,
1211 529 1255 569 ut
1291 528 1383 569 uisu
1421 529 1606 570 destruat
1640 541 1705 570 ca-

193 597 398 638 stitatem.
434 610 551 638 aures
588 609 658 650 per
696 609 843 638 canora
880 597 1037 638 musica
1072 597 1271 649 temptat,
1305 598 1351 638 ut
1388 598 1475 638 soni
1512 597 1707 639 dulcioris
1737 611 1751 634 5

193 665 340 706 auditu
363 665 498 707 soluat
521 667 561 707 et
583 665 747 706 molliat
770 665 1042 706 christianum
1065 665 1268 719 uigorem.
1302 665 1491 719 linguam
1522 666 1705 707 conuicio

194 735 413 788 prouocat⁷
448 747 616 776 manum
654 734 815 776 iniuriis
853 735 1149 775 lacessentibus
1185 735 1236 776 ad
1269 735 1545 788 petulantiam
1574 735 1707 776 caedis

196 804 381 858 instigat.
418 804 464 844 ut
486 803 765 844 fraudatorem
787 802 913 844 faciat
935 803 1049 844 lucra
1071 803 1239 856 opponit
1260 804 1434 845 iniusta:
1460 805 1506 845 ut
1528 804 1707 845 animam

195 873 367 926 pecunia
403 872 539 925 capiat
574 871 728 926 ingerit
763 871 990 924 perniciosa
1026 872 1269 924 conpendia:
1317 872 1486 914 honores
1527 874 1707 914 terrenos

194 941 406 994 promittit
429 942 476 982 ut
498 940 693 982 caelestes
715 940 894 981 adimat:
928 941 1107 982 ostentat
1138 940 1244 982 falsa
1276 942 1322 982 ut
1353 953 1449 982 uera
1480 941 1755 995 subi·ipiat‚10

197 1011 238 1051 et
264 1023 357 1051 cum
379 1010 559 1052 latenter
580 1021 659 1051 non
680 1009 816 1062 potest
838 1009 1000 1060 fallere,
1034 1010 1169 1051 exerte
1199 1010 1330 1063 adque
1352 1011 1491 1063 aperte
1513 1010 1708 1061 minatur,

196 1081 395 1122 terrorem
418 1079 608 1120 turbidae
631 1078 924 1131 persecutionis
946 1079 1154 1120 intentans
1169 1111 1178 1129 ‚
1211 1079 1262 1120 ad
1285 1079 1548 1121 debellandos
1570 1091 1708 1122 seruos

196 1149 274 1191 Dei
296 1148 508 1202 inquietus
541 1160 700 1200 semper
731 1148 771 1189 et
802 1160 962 1202 semper
993 1147 1190 1198 infestUS‚
1223 1148 1265 1189 in
1295 1161 1393 1201 pace
1416 1148 1634 1198 subdolus,
1668 1149 1709 1190 in

196 1217 478 1271 persecutione
501 1217 719 1258 uiolentus.

156 1290 180 1330 3
256 1286 555 1338 Quamobrem,
589 1286 738 1328 fratres
768 1286 1053 1337 dilectissimi,
1102 1287 1243 1328 contra
1279 1298 1417 1328 omnes
1453 1286 1607 1328 diaboli
1645 1287 1711 1328 uel
1724 1304 1755 1328 ιε,

197 1357 368 1399 fallaces
392 1357 565 1399 insidias
588 1357 655 1398 uel
677 1357 839 1409 apertas
861 1357 993 1398 minas
1017 1357 1125 1399 stare
1149 1357 1270 1399 debet
1298 1357 1525 1398 instructus
1549 1357 1711 1399 animus

199 1426 240 1467 et
262 1426 471 1477 armatus,
503 1427 592 1468 tam
623 1427 792 1480 paratus
826 1438 985 1480 semper
1017 1427 1069 1468 ad
1091 1426 1406 1481 repugnandum
1429 1439 1553 1478 quam
1576 1427 1637 1468 est
1659 1426 1710 1468 ad

198 1494 512 1549 inpugnandum
536 1507 696 1548 semper
716 1496 885 1548 paratus
907 1495 1113 1537 inimicus.
1149 1495 1189 1537 et
1211 1494 1403 1548 quoniam
1433 1494 1711 1547 frequentiora

199 1564 296 1605 sunt
327 1564 412 1605 tela
444 1564 530 1606 eius
563 1577 665 1617 quae
696 1563 872 1606 latenter
894 1564 1095 1617 obrepunt
1116 1564 1332 1618 magisque
1354 1563 1513 1605 occulta
1533 1565 1574 1605 et
1596 1563 1708 1605 clan-

199 1633 360 1674 destina
381 1633 574 1674 iaculatio
597 1645 676 1686 quo
698 1633 835 1675 minus
870 1633 1116 1686 perspicitur
1148 1633 1224 1674 hoc
1260 1634 1301 1674 et
1340 1632 1508 1687 grauius
1545 1634 1586 1674 et
1622 1645 1708 1674 cre·
1721 1647 1753 1672 20

198 1701 313 1742 brius
348 1702 391 1743 in
427 1702 599 1743 uulnera
629 1702 769 1744 nostra
791 1703 1024 1756 grassatur,
1057 1701 1109 1744 ad
1131 1702 1229 1743 haec
1251 1713 1409 1755 quoque
1431 1701 1709 1755 intellegenda

199 1771 240 1812 et
261 1771 503 1824 depellenda
523 1770 760 1825 uigilemus
803 1784 849 1813 ex
886 1771 1034 1824 quibus
1070 1772 1132 1812 est
1166 1770 1243 1812 zeli
1281 1771 1322 1812 et
1357 1770 1501 1811 liuoris
1536 1770 1707 1812 malum.

200 1839 307 1893 quod
329 1839 363 1880 si
386 1839 456 1892 qui
478 1840 643 1892 penitus
665 1840 877 1893 inspiciat,
909 1840 1092 1881 inueniet
1113 1839 1218 1881 nihil
1239 1838 1374 1893 magis
1397 1839 1619 1881 christiano
1642 1852 1708 1881 ca-

200 1908 403 1960 uendum,
437 1909 542 1950 nihil
564 1909 723 1951 cautius
745 1909 1067 1963 prouidendum,
1101 1922 1224 1963 quam
1259 1921 1309 1950 ne
1345 1909 1436 1962 quis
1474 1908 1632 1950 inuidia
1666 1909 1706 1950 et

270 2082 291 2115 2
316 2080 565 2124 membrorum]
585 2091 764 2114 murorum
783 2092 826 2115 σω
842 2083 875 2115 2.
892 2080 994 2115 codd.
1014 2081 1149 2123 recepit
1162 2081 1345 2115 Balicm'us
1415 2080 1437 2114 3
1463 2081 1498 2114 ct
1516 2090 1580 2114 om.
1597 2080 1646 2113 M

202 2138 321 2173 aditus
340 2138 375 2172 Β
470 2138 639 2172 inferiora
657 2138 707 2173 W
797 2138 819 2172 4
845 2138 1049 2172 uoluntates
1073 2138 1159 2173 WD
1251 2138 1274 2171 ἴ)
1298 2148 1462 2172 canoram
1480 2137 1651 2171 musicam
1668 2147 1711 2171 ex

202 2206 362 2230 canorem
382 2196 516 2229 musica
534 2196 583 2229 M
596 2206 640 2228 m.
656 2197 681 2228 2
753 2195 871 2229 sonitu
889 2195 928 2229 D
1022 2196 1043 2229 (3
1069 2195 1225 2229 resoluat
1238 2195 1284 2229 M
1291 2197 1300 2212 ¹
1373 2195 1526 2229 conuitio
1541 2195 1642 2238 ΜΒ,
1669 2194 1711 2228 ad

202 2253 401 2288 conuicium
419 2252 490 2294 D·²;
517 2252 674 2287 conuicio
699 2252 742 2286 ad
766 2253 925 2287 conuicia
954 2253 1048 2288 coni.
1074 2253 1213 2287 Vahlen
1308 2253 1326 2286 7
1353 2253 1520 2297 prouocat
1546 2252 1589 2286 ad
1614 2254 1711 2296 petu-

203 2311 357 2345 lantiam
376 2310 467 2345 com‘.
487 2311 614 2345 Roma
708 2321 850 2344 manum
868 2321 932 2344 om.
952 2310 989 2344 D
1083 2309 1127 2344 ad
1145 2310 1421 2354 inpetulantiam
1437 2310 1491 2352 D,
1518 2309 1562 2344 ad
1580 2310 1711 2344 uiolen-

204 2368 294 2402 tiam
313 2369 405 2403 eom'.
425 2368 551 2403 Routlo
620 2368 641 2401 8
666 2368 791 2402 fraude
809 2367 928 2412 capiat
945 2368 1088 2411 (faciat.
1104 2394 1111 2400 .
1127 2367 1293 2412 ‚pecunia
1310 2368 1391 2412 om.)
1409 2367 1446 2401 D
1516 2367 1537 2401 9
1563 2367 1710 2411 ingerit]

204 2425 363 2460 ostendit
381 2426 419 2460 D
514 2425 556 2460 10
581 2425 762 2469 permittit
778 2425 832 2459 D¹
919 2425 1077 2460 ostendit
1094 2436 1138 2459 ex
1156 2424 1321 2459 ostendat
1337 2425 1375 2459 D
1391 2436 1436 2459 m.
1449 2427 1473 2460 2
1569 2425 1611 2459 12
1637 2426 1711 2458 tur-

205 2483 287 2518 bide
299 2483 338 2517 D
410 2482 658 2517 debellandum
676 2483 727 2518 W
810 2482 867 2517 dei
886 2493 1003 2517 seruos
1021 2494 1042 2518 v
1137 2482 1180 2516 13
1204 2483 1382 2526 inquietos
1401 2483 1438 2516 B
1523 2484 1559 2516 et
1577 2492 1710 2525 semper

206 2552 271 2576 om.
290 2541 345 2575 D¹
465 2541 507 2575 15
532 2540 667 2575 diaboli
684 2541 740 2575 uel
758 2540 873 2574 minas
893 2540 948 2574 uel
965 2540 1124 2574 fallatias
1143 2542 1179 2574 et
1196 2539 1346 2574 insidias
1363 2540 1420 2574 uel
1439 2542 1581 2584 apertas
1599 2539 1710 2573 minas

206 2599 244 2633 D
259 2600 322 2634 sed
341 2599 397 2633 uel
417 2610 470 2643 ap.
491 2598 606 2632 minas
626 2609 704 2643 exp.
723 2610 767 2633 m.
783 2601 805 2633 2
927 2599 983 2632 uel
1001 2609 1081 2642 exp.
1102 2598 1282 2632 Balnzt‘ns
1407 2598 1447 2631 17
1475 2608 1580 2641 quam
1598 2598 1652 2631 est
1669 2595 1711 2630 ad

207 2656 478 2701 inpugnandum
496 2667 561 2691 om.
576 2656 612 2690 B
707 2656 749 2690 19
774 2657 947 2700 oprepunt
968 2656 1018 2691 W
1108 2655 1222 2700 inagis
1241 2655 1427 2699 magisque
1445 2656 1494 2689 M
1576 2653 1712 2688 occulta

207 2716 262 2749 est
278 2714 316 2749 D
385 2714 428 2748 21
455 2715 632 2748 crassatur
650 2714 702 2755 B,
728 2716 938 2758 grassantur
957 2724 1000 2747 ccc
1017 2715 1184 2758 grasatur
1201 2713 1249 2747 M
1263 2724 1307 2747 m.
1323 2715 1345 2747 2
1440 2712 1590 2756 quoquc]
1610 2720 1711 2755 quae-

207 2783 274 2816 que
305 2772 427 2807 malim
551 2772 595 2806 22
620 2773 675 2815 cxl
694 2772 730 2804 et
747 2771 784 2805 D
901 2772 1026 2805 liboris
1044 2771 1082 2806 D
1110 2771 1164 2805 ita
1193 2771 1416 2814 saepissime,
1454 2770 1579 2804 rarius
1598 2769 1647 2804 W

206 2830 251 2864 23
277 2829 356 2874 quis
370 2830 492 2865 M²Bv
562 2819 722 2864 inueniat
737 2830 777 2864 D
858 2830 973 2874 magis
992 2840 1056 2864 om.
1072 2829 1110 2863 D
1195 2829 1239 2863 24
1265 2828 1389 2872 nequis
1408 2838 1451 2863 eat
1469 2837 1581 2871 neque
1599 2826 1653 2860 uis
1667 2826 1714 2860 M

208 2899 250 2923 m.
270 2890 293 2923 2
365 2887 522 2922 inuidiae
540 2888 651 2923 liuore
671 2888 717 2922 M
