1838 3152
179 194 263 235 428
713 194 901 229 Caecilii
927 192 1142 237 Cypriani

179 297 290 339 filius
312 299 447 340 factus
469 311 548 340 non
570 298 649 339 nisi
672 298 879 351 spiritalia
901 299 941 338 et
963 297 1105 338 diuina
1127 297 1331 347 sectetur,
1363 296 1480 350 ponit
1502 297 1542 337 et
1563 296 1685 337 dicit:

179 368 230 408 et
261 379 349 421 ego
382 368 606 421 quidem,
639 367 854 418 fratres,
888 378 981 408 non
1012 366 1160 419 potui
1192 365 1339 406 uobis
1371 366 1515 418 loqui
1539 365 1685 418 quasi

179 436 527 488 spiritalibus
559 437 643 478 sed
675 437 821 490 quasi
855 435 1174 485 carnalibus,
1207 434 1354 488 quasi
1386 434 1684 476 infantibus

178 505 227 546 in
250 504 475 547 Christo.
509 507 646 547 lacte
677 518 764 547 uos
796 505 997 558 potaui,
1021 517 1113 545 non
1146 504 1270 546 cibo.
1304 505 1528 544 nondum
1552 504 1682 546 enim

177 575 469 627 potera-tis,
517 576 604 617 sed
648 588 812 628 neque
857 588 990 616 nunc
1036 574 1275 627 potestis.
1337 574 1504 614 adhuc
1550 574 1684 615 enim
1716 587 1729 609 τ»

178 644 302 684 estis
334 645 582 685 carnales.
631 645 718 685 ubi
751 644 884 685 enim
915 644 964 684 in
997 643 1150 684 uobis
1182 643 1323 684 zelus
1371 643 1419 683 et
1468 643 1685 683 eonten-

177 713 253 753 tio
285 714 334 754 et
366 713 747 762 dissensiones,
796 724 955 754 nonne
995 712 1238 753 carnales
1270 711 1399 752 estis
1431 712 1480 752 et
1512 723 1684 752 secun-

177 781 298 822 dum
330 782 590 823 hominem
622 782 943 823 ambulatis?

233 849 465 892 Obterenda
487 852 604 901 sunt,
638 851 784 892 fratres
807 851 1092 900 dilectissimi,
1126 850 1232 891 uitia
1254 851 1295 891 et
1317 850 1483 902 peecata
1505 849 1685 890 earnalia

175 920 216 960 et
237 920 388 961 terreni
410 920 588 972 eorporis
610 919 760 961 infesta
781 920 894 961 labes
918 920 1098 973 spiritali
1119 920 1261 973 uigore
1284 918 1491 968 calcanda,
1514 931 1563 959 ne
1586 918 1684 958 dum
1699 937 1730 962 10

175 988 327 1029 iterum
364 989 415 1029 ad
451 989 602 1029 ueteris
642 989 821 1030 hominis
844 989 1191 1030 conuersationem
1214 988 1469 1029 reuoluimur
1490 988 1684 1029 letalibus

175 1057 332 1109 laqueis
364 1057 632 1110 inplieemur,
678 1059 863 1111 apostolo
885 1059 960 1100 1100
982 1058 1094 1099 idem
1115 1057 1380 1111 prouidenter
1401 1058 1442 1098 et
1463 1056 1685 1097 salubriter

174 1127 473 1177 praemonente.
505 1127 705 1180 itaque,
730 1128 885 1180 inquit,
910 1127 1123 1177 fratres,
1154 1138 1247 1168 non
1279 1125 1556 1167 secundum
1580 1137 1683 1166 car-

173 1207 277 1236 nem
329 1195 577 1237 uiuamus.
634 1197 675 1238 si
723 1198 854 1238 enim
900 1197 1177 1238 seeundum
1222 1208 1422 1237 earnem
1467 1195 1682 1245 uiuitis,

172 1265 447 1318 incipietis
479 1267 626 1308 mori:
660 1267 704 1308 si
736 1268 903 1308 autem
946 1267 1142 1321 spiritu
1175 1278 1325 1320 opera
1359 1265 1526 1306 carnis
1558 1277 1728 1306 mor-15

172 1332 428 1385 tifieatiS,
462 1335 670 1377 uiuetis.
721 1337 975 1389 quotquot
1007 1336 1142 1377 enim
1176 1335 1376 1389 spiritu
1408 1334 1499 1376 Dei
1531 1346 1683 1387 agun-

172 1403 256 1444 tur
286 1403 336 1443 hi
369 1405 487 1445 sunt
519 1405 635 1446 filii
667 1405 773 1446 Dei.
807 1405 841 1447 si
864 1405 941 1446 filii
963 1405 1039 1445 Dei
1062 1417 1226 1455 sumus,
1250 1405 1285 1445 si
1308 1405 1464 1457 templa
1487 1403 1573 1445 eius
1597 1414 1683 1444 esse

173 1471 256 1513 iam
292 1473 522 1526 coepimus,
570 1475 604 1515 si
637 1476 801 1527 accepto
835 1474 993 1528 Spiritu
1026 1476 1163 1516 sancto
1196 1475 1335 1516 sancte
1368 1475 1408 1515 et
1439 1472 1686 1527 spiritaliter

174 1541 376 1592 uiuimus,
412 1543 446 1583 si
481 1543 529 1584 de
563 1544 685 1584 terris
723 1544 860 1585 oeulos
892 1544 943 1585 ad
982 1544 1140 1585 caelum
1178 1543 1445 1593 sustulimus,
1484 1542 1519 1583 si
1541 1542 1592 1583 ad
1614 1554 1683 1582 su-

171 1621 295 1663 perna
325 1612 366 1652 et
404 1612 544 1653 diuina
579 1613 746 1665 plenum
783 1612 868 1653 Deo
901 1614 941 1654 et
973 1612 1133 1654 Christo
1170 1613 1311 1665 pectus
1348 1612 1570 1661 ereximus,
1602 1622 1681 1651 non
1697 1627 1731 1653 20

172 1678 251 1719 nisi
285 1691 386 1731 quae
418 1681 513 1721 sunt
543 1681 628 1722 Deo
661 1682 701 1722 et
733 1680 894 1723 Christo
927 1682 1052 1735 digna
1084 1681 1308 1732 faciamus,
1342 1681 1450 1721 sieut
1471 1680 1681 1733 apostolus

174 1748 326 1789 excitat
363 1749 404 1790 et
440 1749 641 1791 hortatur.
699 1750 740 1791 si
774 1751 1201 1800 consurrexistis,
1249 1750 1405 1803 inquit,
1454 1748 1680 1799 Christo,

173 1830 302 1869 quae
335 1829 539 1858 sursum
571 1819 689 1860 sunt
721 1820 974 1872 quaerite,
1008 1820 1093 1860 ubi
1116 1818 1358 1861 Christus
1390 1819 1467 1860 est
1499 1818 1547 1859 in
1570 1817 1680 1858 dex-

173 1887 282 1927 tera
312 1886 401 1927 Dei
434 1887 632 1929 sedens:
667 1901 793 1941 quae
825 1901 1028 1930 sursum
1061 1889 1179 1930 sunt
1210 1889 1398 1941 sapite,
1430 1899 1524 1928 non
1556 1899 1681 1939 quae

172 1956 382 1997 terrena
414 1958 542 1997 sunt.
595 1958 792 1999 mortui
825 1958 957 1999 enim
989 1959 1138 2008 estis,
1172 1959 1219 1999 et
1251 1958 1363 1999 uita
1394 1959 1570 1999 uestra
1601 1956 1725 1997 ab-25

310 2069 331 2102 2
356 2069 374 2102 Ι
393 2069 467 2104 Cor.
487 2071 518 2111 3,
540 2072 558 2104 1
579 2082 628 2115 sq.
705 2072 748 2106 13
773 2072 872 2106 Rom.
891 2074 924 2115 8,
946 2073 988 2106 12
1007 2083 1057 2115 sq.
1131 2072 1175 2106 22
1201 2072 1272 2106 Col.
1292 2073 1324 2112 3,
1344 2072 1361 2105 1
1382 2082 1431 2116 sq.

241 2174 262 2207 3
287 2173 500 2218 infantibus]
521 2174 744 2208 instantibus
764 2174 798 2208 R
897 2175 919 2209 4
945 2175 1038 2209 lacte
1057 2174 1158 2208 uobis
1177 2175 1228 2216 B,
1256 2175 1311 2209 lae
1330 2174 1431 2208 uobis
1450 2187 1469 2210 υ
1556 2176 1678 2219 potum

169 2230 250 2264 dedi
268 2241 335 2265 11011
355 2242 468 2265 escam
487 2232 619 2275 (cibum
634 2233 668 2276 v)
683 2232 770 2275 Mv;
789 2233 835 2275 cf.
852 2236 929 2266 test.
947 2232 1025 2266 III
1038 2235 1060 2265 3
1072 2244 1110 2276 p.
1128 2235 1194 2267 115
1265 2233 1286 2266 5
1303 2243 1394 2266 nune
1410 2232 1551 2276 quidem
1566 2233 1614 2267 M

169 2289 189 2321 6
215 2288 290 2332 ubi]
311 2299 387 2322 cum
406 2289 444 2323 D
537 2290 573 2323 in
592 2289 709 2333 uobis]
729 2290 778 2323 sit
795 2290 890 2324 inter
907 2301 970 2324 uos
986 2291 1024 2324 D
1119 2290 1336 2334 contemptio
1355 2290 1390 2324 B
1501 2291 1519 2324 7
1546 2290 1679 2323 dissen-

170 2346 286 2379 siones
305 2348 388 2380 sunt
405 2358 425 2381 v
497 2348 517 2380 9
544 2347 749 2392 obterenda]
769 2348 990 2382 obseruanda
1004 2348 1057 2389 D,
1076 2348 1305 2392 temperanda
1323 2349 1385 2389 M,
1405 2347 1678 2392 obtemperanda

169 2404 366 2438 Morellius
437 2406 579 2448 peccata
598 2415 661 2438 om.
677 2405 729 2438 D¹
819 2406 862 2439 10
888 2406 1024 2440 etss-›essde
1042 2406 1173 2440 terreni
1189 2406 1239 2440 M
1318 2405 1449 2440 infesta
1466 2405 1545 2439 labe
1565 2416 1608 2439 eoe
1626 2405 1677 2438 in-

169 2460 280 2493 festas
299 2459 398 2494 labes
417 2461 467 2495 M
482 2471 524 2494 m.
543 2463 566 2495 2
638 2461 788 2494 necdum
806 2461 854 2495 M
860 2463 868 2479 ¹
959 2462 1001 2495 12
1027 2462 1244 2506 inplecemur
1262 2461 1300 2495 D
1371 2461 1551 2505 apostolus
1566 2461 1615 2494 M

168 2516 277 2560 idem]
297 2517 437 2560 quidem
456 2518 494 2551 D
578 2518 788 2562 prouidente
808 2519 843 2552 B
928 2519 971 2553 13
995 2520 1201 2563 praemonet
1218 2520 1265 2553 M
1349 2518 1478 2553 fratres
1497 2530 1562 2553 om.
1576 2520 1609 2551 B

169 2574 212 2607 14
237 2574 366 2607 uiuitis
385 2575 472 2609 WD
482 2576 526 2616 V,
554 2575 691 2609 uiuatis
710 2576 762 2617 B,
790 2576 955 2610 uixeritis
976 2588 995 2611 υ
1070 2577 1113 2610 15
1138 2576 1365 2610 mortificatis
1387 2577 1532 2618 WBV„
1550 2576 1675 2610 ..cetis

168 2631 221 2673 D,
256 2658 262 2663 .
279 2658 286 2665 .
302 2632 488 2665 ,canerit-is
505 2644 525 2667 v
615 2633 657 2666 16
684 2633 868 2677 quodquod
887 2634 925 2667 D
1013 2634 1054 2667 17
1081 2634 1134 2667 hii
1157 2635 1243 2669 WB
1329 2633 1396 2667 filii
1414 2633 1469 2667 dei
1489 2635 1572 2667 sunt
1588 2645 1608 2668 v

168 2689 256 2734 eius]
277 2689 333 2723 dei
351 2690 389 2723 D
461 2690 503 2723 18
522 2691 558 2724 et
576 2691 624 2724 M
636 2701 662 2724 0,
678 2691 698 2724 l.
719 2702 762 2724 m.
779 2694 802 2726 2
875 2692 917 2725 19
936 2691 1100 2725 uiuamus
1117 2691 1171 2725 D¹
1244 2692 1274 2725 si
1293 2691 1348 2735 ad]
1369 2692 1399 2725 si
1417 2693 1454 2725 at
1471 2692 1509 2725 D
1579 2691 1623 2725 20
1641 2692 1675 2724 et

168 2747 341 2781 ereximus
359 2748 397 2781 D
490 2749 529 2782 2]
561 2748 654 2782 sicut
672 2750 707 2782 et
725 2760 745 2783 v
840 2749 883 2782 22
910 2749 1044 2783 christo
1063 2749 1216 2789 WD1V,
1245 2760 1323 2783 eum
1342 2749 1476 2783 christo
1495 2749 1674 2791 MD²Rv;

167 2805 214 2846 cf.
235 2808 311 2838 test.
331 2805 409 2838 III
423 2808 514 2849 1112.
531 2807 602 2840 124
718 2807 762 2841 24
789 2806 885 2840 sedet
903 2806 940 2840 D
1057 2818 1177 2840 susum
1202 2807 1265 2841 W¹
1366 2808 1411 2841 25
1435 2808 1575 2840 terrena
1592 2806 1674 2839 suut

172 2861 340 2895 WDMR
348 2862 393 2903 V,
422 2873 526 2906 super
549 2865 681 2897 terram
703 2875 720 2898 v
