1838 3152
547 264 782 309 Epistulae
806 263 1030 298 LXVIIII.
1054 275 1082 299 c.
1110 264 1251 299 12-14.
1557 270 1638 312 763

150 368 330 422 piantur,
354 367 401 408 ut
424 366 459 409 si
481 367 785 409 incommodum
805 366 1016 420 languoris
1045 369 1250 409 euaserint
1278 370 1319 410 et
1347 370 1638 420 conualuerint,

149 435 422 489 baptizentur.
453 435 487 476 si
522 437 662 477 autem
690 435 889 489 baptizari
919 448 997 476 11011
1028 437 1197 488 possunt
1226 437 1294 489 qui
1325 437 1407 479 iam
1429 438 1634 491 baptismo

150 503 425 545 ecclesiastico
447 503 692 545 sanctificati
714 504 822 557 sunt,
853 516 923 544 cur
955 503 997 544 in
1027 503 1106 545 fide
1139 515 1212 546 sua
1241 506 1281 546 et
1303 505 1467 547 Domini
1495 507 1634 548 indul-

152 571 291 626 gentia
311 571 667 613 scandalizentur?
696 585 746 613 an
777 572 981 613 consecuti
1004 572 1099 613 sunt
1121 572 1286 624 quidem
1306 574 1485 627 gratiam
1507 574 1640 616 domi-

132 640 304 689 snieam,
327 640 398 681 sed
419 640 603 682 breuiore
625 641 666 681 et
687 640 843 681 minore
868 651 1056 681 mensura
1076 641 1255 681 muneris
1286 642 1416 683 diuini
1445 655 1490 684 ac
1519 643 1640 697 spiri-

152 709 219 749 tus
241 708 384 758 saneti,
409 710 455 750 ut
476 709 703 750 habeantur
723 708 890 761 quidem
911 708 1137 758 christiani,
1171 720 1250 750 non
1272 710 1354 750 sint
1375 711 1512 753 tamen
1534 712 1640 753 cete-

152 777 208 818 ris
230 777 517 830 adaequandi?

207 844 314 896 Quin
345 845 472 887 immo
501 845 672 899 spiritus
701 846 865 887 sanctus
893 858 972 887 11011
994 846 1044 886 de
1064 857 1255 887 mensura
1282 846 1403 887 datur
1431 847 1501 888 sed
1523 860 1643 901 super
1662 847 1710 888 14

151 913 384 955 credentem
405 914 516 955 totus
538 913 783 955 infunditur.
815 926 911 954 nam
932 913 967 954 si
990 914 1076 956 dies
1096 914 1285 956 omnibus
1318 914 1541 968 aequaliter
1569 929 1642 958 na-

107 999 139 1024 10
153 982 281 1024 scitur
319 983 360 1023 et
387 982 422 1023 si
451 982 511 1023 sol
539 994 659 1035 super
689 994 827 1023 omnes
859 982 947 1035 pari
984 983 1024 1023 et
1059 982 1219 1035 aequali
1255 982 1344 1024 luce
1381 983 1639 1034 diffunditur,

150 1052 301 1104 quanto
334 1050 466 1105 magis
497 1049 683 1092 Christus
715 1051 775 1091 sol
803 1052 844 1092 et
874 1051 959 1092 dies
989 1063 1111 1092 uerus
1142 1051 1184 1092 111
1213 1051 1380 1093 ecclesia
1410 1064 1483 1093 sua
1503 1051 1644 1094 lumen

150 1119 260 1160 uitae
306 1120 493 1161 aeternae
537 1119 626 1172 pari
672 1119 921 1172 aequalitate
969 1119 1177 1173 largitur?
1227 1119 1343 1161 cuius
1383 1120 1645 1173 aequalitatis

150 1188 454 1229 sacramentum
475 1187 663 1229 uidemus
685 1188 727 1229 in
748 1188 886 1230 Exodo
915 1200 1000 1230 esse
1030 1188 1294 1242 celebratum,
1328 1202 1422 1230 cum
1453 1190 1502 1230 de
1531 1189 1642 1231 caelo

150 1268 298 1298 manna
327 1255 522 1298 deflueret
552 1257 593 1299 et
621 1256 855 1299 futurorum
884 1257 1227 1311 praefiguratione
1256 1257 1501 1299 alimentum
1522 1258 1641 1311 panis

106 1340 137 1364 ιε»
154 1324 340 1366 caelestis
371 1326 412 1366 et
441 1325 579 1366 cibum
608 1324 761 1367 Christi
791 1325 992 1367 uenientis
1026 1325 1268 1367 ostenderet.
1299 1325 1387 1367 illic
1416 1326 1524 1367 enim
1558 1326 1645 1368 sine

151 1393 387 1435 discrimine
410 1393 476 1434 uel
497 1405 614 1435 sexus
636 1394 702 1435 uel
722 1394 872 1435 aetatis
893 1405 1036 1448 gomor
1065 1394 1240 1448 singulis
1273 1393 1498 1446 aequaliter
1527 1394 1645 1436 colli-

152 1461 339 1516 gebatur.
389 1461 495 1503 unde
543 1462 764 1515 apparebat
807 1462 961 1504 Christi
1002 1462 1303 1516 indulgentiam
1345 1463 1384 1504 et
1424 1463 1642 1504 caelestem

151 1529 329 1584 gratiam
366 1531 627 1583 postmodum
657 1532 891 1572 secuturam
921 1531 1148 1584 aequaliter
1178 1530 1368 1572 omnibus
1399 1530 1530 1572 diuidi
1559 1530 1645 1572 sine

154 1611 272 1641 sexus
295 1600 508 1651 uarietate,
531 1600 618 1642 sine
639 1611 838 1642 annorum
861 1600 1111 1650 discrimine,
1143 1599 1230 1641 sine
1252 1599 1484 1653 acceptione
1504 1611 1642 1653 perso-

103 1683 137 1708 20
150 1680 237 1718 nae,
261 1681 382 1722 super
403 1680 564 1710 omnem
582 1669 658 1710 Dei
681 1669 880 1722 populum
902 1669 1101 1721 spiritalis
1122 1667 1278 1722 gratiae
1299 1680 1446 1709 munus
1468 1668 1640 1709 infundi.

149 1736 268 1789 plane
291 1737 431 1778 eadem
453 1737 589 1791 gratia
610 1736 809 1790 spiritalis
831 1749 933 1789 quae
957 1736 1185 1789 aequaliter
1205 1735 1247 1777 in
1268 1735 1473 1789 baptismo
1502 1748 1525 1777 a
1553 1749 1640 1778 cre-

150 1804 342 1846 dentibus
365 1805 543 1846 sumitur
563 1805 606 1846 in
627 1805 934 1847 conuersatione
955 1805 1086 1857 adque
1108 1806 1202 1846 actu
1224 1805 1359 1845 nostro
1381 1804 1643 1857 postmodum

149 1873 217 1914 uel
253 1873 456 1915 minuitur
490 1874 558 1915 uel
591 1875 778 1929 augetur,
814 1874 861 1915 ut
896 1874 938 1914 in
975 1873 1185 1927 euangelio
1222 1872 1472 1914 dominicum
1507 1884 1644 1914 semen

150 1942 376 1995 aequaliter
397 1941 636 1992 seminatur,
668 1941 738 1984 sed
759 1954 830 1996 pro
862 1942 1063 1984 uarietate
1090 1943 1222 1983 terrae
1254 1941 1366 1982 aliud
1397 1941 1641 1991 absumitur,

103 2010 264 2052 251111οᾶ
293 2010 335 2051 111
356 2010 656 2052 multiformem
679 2010 835 2064 copiam
867 2011 935 2052 uel
966 2010 1165 2052 tricesimi
1200 2009 1267 2051 uel
1296 2009 1539 2063 sexagesimi
1575 2010 1643 2050 uel

151 2078 365 2120 centesimi
384 2079 545 2120 numeri
568 2080 703 2120 fructu
725 2079 969 2120 exuberante
991 2078 1238 2120 cumulatur.
1263 2077 1395 2119 adhuc
1416 2089 1511 2119 uero
1549 2090 1643 2119 cum

152 2147 304 2202 singuli
327 2147 377 2188 ad
400 2147 610 2189 denarium
634 2149 841 2197 nocentur,
865 2147 965 2201 quid
987 2149 1048 2189 est
1071 2148 1117 2188 ut
1138 2147 1244 2200 quod
1267 2159 1290 2188 a
1312 2146 1397 2188 Deo
1418 2146 1645 2199 aequaliter

152 2216 418 2257 distribuitur
438 2216 617 2257 humana
637 2216 974 2270 interpretatione
994 2216 1205 2257 minuatur
1218 2217 1238 2257 Ῥ

213 2373 236 2407 3
253 2373 498 2418 seanctificati]
517 2362 621 2407 sffB
780 2374 803 2409 4
820 2374 1108 2409 scandalizantur
1131 2374 1216 2410 CVo
1379 2372 1524 2418 quidam
1549 2373 1590 2408 C¹

148 2429 170 2463 5
187 2431 221 2463 et
238 2440 402 2464 mensura
425 2431 454 2465 C
597 2432 618 2465 6
635 2432 717 2476 11011]
739 2433 773 2465 01
791 2442 859 2465 non
884 2433 913 2467 C
1049 2432 1070 2465 8
1088 2431 1173 2475 quin
1195 2459 1200 2465 .
1216 2459 1223 2465 .
1240 2457 1245 2462 .
1267 2430 1465 2465 credentem
1483 2442 1547 2465 om.
1572 2432 1600 2465 C

147 2477 269 2531 (le'in.]
288 2486 332 2521 ad
350 2498 550 2522 mensuram
572 2500 588 2523 υ
795 2488 816 2522 9
834 2488 942 2532 101115]
962 2488 1066 2522 datus
1085 2488 1121 2522 P
1328 2488 1371 2521 10
1387 2487 1475 2532 luce]
1495 2487 1595 2522 modo
1616 2488 1646 2522 C

147 2553 175 2577 3.
195 2543 216 2577 l.
236 2554 279 2577 m.
298 2546 323 2577 2
493 2545 533 2578 11
552 2545 680 2579 christi
703 2545 732 2580 C
900 2555 962 2579 sua
980 2556 1043 2579 one.
1069 2545 1099 2580 Ο
1271 2544 1314 2579 14
1331 2544 1523 2578 defluerent
1542 2544 1575 2578 Β
1583 2547 1591 2565 ¹

148 2600 446 2645 parefiguratione
476 2603 523 2637 M
554 2602 677 2647 (praef.
712 2602 755 2646 Q)
969 2603 1011 2637 15
1039 2601 1252 2646 ostenderet]
1287 2602 1497 2646 exprimeret
1535 2601 1601 2636 CV

149 2658 192 2691 16
210 2669 291 2692 sexu
309 2658 357 2692 M
370 2660 484 2702 (sexus
504 2659 547 2704 Q)
702 2659 836 2703 singuli
856 2659 900 2700 R,
919 2670 940 2693 a
957 2659 1109 2703 singulis
1132 2659 1181 2694 Cv
1342 2658 1383 2692 17
1401 2660 1548 2702 apparet
1571 2658 1601 2692 C

148 2715 193 2749 20
208 2715 364 2759 gratiam
386 2716 416 2750 C
611 2716 767 2751 muneris
785 2727 830 2750 eal·
847 2727 973 2751 munus
999 2717 1028 2751 C
1224 2715 1272 2751 23
1289 2714 1511 2759 euangelium
1530 2714 1599 2759 EQ

147 2771 192 2806 24
210 2771 410 2806 adsumitur
427 2772 499 2807 BP
697 2774 742 2808 25
759 2773 956 2807 tricensimi
975 2773 1064 2814 BM,
1084 2771 1291 2816 tregensimi
1311 2771 1350 2817 Q,
1369 2771 1545 2816 trigesimi
1564 2771 1604 2805 Ε

151 2828 384 2873 sexagensimi
404 2829 473 2875 BQ
626 2831 671 2865 26
688 2830 843 2864 fructum
864 2830 899 2864 B
1054 2828 1245 2863 exuberant
1263 2829 1298 2863 Β
1447 2828 1646 2862 comulatur

157 2885 200 2920 C·
213 2884 243 2930 Q
364 2886 407 2920 ad
425 2886 489 2921 hoc
507 2887 546 2921 E
666 2888 711 2923 27
731 2887 821 2931 quod
839 2888 887 2922 M
901 2886 999 2931 (quid
1021 2886 1062 2932 Q)
1179 2887 1219 2920 ut
1236 2896 1300 2919 om.
1326 2886 1356 2920 C
1469 2884 1553 2919 adeo
1574 2885 1604 2919 C

150 2943 195 2977 28
216 2945 255 2976 ut
273 2953 315 2977 ne
334 2944 487 2978 humana
510 2943 539 2979 C
555 2946 594 2978 ut
610 2954 654 2978 ne
670 2955 696 2979 s.
715 2944 735 2978 l.
