<?xml version="1.0" encoding="UTF-8"?>
<!DOCTYPE html PUBLIC "-//W3C//DTD XHTML 1.0 Transitional//EN"
    "http://www.w3.org/TR/xhtml1/DTD/xhtml1-transitional.dtd">
<html xmlns="http://www.w3.org/1999/xhtml" xml:lang="en" lang="en">
 <head>
  <title>
</title>
<meta http-equiv="Content-Type" content="text/html;charset=utf-8" />
  <meta name='ocr-system' content='tesseract 3.04.00' />
  <meta name='ocr-capabilities' content='ocr_page ocr_carea ocr_par ocr_line ocrx_word'/>
</head>
<body>
  <div class='ocr_page' id='page_1' title='image "./corpusscriptor203cypruoft/corpusscriptor203cypruoft_0287.png"; bbox 0 0 1912 3152; ppageno 0'>
   <div class='ocr_carea' id='block_1_1' title="bbox 0 903 73 3152">
    <p class='ocr_par' dir='ltr' id='par_1_1' title="bbox 0 903 73 3152">
     <span class='ocr_line' id='line_1_1' title="bbox 0 903 73 3152; baseline 0 0"><span class='ocrx_word' id='word_1_1' title='bbox 0 903 73 3152; x_wconf 95' lang='lat' dir='ltr'> </span> 
     </span>
    </p>
   </div>
   <div class='ocr_carea' id='block_1_2' title="bbox 565 265 1673 311">
    <p class='ocr_par' dir='ltr' id='par_1_2' title="bbox 565 265 1673 311">
     <span class='ocr_line' id='line_1_2' title="bbox 565 265 1673 311; baseline 0 -10"><span class='ocrx_word' id='word_1_2' title='bbox 565 266 623 301; x_wconf 89' lang='lat' dir='ltr'>De</span> <span class='ocrx_word' id='word_1_3' title='bbox 649 265 872 301; x_wconf 79' lang='lat' dir='ltr'>dominica</span> <span class='ocrx_word' id='word_1_4' title='bbox 895 266 1099 301; x_wconf 84' lang='lat' dir='ltr'>oratione</span> <span class='ocrx_word' id='word_1_5' title='bbox 1125 266 1323 302; x_wconf 84' lang='lat' dir='ltr'>c.13—15.</span> <span class='ocrx_word' id='word_1_6' title='bbox 1590 269 1673 311; x_wconf 81' lang='lat'>277</span> 
     </span>
    </p>
   </div>
   <div class='ocr_carea' id='block_1_3' title="bbox 129 369 1683 2224">
    <p class='ocr_par' dir='ltr' id='par_1_3' title="bbox 129 369 1682 1796">
     <span class='ocr_line' id='line_1_3' title="bbox 177 369 1672 425; baseline -0.002 -10"><span class='ocrx_word' id='word_1_7' title='bbox 177 372 334 415; x_wconf 90' lang='lat' dir='ltr'>uiribus</span> <span class='ocrx_word' id='word_1_8' title='bbox 365 370 482 414; x_wconf 89' lang='lat' dir='ltr'>fortis</span> <span class='ocrx_word' id='word_1_9' title='bbox 513 370 575 411; x_wconf 89' lang='lat' dir='ltr'>est</span> <span class='ocrx_word' id='word_1_10' title='bbox 605 370 674 412; x_wconf 88' lang='lat' dir='ltr'>sed</span> <span class='ocrx_word' id='word_1_11' title='bbox 704 369 782 412; x_wconf 88' lang='lat' dir='ltr'>Dei</span> <span class='ocrx_word' id='word_1_12' title='bbox 812 369 1070 425; x_wconf 78' lang='lat' dir='ltr'>indulgentia</span> <span class='ocrx_word' id='word_1_13' title='bbox 1092 370 1132 412; x_wconf 89' lang='lat' dir='ltr'>et</span> <span class='ocrx_word' id='word_1_14' title='bbox 1154 369 1438 412; x_wconf 81' lang='lat' dir='ltr'>misericordia</span> <span class='ocrx_word' id='word_1_15' title='bbox 1458 370 1575 412; x_wconf 89' lang='lat' dir='ltr'>tutus</span> <span class='ocrx_word' id='word_1_16' title='bbox 1597 371 1672 413; x_wconf 87' lang='lat' dir='ltr'>est.</span> 
     </span>
     <span class='ocr_line' id='line_1_4' title="bbox 176 438 1674 494; baseline -0.001 -11"><span class='ocrx_word' id='word_1_17' title='bbox 176 441 348 494; x_wconf 86' lang='lat' dir='ltr'>denique</span> <span class='ocrx_word' id='word_1_18' title='bbox 379 440 419 482; x_wconf 85' lang='lat' dir='ltr'>et</span> <span class='ocrx_word' id='word_1_19' title='bbox 449 439 650 481; x_wconf 86' lang='lat' dir='ltr'>Dominus</span> <span class='ocrx_word' id='word_1_20' title='bbox 680 439 967 481; x_wconf 90' lang='lat' dir='ltr'>infirmitatem</span> <span class='ocrx_word' id='word_1_21' title='bbox 988 438 1165 480; x_wconf 91' lang='lat' dir='ltr'>hominis</span> <span class='ocrx_word' id='word_1_22' title='bbox 1187 451 1308 492; x_wconf 88' lang='lat' dir='ltr'>quem</span> <span class='ocrx_word' id='word_1_23' title='bbox 1328 438 1517 493; x_wconf 89' lang='lat' dir='ltr'>portabat</span> <span class='ocrx_word' id='word_1_24' title='bbox 1537 440 1674 482; x_wconf 85' lang='lat' dir='ltr'>osten-</span> 
     </span>
     <span class='ocr_line' id='line_1_5' title="bbox 176 507 1675 561; baseline -0.001 -10"><span class='ocrx_word' id='word_1_25' title='bbox 176 509 274 551; x_wconf 85' lang='lat' dir='ltr'>dens</span> <span class='ocrx_word' id='word_1_26' title='bbox 302 508 382 551; x_wconf 89' lang='lat' dir='ltr'>ait:</span> <span class='ocrx_word' id='word_1_27' title='bbox 427 508 593 561; x_wconf 84' lang='lat' dir='ltr'>pater,</span> <span class='ocrx_word' id='word_1_28' title='bbox 640 507 681 549; x_wconf 92' lang='lat' dir='ltr'>si</span> <span class='ocrx_word' id='word_1_29' title='bbox 712 507 835 550; x_wconf 85' lang='lat' dir='ltr'>fieri</span> <span class='ocrx_word' id='word_1_30' title='bbox 866 508 1061 561; x_wconf 83' lang='lat' dir='ltr'>potest,</span> <span class='ocrx_word' id='word_1_31' title='bbox 1108 509 1347 550; x_wconf 89' lang='lat' dir='ltr'>transeat</span> <span class='ocrx_word' id='word_1_32' title='bbox 1377 521 1401 550; x_wconf 87' lang='lat' dir='ltr'>a</span> <span class='ocrx_word' id='word_1_33' title='bbox 1432 521 1474 550; x_wconf 91' lang='lat' dir='ltr'>m</span> <span class='ocrx_word' id='word_1_34' title='bbox 1488 521 1508 550; x_wconf 87' lang='lat' dir='ltr'>e</span> <span class='ocrx_word' id='word_1_35' title='bbox 1539 509 1675 551; x_wconf 82' lang='lat' dir='ltr'>calix</span> 
     </span>
     <span class='ocr_line' id='line_1_6' title="bbox 175 576 1676 630; baseline 0 -10"><span class='ocrx_word' id='word_1_36' title='bbox 175 577 219 620; x_wconf 91' lang='lat' dir='ltr'>is</span> <span class='ocrx_word' id='word_1_37' title='bbox 228 578 246 619; x_wconf 96' lang='lat' dir='ltr'>t</span> <span class='ocrx_word' id='word_1_38' title='bbox 254 590 294 628; x_wconf 84' lang='lat' dir='ltr'>e,</span> <span class='ocrx_word' id='word_1_39' title='bbox 327 578 368 619; x_wconf 85' lang='lat' dir='ltr'>et</span> <span class='ocrx_word' id='word_1_40' title='bbox 398 576 629 630; x_wconf 85' lang='lat' dir='ltr'>exemplum</span> <span class='ocrx_word' id='word_1_41' title='bbox 660 576 875 630; x_wconf 85' lang='lat' dir='ltr'>discipulis</span> <span class='ocrx_word' id='word_1_42' title='bbox 906 576 991 619; x_wconf 89' lang='lat' dir='ltr'>suis</span> <span class='ocrx_word' id='word_1_43' title='bbox 1013 576 1263 619; x_wconf 89' lang='lat' dir='ltr'>distribuens</span> <span class='ocrx_word' id='word_1_44' title='bbox 1275 609 1284 628; x_wconf 93' lang='lat'>‚</span> <span class='ocrx_word' id='word_1_45' title='bbox 1316 577 1363 618; x_wconf 91' lang='lat' dir='ltr'>ut</span> <span class='ocrx_word' id='word_1_46' title='bbox 1383 588 1462 619; x_wconf 92' lang='lat' dir='ltr'>non</span> <span class='ocrx_word' id='word_1_47' title='bbox 1483 576 1676 620; x_wconf 87' lang='lat' dir='ltr'>uolunta-</span> 
     </span>
     <span class='ocr_line' id='line_1_7' title="bbox 148 644 1677 696; baseline 0.001 -9"><span class='ocrx_word' id='word_1_48' title='bbox 148 662 163 687; x_wconf 78' lang='lat'><strong>5</strong></span> <span class='ocrx_word' id='word_1_49' title='bbox 175 647 260 689; x_wconf 89' lang='lat' dir='ltr'>tem</span> <span class='ocrx_word' id='word_1_50' title='bbox 282 658 399 688; x_wconf 89' lang='lat' dir='ltr'>suam</span> <span class='ocrx_word' id='word_1_51' title='bbox 420 645 491 688; x_wconf 91' lang='lat' dir='ltr'>sed</span> <span class='ocrx_word' id='word_1_52' title='bbox 512 645 589 687; x_wconf 87' lang='lat' dir='ltr'>Dei</span> <span class='ocrx_word' id='word_1_53' title='bbox 610 644 783 696; x_wconf 84' lang='lat' dir='ltr'>faciant,</span> <span class='ocrx_word' id='word_1_54' title='bbox 815 645 976 687; x_wconf 76' lang='lat' dir='ltr'>addidit</span> <span class='ocrx_word' id='word_1_55' title='bbox 997 645 1154 687; x_wconf 85' lang='lat' dir='ltr'>dicens:</span> <span class='ocrx_word' id='word_1_56' title='bbox 1187 658 1245 687; x_wconf 88' lang='lat' dir='ltr'>ue</span> <span class='ocrx_word' id='word_1_57' title='bbox 1255 658 1311 687; x_wconf 88' lang='lat' dir='ltr'>ru</span> <span class='ocrx_word' id='word_1_58' title='bbox 1322 646 1392 687; x_wconf 93' lang='lat' dir='ltr'>mt</span> <span class='ocrx_word' id='word_1_59' title='bbox 1403 658 1427 687; x_wconf 88' lang='lat' dir='ltr'>a</span> <span class='ocrx_word' id='word_1_60' title='bbox 1439 660 1482 688; x_wconf 92' lang='lat' dir='ltr'>m</span> <span class='ocrx_word' id='word_1_61' title='bbox 1495 659 1550 688; x_wconf 89' lang='lat' dir='ltr'>en</span> <span class='ocrx_word' id='word_1_62' title='bbox 1581 660 1608 689; x_wconf 92' lang='lat' dir='ltr'>n</span> <span class='ocrx_word' id='word_1_63' title='bbox 1618 658 1640 688; x_wconf 92' lang='lat' dir='ltr'>o</span> <span class='ocrx_word' id='word_1_64' title='bbox 1650 660 1677 690; x_wconf 94' lang='lat' dir='ltr'>n</span> 
     </span>
     <span class='ocr_line' id='line_1_8' title="bbox 176 714 1678 770; baseline 0.001 -13"><span class='ocrx_word' id='word_1_65' title='bbox 176 715 306 770; x_wconf 90' lang='lat' dir='ltr'>quod</span> <span class='ocrx_word' id='word_1_66' title='bbox 337 726 426 770; x_wconf 84' lang='lat' dir='ltr'>ego</span> <span class='ocrx_word' id='word_1_67' title='bbox 457 715 577 757; x_wconf 91' lang='lat' dir='ltr'>uolo</span> <span class='ocrx_word' id='word_1_68' title='bbox 609 714 694 757; x_wconf 91' lang='lat' dir='ltr'>sed</span> <span class='ocrx_word' id='word_1_69' title='bbox 724 714 854 768; x_wconf 88' lang='lat' dir='ltr'>quod</span> <span class='ocrx_word' id='word_1_70' title='bbox 885 715 938 757; x_wconf 88' lang='lat' dir='ltr'>tu</span> <span class='ocrx_word' id='word_1_71' title='bbox 970 715 1061 757; x_wconf 91' lang='lat' dir='ltr'>uis.</span> <span class='ocrx_word' id='word_1_72' title='bbox 1106 715 1146 757; x_wconf 91' lang='lat' dir='ltr'>et</span> <span class='ocrx_word' id='word_1_73' title='bbox 1181 714 1261 756; x_wconf 90' lang='lat' dir='ltr'>alio</span> <span class='ocrx_word' id='word_1_74' title='bbox 1294 714 1381 756; x_wconf 90' lang='lat' dir='ltr'>loco</span> <span class='ocrx_word' id='word_1_75' title='bbox 1416 715 1536 757; x_wconf 89' lang='lat' dir='ltr'>dicit:</span> <span class='ocrx_word' id='word_1_76' title='bbox 1583 728 1678 759; x_wconf 92' lang='lat' dir='ltr'>non</span> 
     </span>
     <span class='ocr_line' id='line_1_9' title="bbox 175 783 1677 836; baseline 0 -9"><span class='ocrx_word' id='word_1_77' title='bbox 175 783 413 828; x_wconf 85' lang='lat' dir='ltr'>descendi</span> <span class='ocrx_word' id='word_1_78' title='bbox 443 784 500 827; x_wconf 87' lang='lat' dir='ltr'>de</span> <span class='ocrx_word' id='word_1_79' title='bbox 531 784 694 836; x_wconf 85' lang='lat' dir='ltr'>caele,</span> <span class='ocrx_word' id='word_1_80' title='bbox 728 785 782 826; x_wconf 92' lang='lat' dir='ltr'>ut</span> <span class='ocrx_word' id='word_1_81' title='bbox 813 783 1002 827; x_wconf 84' lang='lat' dir='ltr'>faciam</span> <span class='ocrx_word' id='word_1_82' title='bbox 1033 783 1357 826; x_wconf 90' lang='lat' dir='ltr'>uoluntatem</span> <span class='ocrx_word' id='word_1_83' title='bbox 1378 797 1560 836; x_wconf 81' lang='lat' dir='ltr'>meam,</span> <span class='ocrx_word' id='word_1_84' title='bbox 1592 785 1677 827; x_wconf 90' lang='lat' dir='ltr'>sed</span> 
     </span>
     <span class='ocr_line' id='line_1_10' title="bbox 175 852 1678 906; baseline -0.001 -10"><span class='ocrx_word' id='word_1_85' title='bbox 175 854 448 897; x_wconf 85' lang='lat' dir='ltr'>uoluntate</span> <span class='ocrx_word' id='word_1_86' title='bbox 461 866 503 895; x_wconf 92' lang='lat' dir='ltr'>m</span> <span class='ocrx_word' id='word_1_87' title='bbox 535 866 555 896; x_wconf 90' lang='lat' dir='ltr'>e</span> <span class='ocrx_word' id='word_1_88' title='bbox 568 853 645 895; x_wconf 92' lang='lat' dir='ltr'>ius</span> <span class='ocrx_word' id='word_1_89' title='bbox 677 852 767 906; x_wconf 91' lang='lat' dir='ltr'>qui</span> <span class='ocrx_word' id='word_1_90' title='bbox 798 852 863 894; x_wconf 92' lang='lat' dir='ltr'>mi</span> <span class='ocrx_word' id='word_1_91' title='bbox 876 852 945 895; x_wconf 89' lang='lat' dir='ltr'>sit</span> <span class='ocrx_word' id='word_1_92' title='bbox 982 865 1068 895; x_wconf 89' lang='lat' dir='ltr'>me.</span> <span class='ocrx_word' id='word_1_93' title='bbox 1115 852 1261 906; x_wconf 89' lang='lat' dir='ltr'>quodsi</span> <span class='ocrx_word' id='word_1_94' title='bbox 1305 852 1417 895; x_wconf 89' lang='lat' dir='ltr'>filius</span> <span class='ocrx_word' id='word_1_95' title='bbox 1462 853 1678 895; x_wconf 86' lang='lat' dir='ltr'>obaudiuit</span> 
     </span>
     <span class='ocr_line' id='line_1_11' title="bbox 174 922 1677 977; baseline -0.001 -11"><span class='ocrx_word' id='word_1_96' title='bbox 174 924 222 966; x_wconf 90' lang='lat' dir='ltr'>ut</span> <span class='ocrx_word' id='word_1_97' title='bbox 242 923 392 965; x_wconf 86' lang='lat' dir='ltr'>faceret</span> <span class='ocrx_word' id='word_1_98' title='bbox 412 922 541 977; x_wconf 89' lang='lat' dir='ltr'>patris</span> <span class='ocrx_word' id='word_1_99' title='bbox 563 922 832 974; x_wconf 87' lang='lat' dir='ltr'>uoluntatem,</span> <span class='ocrx_word' id='word_1_100' title='bbox 854 923 1006 976; x_wconf 87' lang='lat' dir='ltr'>quanto</span> <span class='ocrx_word' id='word_1_101' title='bbox 1027 922 1161 977; x_wconf 89' lang='lat' dir='ltr'>magis</span> <span class='ocrx_word' id='word_1_102' title='bbox 1183 934 1325 965; x_wconf 87' lang='lat' dir='ltr'>seruus</span> <span class='ocrx_word' id='word_1_103' title='bbox 1346 922 1540 965; x_wconf 88' lang='lat' dir='ltr'>obaudire</span> <span class='ocrx_word' id='word_1_104' title='bbox 1556 922 1677 965; x_wconf 86' lang='lat' dir='ltr'>debet</span> 
     </span>
     <span class='ocr_line' id='line_1_12' title="bbox 130 991 1677 1050; baseline -0.001 -15"><span class='ocrx_word' id='word_1_105' title='bbox 130 1003 163 1029; x_wconf 81' lang='grc' dir='ltr'>ιο</span> <span class='ocrx_word' id='word_1_106' title='bbox 175 994 222 1035; x_wconf 92' lang='lat' dir='ltr'>ut</span> <span class='ocrx_word' id='word_1_107' title='bbox 242 992 367 1035; x_wconf 86' lang='lat' dir='ltr'>faciat</span> <span class='ocrx_word' id='word_1_108' title='bbox 387 991 542 1033; x_wconf 88' lang='lat' dir='ltr'>domini</span> <span class='ocrx_word' id='word_1_109' title='bbox 563 991 842 1050; x_wconf 82' lang='lat' dir='ltr'>uoluntatem,</span> <span class='ocrx_word' id='word_1_110' title='bbox 872 991 980 1034; x_wconf 89' lang='lat' dir='ltr'>sicut</span> <span class='ocrx_word' id='word_1_111' title='bbox 1000 991 1043 1033; x_wconf 92' lang='lat' dir='ltr'>in</span> <span class='ocrx_word' id='word_1_112' title='bbox 1064 991 1241 1046; x_wconf 73' lang='lat' dir='ltr'>epistula</span> <span class='ocrx_word' id='word_1_113' title='bbox 1261 1004 1335 1033; x_wconf 90' lang='lat' dir='ltr'>sua</span> <span class='ocrx_word' id='word_1_114' title='bbox 1355 991 1555 1034; x_wconf 90' lang='lat' dir='ltr'>Iohannes</span> <span class='ocrx_word' id='word_1_115' title='bbox 1577 1004 1677 1046; x_wconf 92' lang='lat' dir='ltr'>quo-</span> 
     </span>
     <span class='ocr_line' id='line_1_13' title="bbox 175 1060 1678 1116; baseline -0.001 -12"><span class='ocrx_word' id='word_1_116' title='bbox 175 1075 252 1116; x_wconf 89' lang='lat' dir='ltr'>que</span> <span class='ocrx_word' id='word_1_117' title='bbox 288 1062 340 1104; x_wconf 86' lang='lat' dir='ltr'>ad</span> <span class='ocrx_word' id='word_1_118' title='bbox 376 1061 605 1103; x_wconf 84' lang='lat' dir='ltr'>faciendam</span> <span class='ocrx_word' id='word_1_119' title='bbox 640 1061 900 1103; x_wconf 86' lang='lat' dir='ltr'>uoluntatem</span> <span class='ocrx_word' id='word_1_120' title='bbox 935 1060 1013 1103; x_wconf 92' lang='lat' dir='ltr'>Dei</span> <span class='ocrx_word' id='word_1_121' title='bbox 1047 1060 1236 1103; x_wconf 73' lang='lat' dir='ltr'>hortatur</span> <span class='ocrx_word' id='word_1_122' title='bbox 1263 1061 1304 1103; x_wconf 88' lang='lat' dir='ltr'>et</span> <span class='ocrx_word' id='word_1_123' title='bbox 1325 1060 1497 1104; x_wconf 88' lang='lat' dir='ltr'>instruit</span> <span class='ocrx_word' id='word_1_124' title='bbox 1518 1060 1654 1103; x_wconf 89' lang='lat' dir='ltr'>dicens</span> <span class='ocrx_word' id='word_1_125' title='bbox 1668 1076 1678 1103; x_wconf 91' lang='lat'>:</span> 
     </span>
     <span class='ocr_line' id='line_1_14' title="bbox 174 1129 1679 1185; baseline -0.001 -12"><span class='ocrx_word' id='word_1_126' title='bbox 174 1130 338 1173; x_wconf 89' lang='lat' dir='ltr'>nolite</span> <span class='ocrx_word' id='word_1_127' title='bbox 368 1130 596 1185; x_wconf 87' lang='lat' dir='ltr'>diligere</span> <span class='ocrx_word' id='word_1_128' title='bbox 627 1129 870 1173; x_wconf 91' lang='lat' dir='ltr'>mundum</span> <span class='ocrx_word' id='word_1_129' title='bbox 916 1143 1079 1184; x_wconf 87' lang='lat' dir='ltr'>neque</span> <span class='ocrx_word' id='word_1_130' title='bbox 1124 1142 1182 1173; x_wconf 88' lang='lat' dir='ltr'>ea</span> <span class='ocrx_word' id='word_1_131' title='bbox 1228 1143 1253 1184; x_wconf 94' lang='lat' dir='ltr'><strong>q</strong></span> <span class='ocrx_word' id='word_1_132' title='bbox 1267 1142 1358 1172; x_wconf 89' lang='lat' dir='ltr'>uae</span> <span class='ocrx_word' id='word_1_133' title='bbox 1403 1130 1453 1171; x_wconf 93' lang='lat' dir='ltr'>in</span> <span class='ocrx_word' id='word_1_134' title='bbox 1498 1130 1679 1172; x_wconf 90' lang='lat' dir='ltr'>mundo</span> 
     </span>
     <span class='ocr_line' id='line_1_15' title="bbox 174 1199 1681 1254; baseline 0.001 -13"><span class='ocrx_word' id='word_1_135' title='bbox 174 1200 307 1241; x_wconf 88' lang='lat' dir='ltr'>sunt.</span> <span class='ocrx_word' id='word_1_136' title='bbox 353 1199 395 1241; x_wconf 89' lang='lat' dir='ltr'>si</span> <span class='ocrx_word' id='word_1_137' title='bbox 427 1199 513 1253; x_wconf 89' lang='lat' dir='ltr'>qui</span> <span class='ocrx_word' id='word_1_138' title='bbox 545 1199 794 1242; x_wconf 86' lang='lat' dir='ltr'>dilexerit</span> <span class='ocrx_word' id='word_1_139' title='bbox 823 1199 1089 1251; x_wconf 82' lang='lat' dir='ltr'>mundum,</span> <span class='ocrx_word' id='word_1_140' title='bbox 1136 1211 1229 1241; x_wconf 93' lang='lat' dir='ltr'>non</span> <span class='ocrx_word' id='word_1_141' title='bbox 1260 1199 1337 1241; x_wconf 86' lang='lat' dir='ltr'>est</span> <span class='ocrx_word' id='word_1_142' title='bbox 1367 1199 1475 1241; x_wconf 86' lang='lat' dir='ltr'>cari</span> <span class='ocrx_word' id='word_1_143' title='bbox 1490 1200 1570 1242; x_wconf 88' lang='lat' dir='ltr'>tas</span> <span class='ocrx_word' id='word_1_144' title='bbox 1601 1212 1681 1254; x_wconf 89' lang='lat' dir='ltr'>pa-</span> 
     </span>
     <span class='ocr_line' id='line_1_16' title="bbox 173 1268 1682 1323; baseline 0 -12"><span class='ocrx_word' id='word_1_145' title='bbox 173 1269 272 1311; x_wconf 86' lang='lat' dir='ltr'>tris</span> <span class='ocrx_word' id='word_1_146' title='bbox 303 1268 352 1310; x_wconf 95' lang='lat' dir='ltr'>in</span> <span class='ocrx_word' id='word_1_147' title='bbox 381 1268 496 1319; x_wconf 86' lang='lat' dir='ltr'>illo,</span> <span class='ocrx_word' id='word_1_148' title='bbox 542 1268 660 1321; x_wconf 89' lang='lat' dir='ltr'>quia</span> <span class='ocrx_word' id='word_1_149' title='bbox 698 1280 838 1311; x_wconf 93' lang='lat' dir='ltr'>omne</span> <span class='ocrx_word' id='word_1_150' title='bbox 879 1268 1009 1322; x_wconf 90' lang='lat' dir='ltr'>quod</span> <span class='ocrx_word' id='word_1_151' title='bbox 1040 1268 1089 1310; x_wconf 93' lang='lat' dir='ltr'>in</span> <span class='ocrx_word' id='word_1_152' title='bbox 1121 1268 1302 1311; x_wconf 90' lang='lat' dir='ltr'>mundo</span> <span class='ocrx_word' id='word_1_153' title='bbox 1333 1270 1412 1311; x_wconf 90' lang='lat' dir='ltr'>est</span> <span class='ocrx_word' id='word_1_154' title='bbox 1442 1270 1682 1323; x_wconf 89' lang='lat' dir='ltr'>concupi-</span> 
     </span>
     <span class='ocr_line' id='line_1_17' title="bbox 129 1336 1681 1391; baseline 0 -11"><span class='ocrx_word' id='word_1_155' title='bbox 129 1348 161 1374; x_wconf 84' lang='lat'>1⁵</span> <span class='ocrx_word' id='word_1_156' title='bbox 174 1337 374 1380; x_wconf 89' lang='lat' dir='ltr'>scentia</span> <span class='ocrx_word' id='word_1_157' title='bbox 395 1336 564 1379; x_wconf 89' lang='lat' dir='ltr'>carnis</span> <span class='ocrx_word' id='word_1_158' title='bbox 586 1338 663 1379; x_wconf 86' lang='lat' dir='ltr'>est</span> <span class='ocrx_word' id='word_1_159' title='bbox 683 1338 731 1380; x_wconf 85' lang='lat' dir='ltr'>et</span> <span class='ocrx_word' id='word_1_160' title='bbox 753 1337 1182 1391; x_wconf 86' lang='lat' dir='ltr'>concupiscentia</span> <span class='ocrx_word' id='word_1_161' title='bbox 1204 1337 1469 1380; x_wconf 85' lang='lat' dir='ltr'>oculorum</span> <span class='ocrx_word' id='word_1_162' title='bbox 1500 1338 1553 1380; x_wconf 85' lang='lat' dir='ltr'>et</span> <span class='ocrx_word' id='word_1_163' title='bbox 1583 1350 1681 1380; x_wconf 91' lang='lat' dir='ltr'>am-</span> 
     </span>
     <span class='ocr_line' id='line_1_18' title="bbox 173 1406 1681 1462; baseline 0.001 -14"><span class='ocrx_word' id='word_1_164' title='bbox 173 1406 305 1448; x_wconf 90' lang='lat' dir='ltr'>bitio</span> <span class='ocrx_word' id='word_1_165' title='bbox 336 1406 531 1449; x_wconf 86' lang='lat' dir='ltr'>saeculi</span> <span class='ocrx_word' id='word_1_166' title='bbox 570 1419 700 1460; x_wconf 89' lang='lat' dir='ltr'>quae</span> <span class='ocrx_word' id='word_1_167' title='bbox 738 1418 831 1449; x_wconf 93' lang='lat' dir='ltr'>non</span> <span class='ocrx_word' id='word_1_168' title='bbox 861 1407 938 1449; x_wconf 81' lang='lat' dir='ltr'>est</span> <span class='ocrx_word' id='word_1_169' title='bbox 979 1420 1002 1450; x_wconf 89' lang='lat' dir='ltr'>a</span> <span class='ocrx_word' id='word_1_170' title='bbox 1040 1408 1190 1462; x_wconf 87' lang='lat' dir='ltr'>patre</span> <span class='ocrx_word' id='word_1_171' title='bbox 1221 1407 1308 1450; x_wconf 88' lang='lat' dir='ltr'>sed</span> <span class='ocrx_word' id='word_1_172' title='bbox 1346 1420 1401 1449; x_wconf 84' lang='lat' dir='ltr'>ex</span> <span class='ocrx_word' id='word_1_173' title='bbox 1440 1408 1681 1462; x_wconf 86' lang='lat' dir='ltr'>concupi-</span> 
     </span>
     <span class='ocr_line' id='line_1_19' title="bbox 173 1476 1680 1531; baseline 0.001 -14"><span class='ocrx_word' id='word_1_174' title='bbox 173 1477 373 1519; x_wconf 85' lang='lat' dir='ltr'>scentia</span> <span class='ocrx_word' id='word_1_175' title='bbox 403 1476 591 1519; x_wconf 89' lang='lat' dir='ltr'>mundi.</span> <span class='ocrx_word' id='word_1_176' title='bbox 626 1477 674 1519; x_wconf 87' lang='lat' dir='ltr'>et</span> <span class='ocrx_word' id='word_1_177' title='bbox 703 1477 924 1519; x_wconf 90' lang='lat' dir='ltr'>mundus</span> <span class='ocrx_word' id='word_1_178' title='bbox 956 1476 1208 1519; x_wconf 88' lang='lat' dir='ltr'>transibit</span> <span class='ocrx_word' id='word_1_179' title='bbox 1239 1478 1288 1518; x_wconf 90' lang='lat' dir='ltr'>et</span> <span class='ocrx_word' id='word_1_180' title='bbox 1319 1477 1680 1531; x_wconf 85' lang='lat' dir='ltr'>concupiscen-</span> 
     </span>
     <span class='ocr_line' id='line_1_20' title="bbox 173 1546 1680 1600; baseline -0.001 -11"><span class='ocrx_word' id='word_1_181' title='bbox 173 1547 246 1590; x_wconf 88' lang='lat' dir='ltr'>tia</span> <span class='ocrx_word' id='word_1_182' title='bbox 276 1546 407 1589; x_wconf 88' lang='lat' dir='ltr'>eius:</span> <span class='ocrx_word' id='word_1_183' title='bbox 453 1546 538 1600; x_wconf 91' lang='lat' dir='ltr'>qui</span> <span class='ocrx_word' id='word_1_184' title='bbox 583 1548 754 1589; x_wconf 87' lang='lat' dir='ltr'>autem</span> <span class='ocrx_word' id='word_1_185' title='bbox 798 1546 843 1589; x_wconf 88' lang='lat' dir='ltr'>fe</span> <span class='ocrx_word' id='word_1_186' title='bbox 858 1546 991 1589; x_wconf 87' lang='lat' dir='ltr'>cerit</span> <span class='ocrx_word' id='word_1_187' title='bbox 1021 1547 1114 1589; x_wconf 87' lang='lat' dir='ltr'>Dei</span> <span class='ocrx_word' id='word_1_188' title='bbox 1145 1546 1469 1589; x_wconf 89' lang='lat' dir='ltr'>uoluntatem</span> <span class='ocrx_word' id='word_1_189' title='bbox 1512 1546 1680 1588; x_wconf 90' lang='lat' dir='ltr'>manet</span> 
     </span>
     <span class='ocr_line' id='line_1_21' title="bbox 173 1615 1678 1669; baseline -0.001 -11"><span class='ocrx_word' id='word_1_190' title='bbox 173 1616 224 1659; x_wconf 94' lang='lat' dir='ltr'>in</span> <span class='ocrx_word' id='word_1_191' title='bbox 254 1617 545 1667; x_wconf 83' lang='lat' dir='ltr'>aeternum,</span> <span class='ocrx_word' id='word_1_192' title='bbox 592 1615 842 1669; x_wconf 87' lang='lat' dir='ltr'>quomodo</span> <span class='ocrx_word' id='word_1_193' title='bbox 874 1617 922 1658; x_wconf 87' lang='lat' dir='ltr'>et</span> <span class='ocrx_word' id='word_1_194' title='bbox 951 1616 1085 1658; x_wconf 85' lang='lat' dir='ltr'>Deus</span> <span class='ocrx_word' id='word_1_195' title='bbox 1115 1629 1155 1658; x_wconf 92' lang='lat' dir='ltr'>m</span> <span class='ocrx_word' id='word_1_196' title='bbox 1169 1616 1285 1658; x_wconf 87' lang='lat' dir='ltr'>anet</span> <span class='ocrx_word' id='word_1_197' title='bbox 1314 1615 1363 1657; x_wconf 94' lang='lat' dir='ltr'>in</span> <span class='ocrx_word' id='word_1_198' title='bbox 1394 1615 1678 1658; x_wconf 87' lang='lat' dir='ltr'>aeternum.</span> 
     </span>
     <span class='ocr_line' id='line_1_22' title="bbox 129 1684 1680 1740; baseline 0.001 -16"><span class='ocrx_word' id='word_1_199' title='bbox 129 1695 162 1724; x_wconf 80' lang='lat'>20</span> <span class='ocrx_word' id='word_1_200' title='bbox 174 1685 243 1740; x_wconf 89' lang='lat' dir='ltr'>qui</span> <span class='ocrx_word' id='word_1_201' title='bbox 274 1685 317 1727; x_wconf 91' lang='lat' dir='ltr'>in</span> <span class='ocrx_word' id='word_1_202' title='bbox 348 1685 559 1727; x_wconf 85' lang='lat' dir='ltr'>aeternum</span> <span class='ocrx_word' id='word_1_203' title='bbox 589 1697 752 1727; x_wconf 87' lang='lat' dir='ltr'>manere</span> <span class='ocrx_word' id='word_1_204' title='bbox 782 1684 975 1727; x_wconf 91' lang='lat' dir='ltr'>uolumus</span> <span class='ocrx_word' id='word_1_205' title='bbox 1003 1685 1081 1727; x_wconf 88' lang='lat' dir='ltr'>Dei</span> <span class='ocrx_word' id='word_1_206' title='bbox 1103 1684 1173 1739; x_wconf 89' lang='lat' dir='ltr'>qui</span> <span class='ocrx_word' id='word_1_207' title='bbox 1194 1685 1382 1727; x_wconf 87' lang='lat' dir='ltr'>aeternus</span> <span class='ocrx_word' id='word_1_208' title='bbox 1405 1684 1467 1726; x_wconf 87' lang='lat' dir='ltr'>est</span> <span class='ocrx_word' id='word_1_209' title='bbox 1487 1684 1680 1726; x_wconf 88' lang='lat' dir='ltr'>uolunta-</span> 
     </span>
     <span class='ocr_line' id='line_1_23' title="bbox 173 1753 640 1796; baseline -0.002 0"><span class='ocrx_word' id='word_1_210' title='bbox 173 1755 258 1796; x_wconf 83' lang='lat' dir='ltr'>tem</span> <span class='ocrx_word' id='word_1_211' title='bbox 279 1753 412 1796; x_wconf 89' lang='lat' dir='ltr'>facere</span> <span class='ocrx_word' id='word_1_212' title='bbox 434 1754 640 1796; x_wconf 90' lang='lat' dir='ltr'>debemus.</span> 
     </span>
    </p>

    <p class='ocr_par' dir='ltr' id='par_1_4' title="bbox 175 1822 1681 2017">
     <span class='ocr_line' id='line_1_24' title="bbox 231 1822 1680 1877; baseline 0 -13"><span class='ocrx_word' id='word_1_213' title='bbox 231 1823 432 1866; x_wconf 87' lang='lat' dir='ltr'>Voluntas</span> <span class='ocrx_word' id='word_1_214' title='bbox 463 1823 603 1866; x_wconf 84' lang='lat' dir='ltr'>autem</span> <span class='ocrx_word' id='word_1_215' title='bbox 633 1823 711 1865; x_wconf 87' lang='lat' dir='ltr'>Dei</span> <span class='ocrx_word' id='word_1_216' title='bbox 742 1824 803 1866; x_wconf 82' lang='lat' dir='ltr'>est</span> <span class='ocrx_word' id='word_1_217' title='bbox 824 1836 947 1877; x_wconf 88' lang='lat' dir='ltr'>quam</span> <span class='ocrx_word' id='word_1_218' title='bbox 968 1822 1156 1866; x_wconf 88' lang='lat' dir='ltr'>Christus</span> <span class='ocrx_word' id='word_1_219' title='bbox 1177 1824 1218 1866; x_wconf 90' lang='lat' dir='ltr'>et</span> <span class='ocrx_word' id='word_1_220' title='bbox 1239 1823 1337 1866; x_wconf 90' lang='lat' dir='ltr'>fecit</span> <span class='ocrx_word' id='word_1_221' title='bbox 1357 1824 1398 1865; x_wconf 87' lang='lat' dir='ltr'>et</span> <span class='ocrx_word' id='word_1_222' title='bbox 1420 1822 1570 1866; x_wconf 89' lang='lat' dir='ltr'>docuit.</span> <span class='ocrx_word' id='word_1_223' title='bbox 1603 1823 1680 1865; x_wconf 88' lang='lat' dir='ltr'>hu-</span> 
     </span>
     <span class='ocr_line' id='line_1_25' title="bbox 175 1892 1679 1945; baseline 0.001 -12"><span class='ocrx_word' id='word_1_224' title='bbox 175 1892 332 1934; x_wconf 88' lang='lat' dir='ltr'>militas</span> <span class='ocrx_word' id='word_1_225' title='bbox 353 1892 396 1934; x_wconf 91' lang='lat' dir='ltr'>in</span> <span class='ocrx_word' id='word_1_226' title='bbox 417 1893 722 1936; x_wconf 87' lang='lat' dir='ltr'>conuersatione</span> <span class='ocrx_word' id='word_1_227' title='bbox 735 1926 744 1945; x_wconf 91' lang='lat'>‚</span> <span class='ocrx_word' id='word_1_228' title='bbox 777 1893 985 1936; x_wconf 88' lang='lat' dir='ltr'>stabilitas</span> <span class='ocrx_word' id='word_1_229' title='bbox 1006 1893 1049 1935; x_wconf 93' lang='lat' dir='ltr'>in</span> <span class='ocrx_word' id='word_1_230' title='bbox 1069 1893 1148 1936; x_wconf 90' lang='lat' dir='ltr'>fide</span> <span class='ocrx_word' id='word_1_231' title='bbox 1159 1927 1168 1945; x_wconf 86' lang='lat'>‚</span> <span class='ocrx_word' id='word_1_232' title='bbox 1201 1893 1446 1936; x_wconf 87' lang='lat' dir='ltr'>uerecundia</span> <span class='ocrx_word' id='word_1_233' title='bbox 1466 1893 1509 1935; x_wconf 90' lang='lat' dir='ltr'>in</span> <span class='ocrx_word' id='word_1_234' title='bbox 1530 1892 1679 1944; x_wconf 85' lang='lat' dir='ltr'>uerbis,</span> 
     </span>
     <span class='ocr_line' id='line_1_26' title="bbox 175 1961 1681 2017; baseline -0.001 -13"><span class='ocrx_word' id='word_1_235' title='bbox 175 1962 217 2004; x_wconf 91' lang='lat' dir='ltr'>in</span> <span class='ocrx_word' id='word_1_236' title='bbox 252 1961 376 2004; x_wconf 81' lang='lat' dir='ltr'>factis</span> <span class='ocrx_word' id='word_1_237' title='bbox 412 1962 574 2005; x_wconf 88' lang='lat' dir='ltr'>iustitia</span> <span class='ocrx_word' id='word_1_238' title='bbox 588 1995 597 2014; x_wconf 83' lang='lat'>‚</span> <span class='ocrx_word' id='word_1_239' title='bbox 630 1963 673 2005; x_wconf 91' lang='lat' dir='ltr'>in</span> <span class='ocrx_word' id='word_1_240' title='bbox 708 1962 899 2017; x_wconf 87' lang='lat' dir='ltr'>operibus</span> <span class='ocrx_word' id='word_1_241' title='bbox 934 1962 1215 2005; x_wconf 84' lang='lat' dir='ltr'>misericordia</span> <span class='ocrx_word' id='word_1_242' title='bbox 1228 1995 1237 2013; x_wconf 92' lang='lat'><strong>‚</strong></span> <span class='ocrx_word' id='word_1_243' title='bbox 1270 1962 1312 2004; x_wconf 89' lang='lat' dir='ltr'>in</span> <span class='ocrx_word' id='word_1_244' title='bbox 1342 1961 1525 2004; x_wconf 89' lang='lat' dir='ltr'>moribus</span> <span class='ocrx_word' id='word_1_245' title='bbox 1556 1961 1681 2003; x_wconf 88' lang='lat' dir='ltr'>disci-</span> 
     </span>
    </p>

    <p class='ocr_par' dir='ltr' id='par_1_5' title="bbox 132 2030 1683 2224">
     <span class='ocr_line' id='line_1_27' title="bbox 132 2030 1682 2085; baseline -0.002 -10"><span class='ocrx_word' id='word_1_246' title='bbox 132 2049 164 2077; x_wconf 68' lang='grc'>25</span> <span class='ocrx_word' id='word_1_247' title='bbox 175 2030 307 2084; x_wconf 77' lang='lat' dir='ltr'>plina,</span> <span class='ocrx_word' id='word_1_248' title='bbox 340 2031 536 2074; x_wconf 89' lang='lat' dir='ltr'>iniuriam</span> <span class='ocrx_word' id='word_1_249' title='bbox 568 2031 698 2074; x_wconf 85' lang='lat' dir='ltr'>facere</span> <span class='ocrx_word' id='word_1_250' title='bbox 728 2043 808 2074; x_wconf 90' lang='lat' dir='ltr'>non</span> <span class='ocrx_word' id='word_1_251' title='bbox 836 2044 954 2074; x_wconf 90' lang='lat' dir='ltr'>nosse</span> <span class='ocrx_word' id='word_1_252' title='bbox 976 2033 1017 2073; x_wconf 89' lang='lat' dir='ltr'>et</span> <span class='ocrx_word' id='word_1_253' title='bbox 1038 2031 1192 2074; x_wconf 85' lang='lat' dir='ltr'>factam</span> <span class='ocrx_word' id='word_1_254' title='bbox 1214 2043 1331 2085; x_wconf 87' lang='lat' dir='ltr'>posse</span> <span class='ocrx_word' id='word_1_255' title='bbox 1361 2031 1534 2073; x_wconf 86' lang='lat' dir='ltr'>tolerare</span> <span class='ocrx_word' id='word_1_256' title='bbox 1545 2063 1554 2081; x_wconf 92' lang='lat'>‚</span> <span class='ocrx_word' id='word_1_257' title='bbox 1588 2042 1682 2072; x_wconf 88' lang='lat' dir='ltr'>cum</span> 
     </span>
     <span class='ocr_line' id='line_1_28' title="bbox 177 2098 1683 2155; baseline 0 -14"><span class='ocrx_word' id='word_1_258' title='bbox 177 2098 374 2142; x_wconf 88' lang='lat' dir='ltr'>fratribus</span> <span class='ocrx_word' id='word_1_259' title='bbox 395 2113 535 2154; x_wconf 85' lang='lat' dir='ltr'>pacem</span> <span class='ocrx_word' id='word_1_260' title='bbox 558 2102 694 2143; x_wconf 87' lang='lat' dir='ltr'>tenere</span> <span class='ocrx_word' id='word_1_261' title='bbox 705 2134 714 2152; x_wconf 89' lang='lat'><strong>‚</strong></span> <span class='ocrx_word' id='word_1_262' title='bbox 746 2100 971 2143; x_wconf 90' lang='lat' dir='ltr'>Dominum</span> <span class='ocrx_word' id='word_1_263' title='bbox 1000 2101 1086 2142; x_wconf 86' lang='lat' dir='ltr'>toto</span> <span class='ocrx_word' id='word_1_264' title='bbox 1116 2099 1234 2142; x_wconf 85' lang='lat' dir='ltr'>corde</span> <span class='ocrx_word' id='word_1_265' title='bbox 1257 2099 1429 2155; x_wconf 86' lang='lat' dir='ltr'>diligere</span> <span class='ocrx_word' id='word_1_266' title='bbox 1441 2132 1450 2150; x_wconf 88' lang='lat'>‚</span> <span class='ocrx_word' id='word_1_267' title='bbox 1482 2111 1618 2141; x_wconf 83' lang='lat' dir='ltr'>amare</span> <span class='ocrx_word' id='word_1_268' title='bbox 1640 2098 1683 2141; x_wconf 91' lang='lat' dir='ltr'>in</span> 
     </span>
     <span class='ocr_line' id='line_1_29' title="bbox 176 2167 1682 2224; baseline 0 -15"><span class='ocrx_word' id='word_1_269' title='bbox 176 2167 249 2210; x_wconf 88' lang='lat' dir='ltr'>illo</span> <span class='ocrx_word' id='word_1_270' title='bbox 270 2169 376 2223; x_wconf 93' lang='lat' dir='ltr'>quod</span> <span class='ocrx_word' id='word_1_271' title='bbox 398 2171 515 2224; x_wconf 86' lang='lat' dir='ltr'>pater</span> <span class='ocrx_word' id='word_1_272' title='bbox 535 2170 617 2221; x_wconf 82' lang='lat' dir='ltr'>est,</span> <span class='ocrx_word' id='word_1_273' title='bbox 650 2170 796 2212; x_wconf 87' lang='lat' dir='ltr'>timere</span> <span class='ocrx_word' id='word_1_274' title='bbox 818 2170 926 2224; x_wconf 88' lang='lat' dir='ltr'>quod</span> <span class='ocrx_word' id='word_1_275' title='bbox 946 2170 1056 2212; x_wconf 90' lang='lat' dir='ltr'>Deus</span> <span class='ocrx_word' id='word_1_276' title='bbox 1079 2171 1142 2212; x_wconf 90' lang='lat' dir='ltr'>est</span> <span class='ocrx_word' id='word_1_277' title='bbox 1155 2202 1164 2221; x_wconf 88' lang='lat'><strong>‚</strong></span> <span class='ocrx_word' id='word_1_278' title='bbox 1197 2167 1359 2211; x_wconf 89' lang='lat' dir='ltr'>Christo</span> <span class='ocrx_word' id='word_1_279' title='bbox 1380 2168 1485 2210; x_wconf 89' lang='lat' dir='ltr'>nihil</span> <span class='ocrx_word' id='word_1_280' title='bbox 1515 2167 1682 2210; x_wconf 87' lang='lat' dir='ltr'>omnino</span> 
     </span>
    </p>
   </div>
   <div class='ocr_carea' id='block_1_4' title="bbox 311 2295 1344 2340">
    <p class='ocr_par' dir='ltr' id='par_1_6' title="bbox 311 2295 1344 2340">
     <span class='ocr_line' id='line_1_30' title="bbox 311 2295 1344 2340; baseline -0.001 -10"><span class='ocrx_word' id='word_1_281' title='bbox 311 2296 333 2330; x_wconf 91' lang='lat'><strong>3</strong></span> <span class='ocrx_word' id='word_1_282' title='bbox 358 2295 490 2331; x_wconf 88' lang='lat' dir='ltr'>Matth.</span> <span class='ocrx_word' id='word_1_283' title='bbox 508 2296 563 2338; x_wconf 85' lang='grc'>26,</span> <span class='ocrx_word' id='word_1_284' title='bbox 581 2296 635 2331; x_wconf 87' lang='grc'>39.</span> <span class='ocrx_word' id='word_1_285' title='bbox 709 2297 731 2332; x_wconf 87' lang='grc'><strong>6</strong></span> <span class='ocrx_word' id='word_1_286' title='bbox 755 2296 804 2332; x_wconf 94' lang='lat' dir='ltr'>Io.</span> <span class='ocrx_word' id='word_1_287' title='bbox 825 2296 856 2338; x_wconf 82' lang='lat'>6,</span> <span class='ocrx_word' id='word_1_288' title='bbox 875 2295 936 2333; x_wconf 85' lang='lat'>38.</span> <span class='ocrx_word' id='word_1_289' title='bbox 1009 2296 1053 2330; x_wconf 93' lang='grc'>12</span> <span class='ocrx_word' id='word_1_290' title='bbox 1077 2295 1095 2330; x_wconf 95' lang='lat' dir='ltr'>I</span> <span class='ocrx_word' id='word_1_291' title='bbox 1111 2295 1161 2332; x_wconf 87' lang='lat' dir='ltr'>Io.</span> <span class='ocrx_word' id='word_1_292' title='bbox 1179 2297 1211 2338; x_wconf 85' lang='grc'>2,</span> <span class='ocrx_word' id='word_1_293' title='bbox 1232 2296 1275 2331; x_wconf 84' lang='grc'>15</span> <span class='ocrx_word' id='word_1_294' title='bbox 1294 2306 1344 2340; x_wconf 87' lang='lat' dir='ltr'>sq.</span> 
     </span>
    </p>
   </div>
   <div class='ocr_carea' id='block_1_5' title="bbox 177 2409 1683 2801">
    <p class='ocr_par' dir='ltr' id='par_1_7' title="bbox 177 2409 1683 2801">
     <span class='ocr_line' id='line_1_31' title="bbox 246 2409 1683 2455; baseline -0.001 -10"><span class='ocrx_word' id='word_1_295' title='bbox 246 2411 264 2445; x_wconf 89' lang='lat'>1</span> <span class='ocrx_word' id='word_1_296' title='bbox 284 2410 357 2455; x_wconf 81' lang='lat' dir='ltr'>sed]</span> <span class='ocrx_word' id='word_1_297' title='bbox 373 2410 457 2446; x_wconf 86' lang='lat' dir='ltr'>deus</span> <span class='ocrx_word' id='word_1_298' title='bbox 471 2410 530 2446; x_wconf 84' lang='lat' dir='ltr'>sed</span> <span class='ocrx_word' id='word_1_299' title='bbox 547 2410 647 2447; x_wconf 77' lang='lat' dir='ltr'>Ssecz</span> <span class='ocrx_word' id='word_1_300' title='bbox 661 2410 745 2446; x_wconf 85' lang='lat' dir='ltr'>deus</span> <span class='ocrx_word' id='word_1_301' title='bbox 760 2421 839 2455; x_wconf 70' lang='lat' dir='ltr'>eaep.</span> <span class='ocrx_word' id='word_1_302' title='bbox 858 2413 936 2446; x_wconf 79' lang='lat' dir='ltr'>m.2</span> <span class='ocrx_word' id='word_1_303' title='bbox 997 2411 1020 2445; x_wconf 93' lang='grc'>2</span> <span class='ocrx_word' id='word_1_304' title='bbox 1038 2410 1201 2445; x_wconf 87' lang='lat' dir='ltr'>dominus</span> <span class='ocrx_word' id='word_1_305' title='bbox 1211 2409 1376 2451; x_wconf 84' lang='lat' dir='ltr'><em>SWGV‚</em></span> <span class='ocrx_word' id='word_1_306' title='bbox 1391 2409 1476 2444; x_wconf 76' lang='lat' dir='ltr'>deus</span> <span class='ocrx_word' id='word_1_307' title='bbox 1495 2419 1514 2444; x_wconf 89' lang='grc' dir='ltr'><strong><em>υ</em></strong></span> <span class='ocrx_word' id='word_1_308' title='bbox 1585 2409 1683 2443; x_wconf 89' lang='lat' dir='ltr'>infir-</span> 
     </span>
     <span class='ocr_line' id='line_1_32' title="bbox 177 2466 1683 2504; baseline -0.001 -3"><span class='ocrx_word' id='word_1_309' title='bbox 177 2467 303 2502; x_wconf 85' lang='lat' dir='ltr'>mitate</span> <span class='ocrx_word' id='word_1_310' title='bbox 322 2467 405 2504; x_wconf 81' lang='lat' dir='ltr'>SW</span> <span class='ocrx_word' id='word_1_311' title='bbox 473 2469 495 2503; x_wconf 92' lang='lat'><strong>3</strong></span> <span class='ocrx_word' id='word_1_312' title='bbox 520 2468 589 2503; x_wconf 86' lang='lat' dir='ltr'>iste</span> <span class='ocrx_word' id='word_1_313' title='bbox 608 2468 698 2503; x_wconf 79' lang='lat' dir='ltr'>calix</span> <span class='ocrx_word' id='word_1_314' title='bbox 716 2479 737 2503; x_wconf 85' lang='lat' dir='ltr'>a</span> <span class='ocrx_word' id='word_1_315' title='bbox 754 2479 810 2503; x_wconf 83' lang='lat' dir='ltr'>me</span> <span class='ocrx_word' id='word_1_316' title='bbox 834 2468 866 2504; x_wconf 99' lang='lat' dir='ltr'><em>G</em></span> <span class='ocrx_word' id='word_1_317' title='bbox 935 2469 958 2504; x_wconf 88' lang='lat'>4</span> <span class='ocrx_word' id='word_1_318' title='bbox 983 2470 1020 2503; x_wconf 84' lang='lat' dir='ltr'>et</span> <span class='ocrx_word' id='word_1_319' title='bbox 1037 2479 1102 2503; x_wconf 87' lang='lat' dir='ltr'>om.</span> <span class='ocrx_word' id='word_1_320' title='bbox 1121 2468 1150 2503; x_wconf 88' lang='lat' dir='ltr'><strong><em>S</em></strong></span> <span class='ocrx_word' id='word_1_321' title='bbox 1218 2467 1381 2502; x_wconf 85' lang='lat' dir='ltr'>tribuens</span> <span class='ocrx_word' id='word_1_322' title='bbox 1400 2467 1450 2502; x_wconf 87' lang='lat' dir='ltr'><em>W</em></span> <span class='ocrx_word' id='word_1_323' title='bbox 1456 2467 1511 2501; x_wconf 87' lang='lat' dir='ltr'>Gv</span> <span class='ocrx_word' id='word_1_324' title='bbox 1581 2467 1602 2501; x_wconf 85' lang='grc'>6</span> <span class='ocrx_word' id='word_1_325' title='bbox 1627 2466 1683 2500; x_wconf 88' lang='lat' dir='ltr'>uis</span> 
     </span>
     <span class='ocr_line' id='line_1_33' title="bbox 178 2523 1621 2569; baseline -0.001 -10"><span class='ocrx_word' id='word_1_326' title='bbox 178 2535 241 2560; x_wconf 87' lang='lat' dir='ltr'>om.</span> <span class='ocrx_word' id='word_1_327' title='bbox 261 2526 331 2562; x_wconf 62' lang='lat' dir='ltr'><strong><em>le</em></strong></span> <span class='ocrx_word' id='word_1_328' title='bbox 401 2525 490 2561; x_wconf 86' lang='lat' dir='ltr'>dicit</span> <span class='ocrx_word' id='word_1_329' title='bbox 506 2537 572 2561; x_wconf 87' lang='lat' dir='ltr'>om.</span> <span class='ocrx_word' id='word_1_330' title='bbox 594 2527 641 2561; x_wconf 92' lang='lat' dir='ltr'><em>W</em></span> <span class='ocrx_word' id='word_1_331' title='bbox 725 2528 747 2561; x_wconf 85' lang='grc'>8</span> <span class='ocrx_word' id='word_1_332' title='bbox 772 2538 827 2561; x_wconf 84' lang='lat' dir='ltr'>me</span> <span class='ocrx_word' id='word_1_333' title='bbox 845 2526 947 2561; x_wconf 84' lang='lat' dir='ltr'>misit</span> <span class='ocrx_word' id='word_1_334' title='bbox 966 2526 1054 2562; x_wconf 93' lang='lat' dir='ltr'>WG</span> <span class='ocrx_word' id='word_1_335' title='bbox 1147 2526 1169 2560; x_wconf 85' lang='grc'><strong>9</strong></span> <span class='ocrx_word' id='word_1_336' title='bbox 1195 2526 1418 2560; x_wconf 80' lang='lat' dir='ltr'>uoluntatem</span> <span class='ocrx_word' id='word_1_337' title='bbox 1436 2523 1550 2569; x_wconf 80' lang='lat' dir='ltr'>patris</span> <span class='ocrx_word' id='word_1_338' title='bbox 1571 2524 1621 2559; x_wconf 94' lang='lat' dir='ltr'><em>W</em></span> 
     </span>
     <span class='ocr_line' id='line_1_34' title="bbox 179 2582 1615 2629; baseline -0.001 -12"><span class='ocrx_word' id='word_1_339' title='bbox 179 2582 223 2617; x_wconf 90' lang='lat'>10</span> <span class='ocrx_word' id='word_1_340' title='bbox 235 2583 438 2620; x_wconf 82' lang='lat' dir='ltr'>iohannisS</span> <span class='ocrx_word' id='word_1_341' title='bbox 495 2585 536 2619; x_wconf 87' lang='lat'>11</span> <span class='ocrx_word' id='word_1_342' title='bbox 550 2584 607 2620; x_wconf 84' lang='lat' dir='ltr'>dei</span> <span class='ocrx_word' id='word_1_343' title='bbox 621 2585 843 2620; x_wconf 80' lang='lat' dir='ltr'>uoluntatem</span> <span class='ocrx_word' id='word_1_344' title='bbox 854 2585 898 2620; x_wconf 88' lang='lat' dir='ltr'><em>W</em></span> <span class='ocrx_word' id='word_1_345' title='bbox 901 2597 922 2620; x_wconf 85' lang='lat' dir='ltr'><em>v</em></span> <span class='ocrx_word' id='word_1_346' title='bbox 988 2585 1032 2619; x_wconf 89' lang='lat'>13</span> <span class='ocrx_word' id='word_1_347' title='bbox 1046 2584 1126 2629; x_wconf 88' lang='lat' dir='ltr'>quis</span> <span class='ocrx_word' id='word_1_348' title='bbox 1143 2583 1199 2620; x_wconf 85' lang='lat' dir='ltr'>Gv</span> <span class='ocrx_word' id='word_1_349' title='bbox 1258 2584 1402 2628; x_wconf 84' lang='lat' dir='ltr'>caritas]</span> <span class='ocrx_word' id='word_1_350' title='bbox 1414 2582 1615 2618; x_wconf 80' lang='lat' dir='ltr'>dilectioW</span> 
     </span>
     <span class='ocr_line' id='line_1_35' title="bbox 178 2640 1617 2687; baseline -0.001 -12"><span class='ocrx_word' id='word_1_351' title='bbox 178 2640 223 2675; x_wconf 88' lang='lat'>15</span> <span class='ocrx_word' id='word_1_352' title='bbox 246 2641 376 2675; x_wconf 84' lang='lat' dir='ltr'>carnis.</span> <span class='ocrx_word' id='word_1_353' title='bbox 394 2642 692 2687; x_wconf 85' lang='lat' dir='ltr'>.concupiscentia</span> <span class='ocrx_word' id='word_1_354' title='bbox 709 2654 772 2678; x_wconf 86' lang='lat' dir='ltr'>om.</span> <span class='ocrx_word' id='word_1_355' title='bbox 793 2642 823 2678; x_wconf 87' lang='lat' dir='ltr'><strong><em>S</em></strong></span> <span class='ocrx_word' id='word_1_356' title='bbox 907 2644 962 2677; x_wconf 83' lang='lat' dir='ltr'>est</span> <span class='ocrx_word' id='word_1_357' title='bbox 979 2653 1044 2678; x_wconf 86' lang='lat' dir='ltr'>om.</span> <span class='ocrx_word' id='word_1_358' title='bbox 1070 2642 1102 2677; x_wconf 93' lang='lat' dir='ltr'><em>G</em></span> <span class='ocrx_word' id='word_1_359' title='bbox 1189 2642 1231 2676; x_wconf 83' lang='lat'>17</span> <span class='ocrx_word' id='word_1_360' title='bbox 1257 2641 1394 2686; x_wconf 87' lang='lat' dir='ltr'>mundi]</span> <span class='ocrx_word' id='word_1_361' title='bbox 1414 2640 1544 2675; x_wconf 83' lang='lat' dir='ltr'>saeculi</span> <span class='ocrx_word' id='word_1_362' title='bbox 1568 2640 1617 2674; x_wconf 91' lang='lat' dir='ltr'><em>W</em></span> 
     </span>
     <span class='ocr_line' id='line_1_36' title="bbox 179 2697 1614 2736; baseline 0 -5"><span class='ocrx_word' id='word_1_363' title='bbox 179 2698 312 2732; x_wconf 83' lang='lat' dir='ltr'>transit</span> <span class='ocrx_word' id='word_1_364' title='bbox 335 2699 367 2733; x_wconf 94' lang='lat' dir='ltr'><em>G</em></span> <span class='ocrx_word' id='word_1_365' title='bbox 461 2700 504 2735; x_wconf 69' lang='lat'>18</span> <span class='ocrx_word' id='word_1_366' title='bbox 528 2700 753 2735; x_wconf 84' lang='lat' dir='ltr'>uoluntatem</span> <span class='ocrx_word' id='word_1_367' title='bbox 771 2700 828 2735; x_wconf 79' lang='lat' dir='ltr'>dei</span> <span class='ocrx_word' id='word_1_368' title='bbox 844 2702 894 2736; x_wconf 89' lang='lat' dir='ltr'><em>W</em></span> <span class='ocrx_word' id='word_1_369' title='bbox 899 2700 953 2736; x_wconf 83' lang='lat' dir='ltr'>Gv</span> <span class='ocrx_word' id='word_1_370' title='bbox 1047 2701 1091 2736; x_wconf 78' lang='lat'>19</span> <span class='ocrx_word' id='word_1_371' title='bbox 1116 2702 1152 2735; x_wconf 84' lang='lat' dir='ltr'>et</span> <span class='ocrx_word' id='word_1_372' title='bbox 1169 2710 1233 2735; x_wconf 84' lang='lat' dir='ltr'>om.</span> <span class='ocrx_word' id='word_1_373' title='bbox 1260 2699 1294 2734; x_wconf 88' lang='lat' dir='ltr'><em>G</em></span> <span class='ocrx_word' id='word_1_374' title='bbox 1387 2699 1433 2733; x_wconf 86' lang='grc'>20</span> <span class='ocrx_word' id='word_1_375' title='bbox 1456 2697 1540 2732; x_wconf 82' lang='lat' dir='ltr'>deus</span> <span class='ocrx_word' id='word_1_376' title='bbox 1565 2697 1614 2732; x_wconf 88' lang='lat' dir='ltr'>G¹</span> 
     </span>
     <span class='ocr_line' id='line_1_37' title="bbox 179 2754 1617 2801; baseline -0.001 -12"><span class='ocrx_word' id='word_1_377' title='bbox 179 2754 226 2789; x_wconf 89' lang='grc'>22</span> <span class='ocrx_word' id='word_1_378' title='bbox 243 2756 309 2801; x_wconf 83' lang='lat' dir='ltr'>est]</span> <span class='ocrx_word' id='word_1_379' title='bbox 328 2758 364 2791; x_wconf 80' lang='lat' dir='ltr'>et</span> <span class='ocrx_word' id='word_1_380' title='bbox 382 2756 431 2792; x_wconf 87' lang='lat' dir='ltr'><em>W</em></span> <span class='ocrx_word' id='word_1_381' title='bbox 489 2759 526 2792; x_wconf 85' lang='lat' dir='ltr'>et</span> <span class='ocrx_word' id='word_1_382' title='bbox 543 2768 606 2793; x_wconf 86' lang='lat' dir='ltr'>om.</span> <span class='ocrx_word' id='word_1_383' title='bbox 633 2758 666 2793; x_wconf 92' lang='lat' dir='ltr'><em>G</em></span> <span class='ocrx_word' id='word_1_384' title='bbox 730 2758 851 2793; x_wconf 87' lang='lat' dir='ltr'>docuit</span> <span class='ocrx_word' id='word_1_385' title='bbox 868 2759 905 2792; x_wconf 78' lang='lat' dir='ltr'>et</span> <span class='ocrx_word' id='word_1_386' title='bbox 922 2758 1007 2794; x_wconf 82' lang='lat' dir='ltr'>fecit</span> <span class='ocrx_word' id='word_1_387' title='bbox 1021 2759 1071 2794; x_wconf 88' lang='lat' dir='ltr'><strong><em>W</em></strong></span> <span class='ocrx_word' id='word_1_388' title='bbox 1140 2758 1185 2793; x_wconf 88' lang='grc'>24</span> <span class='ocrx_word' id='word_1_389' title='bbox 1202 2757 1239 2792; x_wconf 91' lang='lat' dir='ltr'>in</span> <span class='ocrx_word' id='word_1_390' title='bbox 1257 2757 1362 2792; x_wconf 79' lang='lat' dir='ltr'>factis</span> <span class='ocrx_word' id='word_1_391' title='bbox 1381 2756 1430 2791; x_wconf 86' lang='lat' dir='ltr'><em>W</em></span> <span class='ocrx_word' id='word_1_392' title='bbox 1444 2766 1470 2790; x_wconf 88' lang='lat' dir='ltr'>s.</span> <span class='ocrx_word' id='word_1_393' title='bbox 1490 2755 1511 2790; x_wconf 85' lang='lat' dir='ltr'>l.</span> <span class='ocrx_word' id='word_1_394' title='bbox 1531 2766 1575 2789; x_wconf 84' lang='lat' dir='ltr'>m.</span> <span class='ocrx_word' id='word_1_395' title='bbox 1594 2757 1617 2788; x_wconf 83' lang='lat'><strong><em>2</em></strong></span> 
     </span>
    </p>
   </div>
   <div class='ocr_carea' id='block_1_6' title="bbox 179 2811 1618 2907">
    <p class='ocr_par' dir='ltr' id='par_1_8' title="bbox 179 2811 1618 2907">
     <span class='ocr_line' id='line_1_38' title="bbox 179 2811 1618 2861; baseline 0 -15"><span class='ocrx_word' id='word_1_396' title='bbox 179 2811 224 2846; x_wconf 82' lang='lat'>25</span> <span class='ocrx_word' id='word_1_397' title='bbox 249 2813 360 2857; x_wconf 84' lang='lat' dir='ltr'>nosse]</span> <span class='ocrx_word' id='word_1_398' title='bbox 379 2823 478 2857; x_wconf 80' lang='lat' dir='ltr'>posse</span> <span class='ocrx_word' id='word_1_399' title='bbox 500 2815 550 2851; x_wconf 89' lang='lat' dir='ltr'><em>W</em></span> <span class='ocrx_word' id='word_1_400' title='bbox 656 2826 756 2861; x_wconf 80' lang='lat' dir='ltr'>posse</span> <span class='ocrx_word' id='word_1_401' title='bbox 774 2826 838 2851; x_wconf 82' lang='lat' dir='ltr'>om.</span> <span class='ocrx_word' id='word_1_402' title='bbox 864 2815 896 2851; x_wconf 93' lang='lat' dir='ltr'><em>G</em></span> <span class='ocrx_word' id='word_1_403' title='bbox 1004 2816 1049 2851; x_wconf 83' lang='grc'>26</span> <span class='ocrx_word' id='word_1_404' title='bbox 1074 2814 1255 2850; x_wconf 88' lang='lat' dir='ltr'>dominum</span> <span class='ocrx_word' id='word_1_405' title='bbox 1274 2813 1355 2854; x_wconf 82' lang='lat' dir='ltr'>SV,</span> <span class='ocrx_word' id='word_1_406' title='bbox 1382 2812 1484 2847; x_wconf 80' lang='lat' dir='ltr'>deum</span> <span class='ocrx_word' id='word_1_407' title='bbox 1507 2811 1618 2847; x_wconf 77' lang='lat' dir='ltr'>WGo</span> 
     </span>
     <span class='ocr_line' id='line_1_39' title="bbox 181 2869 554 2907; baseline 0.011 -4"><span class='ocrx_word' id='word_1_408' title='bbox 181 2869 223 2904; x_wconf 77' lang='lat'>27</span> <span class='ocrx_word' id='word_1_409' title='bbox 249 2870 388 2905; x_wconf 86' lang='lat' dir='ltr'>omnino</span> <span class='ocrx_word' id='word_1_410' title='bbox 406 2872 497 2906; x_wconf 87' lang='lat' dir='ltr'>nihil</span> <span class='ocrx_word' id='word_1_411' title='bbox 522 2873 554 2907; x_wconf 83' lang='lat' dir='ltr'><em>G</em></span> 
     </span>
    </p>
   </div>
   <div class='ocr_carea' id='block_1_7' title="bbox 1700 1825 1749 1866">
    <p class='ocr_par' dir='ltr' id='par_1_9' title="bbox 1700 1825 1749 1866">
     <span class='ocr_line' id='line_1_40' title="bbox 1700 1825 1749 1866; baseline 0 0"><span class='ocrx_word' id='word_1_412' title='bbox 1700 1825 1749 1866; x_wconf 80' lang='lat'>15</span> 
     </span>
    </p>
   </div>
  </div>
 </body>
</html>
