1838 3152
578 192 788 238 Epistula
814 191 1046 226 111-1111.
1072 202 1099 226 c.
1126 192 1155 226 2.
1525 193 1610 235 473

115 311 249 344 remus
280 297 379 352 quid
409 296 526 339 nobis
557 296 606 337 de
638 295 701 337 his
737 294 968 349 uirginibus
1000 294 1192 337 uideatur
1222 307 1325 348 quae
1356 307 1448 337 cum
1481 296 1608 337 semel

114 370 269 411 statum
290 378 411 407 suum
433 365 687 407 continenter
708 365 748 405 et
769 363 943 405 firmiter
971 364 1108 405 tenere
1130 362 1394 414 decreuerint‚
1427 363 1609 406 detectae

116 438 197 479 sint
224 436 363 489 postea
394 434 435 475 in
466 432 606 475 eodem
635 432 739 474 lecto
770 432 925 485 pariter
956 431 1155 473 mansisse
1187 442 1281 473 cum
1312 433 1530 478 masculis,
1563 446 1610 474 ex

112 491 258 559 quibus
279 516 408 545 unum
440 501 657 544 diaconum
679 513 765 543 esse
787 500 954 554 [dicis]:
986 499 1104 554 plane
1134 499 1295 543 easdem
1328 513 1430 554 quae
1452 514 1494 543 se
1515 515 1609 543 cum

83 589 99 614 s
114 573 213 616 uiris
234 572 431 614 dormisse
447 570 653 613 confessae
670 570 753 612 sint
775 570 1016 612 adseuerate
1037 570 1217 624 integras
1239 582 1338 612 esse.
1362 570 1469 612 circa
1486 583 1609 623 quam

112 655 197 685 rem
228 640 419 694 quoniam
456 639 673 682 consilium
695 639 882 681 nostrum
904 638 1160 689 desiderasti,
1192 638 1298 680 scias
1318 650 1390 680 nos
1412 638 1463 680 ab
1484 651 1610 680 euan-

117 709 260 766 gelicis
280 710 321 751 et
351 708 587 762 apostolicis
616 707 913 750 traditionibus
944 720 1023 750 non
1045 707 1230 749 recedere
1250 720 1329 761 quo
1359 707 1496 749 minus
1526 707 1609 749 fra-

109 778 241 822 tribus
262 779 303 821 et
323 777 529 820 sororibus
550 777 701 819 nostris
722 777 956 819 constanter
976 777 1017 818 et
1038 775 1203 818 fortiter
1223 776 1458 818 consulat-ur
1479 778 1518 818 et
1540 788 1611 829 per

109 859 247 890 omnes
269 846 466 889 utilitatis
495 847 537 888 et
566 846 713 888 salutis
742 845 831 887 uias
862 845 1139 887 ecclesiastica
1169 845 1387 898 disciplina
1411 847 1609 894 seruetur,

67 928 203 958 iocum
231 915 432 957 Dominus
468 915 661 968 loquatur
688 916 731 956 et
761 914 891 956 dicat:
931 916 980 956 et
1018 914 1146 956 dabo
1186 914 1333 956 uobis
1372 915 1609 969 pastores

110 984 389 1027 secundum
420 996 505 1026 cor
535 996 721 1033 meum,
755 984 804 1026 et
834 985 1045 1037 pascent
1077 996 1163 1026 uos
1194 985 1468 1036 pascentes
1501 996 1609 1025 cum

113 1052 413 1107 disciplina.
438 1054 478 1095 et
494 1053 645 1095 iterum
662 1053 958 1107 scriptumest:
981 1052 1316 1106 disciplinam
1337 1053 1422 1107 qui
1444 1052 1610 1095 abicit

108 1120 306 1165 infelix
337 1122 435 1173 est,
468 1123 510 1164 et
531 1121 574 1163 in
594 1122 766 1176 psalmis
788 1133 946 1176 quoque
967 1122 1138 1175 spiritus
1167 1123 1333 1164 sanctus
1354 1122 1523 1164 instruit
1545 1122 1610 1164 di-

107 1203 220 1235 cens:
252 1191 514 1233 continete
545 1191 908 1245 disciplinam,
947 1203 1005 1233 ne
1036 1190 1174 1233 forte
1213 1191 1487 1234 irascatur
1518 1191 1610 1233 Do-

66 1260 302 1311 uminus‚
335 1260 384 1302 et
414 1259 640 1313 pereatis
671 1273 693 1302 a
732 1260 815 1302 uia
846 1261 1013 1312 recta,
1053 1273 1168 1302 cum
1206 1261 1461 1303 exarserit
1500 1261 1610 1303 cito

110 1329 186 1372 ira
216 1329 325 1371 eius
357 1341 512 1383 super
542 1341 642 1371 uos.

164 1397 305 1440 Primo
327 1397 458 1453 igitur
487 1398 529 1439 in
560 1398 660 1448 loco,
694 1398 822 1439 frater
842 1397 1068 1448 carissime,
1101 1399 1142 1440 et
1172 1398 1416 1452 praepositis
1438 1400 1479 1441 et
1499 1398 1649 1452 plebi2

109 1466 214 1509 nihil
243 1466 358 1509 aliud
386 1466 678 1509 elaborandum
710 1467 771 1508 est
799 1479 922 1520 quam
952 1468 999 1509 ut
1028 1467 1098 1520 qui
1126 1467 1259 1509 Deum
1288 1468 1484 1509 timemus
1516 1480 1610 1510 cum

109 1535 219 1578 omni
241 1536 523 1578 obseruatione
545 1535 784 1590 disciplinae
805 1536 947 1578 diuina
967 1537 1182 1590 praecepta
1211 1537 1423 1578 teneamus
1444 1548 1516 1578 nec
1538 1548 1611 1589 pa-

67 1604 265 1647 ,otiamur
285 1617 419 1647 errare
439 1603 587 1647 fratres
608 1606 768 1647 nostros
790 1606 831 1647 et
851 1617 923 1658 pro
944 1605 1116 1647 arbitrio
1139 1607 1180 1647 et
1201 1607 1322 1648 ructu
1353 1617 1424 1647 suo
1456 1605 1609 1655 uiuere,

112 1673 181 1716 sed
202 1674 254 1716 ad
283 1673 415 1716 uitam
437 1673 613 1729 singulis
635 1674 812 1715 fideliter
840 1674 1070 1725 consulere,
1102 1687 1175 1717 nec
1195 1675 1282 1729 pati
1312 1675 1496 1730 uirgines
1518 1686 1610 1716 cum

110 1742 304 1786 masculis
325 1742 524 1796 habitare,
558 1754 637 1784 non
660 1743 750 1785 dico
771 1743 898 1785 simul
919 1743 1095 1786 dormire
1126 1743 1195 1785 sed
1217 1756 1289 1786 nec
1311 1743 1436 1786 simul
1458 1744 1610 1794 uiuere,

249 1880 292 1915 10
316 1879 411 1914 Hier.
430 1880 463 1920 3,
484 1879 536 1913 15.
634 1880 676 1914 12
701 1880 780 1924 Sap.
799 1880 832 1921 3,
851 1881 903 1915 11.
999 1880 1042 1914 14
1067 1880 1122 1915 Ps.
1142 1880 1173 1921 2,
1195 1880 1247 1914 12.

179 1994 198 2027 1
225 1993 294 2038 his]
315 1993 360 2027 iis
373 2005 394 2028 v
487 1994 579 2038 cum]
607 2005 641 2028 30
660 1994 694 2029 R
763 1993 870 2028 semel
887 2004 953 2029 om.
978 1994 1011 2028 V
1093 1992 1115 2027 2
1140 1994 1275 2027 statum
1293 2004 1319 2027 s.
1339 2004 1366 2028 0.
1386 1994 1433 2038 et]
1461 1993 1496 2027 in
1515 1993 1614 2027 statu

112 2060 174 2085 suo
202 2061 277 2085 esse
302 2052 338 2085 et
362 2051 618 2086 continentiam
643 2052 703 2092 Vv,
730 2051 930 2086 instituisse
955 2054 991 2086 et
1015 2051 1274 2086 continentiam
1301 2050 1336 2086 R
1430 2051 1613 2085 continen-

113 2109 166 2143 tes
189 2108 239 2143 W
313 2108 543 2143 decreuerunt
560 2109 598 2149 R
674 2109 696 2143 3
713 2111 796 2143 sunt
814 2109 849 2144 R
935 2109 1055 2144 eadem
1080 2108 1110 2154 Q
1193 2111 1215 2144 4
1241 2109 1330 2144 dicis
1346 2120 1421 2144 esse
1439 2108 1529 2143 LW

113 2177 149 2201 se
166 2177 244 2201 cum
263 2177 328 2201 om.
351 2167 402 2202 W
461 2167 482 2201 5
500 2171 582 2202 sunt
599 2167 635 2202 R
699 2167 857 2212 integras
875 2178 910 2202 se
929 2167 975 2208 R,
1005 2178 1040 2201 se
1058 2167 1217 2212 integras
1239 2167 1291 2212 Qz·
1353 2169 1374 2202 6
1392 2168 1504 2202 sciens
1522 2168 1556 2203 R

113 2223 133 2258 7
157 2223 382 2269 quominibus
401 2223 451 2258 12¹
530 2225 552 2259 8
577 2225 721 2269 nostris]
740 2235 808 2259 non
827 2225 863 2260 R
941 2227 977 2259 ct
1001 2224 1142 2259 fortiter
1159 2236 1224 2260 om.
1249 2226 1299 2261 W
1375 2225 1615 2260 consuleretur

113 2280 192 2326 LQ,
219 2280 477 2316 consolaremur
502 2281 546 2322 B,
573 2281 791 2317 consolamus
818 2283 867 2318 W
943 2284 979 2317 ct
1004 2293 1068 2317 om.
1097 2282 1225 2318 BLW
1309 2283 1331 2317 9
1354 2283 1469 2317 01111113
1500 2284 1550 2318 W

115 2338 292 2373 utilitates
312 2339 346 2373 B
423 2340 460 2373 ct
477 2338 605 2373 salutis
622 2350 687 2374 om.
707 2339 742 2375 R
819 2339 897 2374 uias
915 2351 979 2374 om.
1003 2339 1074 2385 BQ
1083 2340 1132 2375 W
1206 2340 1469 2375 aeclesiasticae
1495 2341 1545 2376 W

113 2394 321 2441 disciplinae
348 2396 439 2432 BW
521 2398 680 2431 seruetur
704 2407 770 2432 om.
796 2397 888 2433 BW
980 2398 1023 2432 12
1049 2397 1222 2441 scriptum
1246 2397 1313 2442 est]
1339 2408 1418 2432 011111
1444 2398 1614 2442 scriptum

116 2452 163 2487 sit
185 2453 215 2499 Q
309 2453 351 2488 13
375 2453 510 2498 psalmo
533 2453 563 2500 Q
640 2454 794 2489 instruet
811 2454 855 2496 B,
882 2454 1047 2489 admonet
1066 2457 1103 2489 ct
1128 2454 1277 2489 instruit
1295 2454 1340 2495 R,
1366 2455 1553 2490 admoneat
1579 2458 1614 2490 et

115 2510 271 2546 instruat
289 2512 345 2547 Isc-
425 2512 467 2547 15
492 2512 602 2558 recta]
620 2513 715 2547 iusta
732 2513 767 2547 L
861 2512 944 2558 cito]
971 2512 1008 2546 in
1025 2512 1125 2547 breui
1144 2512 1181 2548 R
1268 2512 1310 2547 17
1338 2503 1388 2547 frs
1407 2501 1481 2547 kffi
1497 2511 1532 2546 R

116 2568 159 2603 18
183 2571 237 2603 est
261 2580 327 2604 om.
353 2569 388 2604 B
490 2570 533 2604 19
557 2569 700 2604 diuinae
726 2570 831 2611 BW,
861 2580 1067 2605 ueneramur
1092 2569 1217 2605 diuina
1242 2570 1278 2606 R
1371 2570 1416 2605 20
1442 2572 1542 2604 ructu
1574 2569 1614 2610 V,

118 2625 235 2661 fructu
255 2627 362 2671 LQR
370 2628 427 2670 W,
454 2626 563 2661 fluctu
581 2627 637 2671 B‚·
663 2629 709 2670 cs.
735 2628 863 2662 Pontii
880 2628 996 2662 uitam
1019 2627 1126 2673 Cypr.
1145 2639 1173 2663 c.
1194 2630 1255 2661 15:
1282 2626 1463 2661 absit—ut
1482 2626 1523 2661 de
1542 2629 1615 2660 tam

117 2682 322 2718 beatissimo
336 2686 493 2729 martyre
511 2686 631 2719 ructus
649 2685 803 2720 hominis
822 2684 995 2720 iudicaret
1059 2684 1221 2719 uiuentes
1239 2684 1274 2718 B
1337 2684 1379 2718 21
1398 2683 1458 2718 scd
1476 2686 1510 2717 et
1533 2683 1563 2729 Q

117 2740 161 2776 ad
177 2752 240 2777 om.
261 2742 351 2777 BW
444 2742 580 2786 patitur
600 2743 650 2778 W
740 2742 784 2778 22
803 2742 892 2788 dico]
924 2744 1065 2778 tantum
1085 2742 1118 2778 R
1212 2740 1443 2777 cumdormire
1467 2741 1530 2777 W*

118 2798 191 2843 nec]
218 2810 279 2834 nec
297 2798 421 2834 debere
440 2799 475 2835 R
1519 2801 1522 2805 '
