<?xml version="1.0" encoding="UTF-8"?>
<!DOCTYPE html PUBLIC "-//W3C//DTD XHTML 1.0 Transitional//EN"
    "http://www.w3.org/TR/xhtml1/DTD/xhtml1-transitional.dtd">
<html xmlns="http://www.w3.org/1999/xhtml" xml:lang="en" lang="en">
 <head>
  <title>
</title>
<meta http-equiv="Content-Type" content="text/html;charset=utf-8" />
  <meta name='ocr-system' content='tesseract 3.04.00' />
  <meta name='ocr-capabilities' content='ocr_page ocr_carea ocr_par ocr_line ocrx_word'/>
</head>
<body>
  <div class='ocr_page' id='page_1' title='image "./corpusscriptor203cypruoft_0615.png"; bbox 0 0 1838 3152; ppageno 0'>
   <div class='ocr_carea' id='block_1_1' title="bbox 0 396 38 3152">
    <p class='ocr_par' dir='ltr' id='par_1_1' title="bbox 0 396 38 3152">
     <span class='ocr_line' id='line_1_1' title="bbox 0 396 38 3152; baseline 0 0"><span class='ocrx_word' id='word_1_1' title='bbox 0 396 38 3152; x_wconf 95' lang='lat' dir='ltr'> </span> 
     </span>
    </p>
   </div>
   <div class='ocr_carea' id='block_1_2' title="bbox 611 248 1634 294">
    <p class='ocr_par' dir='ltr' id='par_1_2' title="bbox 611 248 1634 294">
     <span class='ocr_line' id='line_1_2' title="bbox 611 248 1634 294; baseline 0.006 -11"><span class='ocrx_word' id='word_1_2' title='bbox 611 249 845 294; x_wconf 76' lang='lat' dir='ltr'>Epistulae</span> <span class='ocrx_word' id='word_1_3' title='bbox 870 249 988 284; x_wconf 87' lang='lat' dir='ltr'>XLV.</span> <span class='ocrx_word' id='word_1_4' title='bbox 1014 260 1042 283; x_wconf 92' lang='lat' dir='ltr'>c.</span> <span class='ocrx_word' id='word_1_5' title='bbox 1071 249 1171 283; x_wconf 85' lang='lat'>1—2.</span> <span class='ocrx_word' id='word_1_6' title='bbox 1553 248 1634 289; x_wconf 81' lang='grc'><strong>601</strong></span> 
     </span>
    </p>
   </div>
   <div class='ocr_carea' id='block_1_3' title="bbox 91 351 1639 1783">
    <p class='ocr_par' dir='ltr' id='par_1_3' title="bbox 140 351 1638 611">
     <span class='ocr_line' id='line_1_3' title="bbox 141 351 1637 407; baseline -0.003 -11"><span class='ocrx_word' id='word_1_7' title='bbox 141 354 288 396; x_wconf 85' lang='lat' dir='ltr'>audiri.</span> <span class='ocrx_word' id='word_1_8' title='bbox 318 366 448 406; x_wconf 91' lang='lat' dir='ltr'>neque</span> <span class='ocrx_word' id='word_1_9' title='bbox 478 353 586 394; x_wconf 88' lang='lat' dir='ltr'>enim</span> <span class='ocrx_word' id='word_1_10' title='bbox 617 352 736 394; x_wconf 86' lang='lat' dir='ltr'>facile</span> <span class='ocrx_word' id='word_1_11' title='bbox 766 353 987 407; x_wconf 89' lang='lat' dir='ltr'>promenda</span> <span class='ocrx_word' id='word_1_12' title='bbox 1016 353 1113 394; x_wconf 91' lang='lat' dir='ltr'>sunt</span> <span class='ocrx_word' id='word_1_13' title='bbox 1143 352 1184 392; x_wconf 85' lang='lat' dir='ltr'>et</span> <span class='ocrx_word' id='word_1_14' title='bbox 1212 351 1375 393; x_wconf 77' lang='lat' dir='ltr'>incaute</span> <span class='ocrx_word' id='word_1_15' title='bbox 1405 364 1451 392; x_wconf 87' lang='lat' dir='ltr'>ac</span> <span class='ocrx_word' id='word_1_16' title='bbox 1483 353 1637 392; x_wconf 89' lang='lat' dir='ltr'>temere</span> 
     </span>
     <span class='ocr_line' id='line_1_4' title="bbox 140 419 1637 475; baseline -0.002 -11"><span class='ocrx_word' id='word_1_17' title='bbox 140 422 386 475; x_wconf 89' lang='lat' dir='ltr'>publicanda</span> <span class='ocrx_word' id='word_1_18' title='bbox 401 434 504 475; x_wconf 89' lang='lat' dir='ltr'>quae</span> <span class='ocrx_word' id='word_1_19' title='bbox 520 420 766 463; x_wconf 88' lang='lat' dir='ltr'>discordioso</span> <span class='ocrx_word' id='word_1_20' title='bbox 783 421 880 463; x_wconf 90' lang='lat' dir='ltr'>stilo</span> <span class='ocrx_word' id='word_1_21' title='bbox 897 420 1160 463; x_wconf 78' lang='lat' dir='ltr'>audientibus</span> <span class='ocrx_word' id='word_1_22' title='bbox 1181 419 1422 461; x_wconf 85' lang='lat' dir='ltr'>scandalum</span> <span class='ocrx_word' id='word_1_23' title='bbox 1444 420 1637 461; x_wconf 90' lang='lat' dir='ltr'>moueant</span> 
     </span>
     <span class='ocr_line' id='line_1_5' title="bbox 140 487 1638 544; baseline -0.002 -13"><span class='ocrx_word' id='word_1_24' title='bbox 140 492 182 532; x_wconf 90' lang='lat' dir='ltr'>et</span> <span class='ocrx_word' id='word_1_25' title='bbox 199 490 343 531; x_wconf 87' lang='lat' dir='ltr'>fratres</span> <span class='ocrx_word' id='word_1_26' title='bbox 364 489 484 544; x_wconf 90' lang='lat' dir='ltr'>longe</span> <span class='ocrx_word' id='word_1_27' title='bbox 504 490 656 542; x_wconf 87' lang='lat' dir='ltr'>positos</span> <span class='ocrx_word' id='word_1_28' title='bbox 675 502 722 531; x_wconf 89' lang='lat' dir='ltr'>ac</span> <span class='ocrx_word' id='word_1_29' title='bbox 739 491 853 531; x_wconf 88' lang='lat' dir='ltr'>trans</span> <span class='ocrx_word' id='word_1_30' title='bbox 873 502 986 531; x_wconf 87' lang='lat' dir='ltr'>mare</span> <span class='ocrx_word' id='word_1_31' title='bbox 1007 488 1251 530; x_wconf 87' lang='lat' dir='ltr'>constitutos</span> <span class='ocrx_word' id='word_1_32' title='bbox 1273 488 1429 530; x_wconf 88' lang='lat' dir='ltr'>incerta</span> <span class='ocrx_word' id='word_1_33' title='bbox 1450 487 1638 541; x_wconf 90' lang='lat' dir='ltr'>opinione</span> 
     </span>
     <span class='ocr_line' id='line_1_6' title="bbox 140 556 1638 611; baseline -0.001 -12"><span class='ocrx_word' id='word_1_34' title='bbox 140 557 401 600; x_wconf 86' lang='lat' dir='ltr'>confundant.</span> <span class='ocrx_word' id='word_1_35' title='bbox 433 558 611 600; x_wconf 84' lang='lat' dir='ltr'>uiderint</span> <span class='ocrx_word' id='word_1_36' title='bbox 641 558 711 611; x_wconf 89' lang='lat' dir='ltr'>qui</span> <span class='ocrx_word' id='word_1_37' title='bbox 740 558 807 599; x_wconf 91' lang='lat' dir='ltr'>uel</span> <span class='ocrx_word' id='word_1_38' title='bbox 835 557 963 600; x_wconf 91' lang='lat' dir='ltr'>furori</span> <span class='ocrx_word' id='word_1_39' title='bbox 986 569 1057 599; x_wconf 91' lang='lat' dir='ltr'>suo</span> <span class='ocrx_word' id='word_1_40' title='bbox 1080 556 1146 599; x_wconf 89' lang='lat' dir='ltr'>uel</span> <span class='ocrx_word' id='word_1_41' title='bbox 1168 556 1331 598; x_wconf 88' lang='lat' dir='ltr'>libidini</span> <span class='ocrx_word' id='word_1_42' title='bbox 1353 556 1575 598; x_wconf 87' lang='lat' dir='ltr'>seruientes</span> <span class='ocrx_word' id='word_1_43' title='bbox 1597 557 1638 597; x_wconf 90' lang='lat' dir='ltr'>et</span> 
     </span>
    </p>

    <p class='ocr_par' dir='ltr' id='par_1_4' title="bbox 91 624 1639 1783">
     <span class='ocr_line' id='line_1_7' title="bbox 111 624 1638 681; baseline -0.001 -14"><span class='ocrx_word' id='word_1_44' title='bbox 111 642 126 666; x_wconf 84' lang='lat'><strong>5</strong></span> <span class='ocrx_word' id='word_1_45' title='bbox 140 627 304 668; x_wconf 87' lang='lat' dir='ltr'>diuinae</span> <span class='ocrx_word' id='word_1_46' title='bbox 344 627 447 681; x_wconf 85' lang='lat' dir='ltr'>legis</span> <span class='ocrx_word' id='word_1_47' title='bbox 488 627 528 668; x_wconf 88' lang='lat' dir='ltr'>et</span> <span class='ocrx_word' id='word_1_48' title='bbox 567 626 800 668; x_wconf 72' lang='lat' dir='ltr'>sanctitatis</span> <span class='ocrx_word' id='word_1_49' title='bbox 845 626 1089 668; x_wconf 81' lang='lat' dir='ltr'>inmemores</span> <span class='ocrx_word' id='word_1_50' title='bbox 1134 625 1201 667; x_wconf 88' lang='lat' dir='ltr'>uel</span> <span class='ocrx_word' id='word_1_51' title='bbox 1242 625 1431 667; x_wconf 88' lang='lat' dir='ltr'>iactitare</span> <span class='ocrx_word' id='word_1_52' title='bbox 1471 624 1638 666; x_wconf 83' lang='lat' dir='ltr'>interim</span> 
     </span>
     <span class='ocr_line' id='line_1_8' title="bbox 140 693 1638 750; baseline -0.001 -14"><span class='ocrx_word' id='word_1_53' title='bbox 140 695 323 750; x_wconf 88' lang='lat' dir='ltr'>gestiunt</span> <span class='ocrx_word' id='word_1_54' title='bbox 343 707 445 748; x_wconf 90' lang='lat' dir='ltr'>quae</span> <span class='ocrx_word' id='word_1_55' title='bbox 465 695 634 748; x_wconf 88' lang='lat' dir='ltr'>probare</span> <span class='ocrx_word' id='word_1_56' title='bbox 656 707 734 736; x_wconf 92' lang='lat' dir='ltr'>non</span> <span class='ocrx_word' id='word_1_57' title='bbox 757 696 939 748; x_wconf 78' lang='lat' dir='ltr'>possunt,</span> <span class='ocrx_word' id='word_1_58' title='bbox 962 695 1003 736; x_wconf 92' lang='lat' dir='ltr'>et</span> <span class='ocrx_word' id='word_1_59' title='bbox 1020 706 1113 735; x_wconf 90' lang='lat' dir='ltr'>cum</span> <span class='ocrx_word' id='word_1_60' title='bbox 1130 693 1407 735; x_wconf 81' lang='lat' dir='ltr'>innocentiam</span> <span class='ocrx_word' id='word_1_61' title='bbox 1430 693 1638 735; x_wconf 86' lang='lat' dir='ltr'>destruere</span> 
     </span>
     <span class='ocr_line' id='line_1_9' title="bbox 139 761 1638 818; baseline 0.001 -13"><span class='ocrx_word' id='word_1_62' title='bbox 139 763 270 816; x_wconf 89' lang='lat' dir='ltr'>adque</span> <span class='ocrx_word' id='word_1_63' title='bbox 291 776 519 818; x_wconf 84' lang='lat' dir='ltr'>expugnare</span> <span class='ocrx_word' id='word_1_64' title='bbox 538 776 618 806; x_wconf 89' lang='lat' dir='ltr'>non</span> <span class='ocrx_word' id='word_1_65' title='bbox 641 764 819 814; x_wconf 89' lang='lat' dir='ltr'>ualeant,</span> <span class='ocrx_word' id='word_1_66' title='bbox 842 763 944 806; x_wconf 86' lang='lat' dir='ltr'>satis</span> <span class='ocrx_word' id='word_1_67' title='bbox 965 763 1118 805; x_wconf 85' lang='lat' dir='ltr'>habent</span> <span class='ocrx_word' id='word_1_68' title='bbox 1138 762 1251 804; x_wconf 87' lang='lat' dir='ltr'>fama</span> <span class='ocrx_word' id='word_1_69' title='bbox 1271 761 1459 804; x_wconf 81' lang='lat' dir='ltr'>mendaci</span> <span class='ocrx_word' id='word_1_70' title='bbox 1476 762 1517 803; x_wconf 89' lang='lat' dir='ltr'>et</span> <span class='ocrx_word' id='word_1_71' title='bbox 1533 761 1638 806; x_wconf 81' lang='lat' dir='ltr'>falso</span> 
     </span>
     <span class='ocr_line' id='line_1_10' title="bbox 141 830 1638 887; baseline -0.002 -13"><span class='ocrx_word' id='word_1_72' title='bbox 141 844 301 874; x_wconf 88' lang='lat' dir='ltr'>rumore</span> <span class='ocrx_word' id='word_1_73' title='bbox 342 833 524 874; x_wconf 89' lang='lat' dir='ltr'>maculas</span> <span class='ocrx_word' id='word_1_74' title='bbox 565 832 810 887; x_wconf 85' lang='lat' dir='ltr'>inspergere.</span> <span class='ocrx_word' id='word_1_75' title='bbox 854 834 964 874; x_wconf 90' lang='lat' dir='ltr'>certe</span> <span class='ocrx_word' id='word_1_76' title='bbox 1000 832 1107 886; x_wconf 89' lang='lat' dir='ltr'>quod</span> <span class='ocrx_word' id='word_1_77' title='bbox 1144 830 1388 885; x_wconf 89' lang='lat' dir='ltr'>praepositis</span> <span class='ocrx_word' id='word_1_78' title='bbox 1423 843 1469 872; x_wconf 90' lang='lat' dir='ltr'>ac</span> <span class='ocrx_word' id='word_1_79' title='bbox 1505 843 1638 873; x_wconf 88' lang='lat' dir='ltr'>sacer-</span> 
     </span>
     <span class='ocr_line' id='line_1_11' title="bbox 143 900 1639 957; baseline -0.001 -14"><span class='ocrx_word' id='word_1_80' title='bbox 143 901 307 943; x_wconf 91' lang='lat' dir='ltr'>dotibus</span> <span class='ocrx_word' id='word_1_81' title='bbox 346 903 536 957; x_wconf 87' lang='lat' dir='ltr'>congruit</span> <span class='ocrx_word' id='word_1_82' title='bbox 572 902 705 944; x_wconf 88' lang='lat' dir='ltr'>danda</span> <span class='ocrx_word' id='word_1_83' title='bbox 742 915 863 955; x_wconf 88' lang='lat' dir='ltr'>opera</span> <span class='ocrx_word' id='word_1_84' title='bbox 899 903 961 944; x_wconf 87' lang='lat' dir='ltr'>est</span> <span class='ocrx_word' id='word_1_85' title='bbox 995 903 1042 944; x_wconf 89' lang='lat' dir='ltr'>ut</span> <span class='ocrx_word' id='word_1_86' title='bbox 1072 902 1176 944; x_wconf 84' lang='lat' dir='ltr'>talia</span> <span class='ocrx_word' id='word_1_87' title='bbox 1211 914 1306 943; x_wconf 90' lang='lat' dir='ltr'>cum</span> <span class='ocrx_word' id='word_1_88' title='bbox 1337 914 1361 942; x_wconf 87' lang='lat' dir='ltr'>a</span> <span class='ocrx_word' id='word_1_89' title='bbox 1391 900 1639 954; x_wconf 90' lang='lat' dir='ltr'>quibusdam</span> 
     </span>
     <span class='ocr_line' id='line_1_12' title="bbox 97 969 1639 1025; baseline -0.001 -14"><span class='ocrx_word' id='word_1_90' title='bbox 97 987 128 1012; x_wconf 82' lang='lat'>10</span> <span class='ocrx_word' id='word_1_91' title='bbox 141 970 377 1012; x_wconf 87' lang='lat' dir='ltr'>scribuntur</span> <span class='ocrx_word' id='word_1_92' title='bbox 407 984 478 1024; x_wconf 90' lang='lat' dir='ltr'>per</span> <span class='ocrx_word' id='word_1_93' title='bbox 509 983 581 1012; x_wconf 90' lang='lat' dir='ltr'>nos</span> <span class='ocrx_word' id='word_1_94' title='bbox 612 972 866 1025; x_wconf 86' lang='lat' dir='ltr'>respuantur.</span> <span class='ocrx_word' id='word_1_95' title='bbox 903 971 973 1013; x_wconf 90' lang='lat' dir='ltr'>ubi</span> <span class='ocrx_word' id='word_1_96' title='bbox 1002 971 1112 1013; x_wconf 90' lang='lat' dir='ltr'>enim</span> <span class='ocrx_word' id='word_1_97' title='bbox 1141 970 1220 1012; x_wconf 88' lang='lat' dir='ltr'>erit</span> <span class='ocrx_word' id='word_1_98' title='bbox 1242 969 1352 1023; x_wconf 90' lang='lat' dir='ltr'>quod</span> <span class='ocrx_word' id='word_1_99' title='bbox 1373 969 1571 1011; x_wconf 88' lang='lat' dir='ltr'>discimus</span> <span class='ocrx_word' id='word_1_100' title='bbox 1593 982 1639 1011; x_wconf 89' lang='lat' dir='ltr'>ac</span> 
     </span>
     <span class='ocr_line' id='line_1_13' title="bbox 139 1038 1637 1094; baseline 0 -15"><span class='ocrx_word' id='word_1_101' title='bbox 139 1039 330 1080; x_wconf 89' lang='lat' dir='ltr'>docemus</span> <span class='ocrx_word' id='word_1_102' title='bbox 361 1039 563 1093; x_wconf 90' lang='lat' dir='ltr'>scriptum</span> <span class='ocrx_word' id='word_1_103' title='bbox 594 1052 699 1082; x_wconf 88' lang='lat' dir='ltr'>esse:</span> <span class='ocrx_word' id='word_1_104' title='bbox 740 1040 945 1082; x_wconf 87' lang='lat' dir='ltr'>contine</span> <span class='ocrx_word' id='word_1_105' title='bbox 984 1040 1219 1094; x_wconf 86' lang='lat' dir='ltr'>linguam</span> <span class='ocrx_word' id='word_1_106' title='bbox 1261 1040 1402 1080; x_wconf 87' lang='lat' dir='ltr'>tuam</span> <span class='ocrx_word' id='word_1_107' title='bbox 1433 1051 1456 1079; x_wconf 90' lang='lat' dir='ltr'>a</span> <span class='ocrx_word' id='word_1_108' title='bbox 1487 1038 1637 1089; x_wconf 92' lang='lat' dir='ltr'>malo,</span> 
     </span>
     <span class='ocr_line' id='line_1_14' title="bbox 141 1107 1639 1162; baseline 0 -14"><span class='ocrx_word' id='word_1_109' title='bbox 141 1110 188 1149; x_wconf 89' lang='lat' dir='ltr'>et</span> <span class='ocrx_word' id='word_1_110' title='bbox 219 1107 359 1149; x_wconf 89' lang='lat' dir='ltr'>labia</span> <span class='ocrx_word' id='word_1_111' title='bbox 389 1109 476 1150; x_wconf 90' lang='lat' dir='ltr'>tua</span> <span class='ocrx_word' id='word_1_112' title='bbox 506 1121 563 1150; x_wconf 91' lang='lat' dir='ltr'>ne</span> <span class='ocrx_word' id='word_1_113' title='bbox 594 1108 870 1162; x_wconf 89' lang='lat' dir='ltr'>loquantur</span> <span class='ocrx_word' id='word_1_114' title='bbox 900 1108 1018 1150; x_wconf 91' lang='lat' dir='ltr'>dolu</span> <span class='ocrx_word' id='word_1_115' title='bbox 1032 1111 1104 1150; x_wconf 84' lang='lat' dir='ltr'>m?</span> <span class='ocrx_word' id='word_1_116' title='bbox 1137 1108 1239 1150; x_wconf 89' lang='lat' dir='ltr'>item</span> <span class='ocrx_word' id='word_1_117' title='bbox 1260 1107 1383 1149; x_wconf 86' lang='lat' dir='ltr'>alibi:</span> <span class='ocrx_word' id='word_1_118' title='bbox 1416 1120 1466 1149; x_wconf 88' lang='lat' dir='ltr'>os</span> <span class='ocrx_word' id='word_1_119' title='bbox 1496 1108 1639 1149; x_wconf 87' lang='lat' dir='ltr'>tuum</span> 
     </span>
     <span class='ocr_line' id='line_1_15' title="bbox 140 1176 1639 1232; baseline 0.001 -16"><span class='ocrx_word' id='word_1_120' title='bbox 140 1176 430 1218; x_wconf 86' lang='lat' dir='ltr'>abundauit</span> <span class='ocrx_word' id='word_1_121' title='bbox 474 1177 699 1227; x_wconf 90' lang='lat' dir='ltr'>malitia,</span> <span class='ocrx_word' id='word_1_122' title='bbox 752 1178 799 1219; x_wconf 83' lang='lat' dir='ltr'>et</span> <span class='ocrx_word' id='word_1_123' title='bbox 845 1177 1027 1232; x_wconf 87' lang='lat' dir='ltr'>lingua</span> <span class='ocrx_word' id='word_1_124' title='bbox 1074 1180 1162 1219; x_wconf 88' lang='lat' dir='ltr'>tua</span> <span class='ocrx_word' id='word_1_125' title='bbox 1207 1176 1639 1231; x_wconf 87' lang='lat' dir='ltr'>conplectebatur</span> 
     </span>
     <span class='ocr_line' id='line_1_16' title="bbox 140 1244 1639 1289; baseline 0.001 -4"><span class='ocrx_word' id='word_1_126' title='bbox 140 1244 374 1287; x_wconf 86' lang='lat' dir='ltr'>insidias.</span> <span class='ocrx_word' id='word_1_127' title='bbox 417 1245 596 1287; x_wconf 89' lang='lat' dir='ltr'>sedens</span> <span class='ocrx_word' id='word_1_128' title='bbox 633 1246 883 1288; x_wconf 87' lang='lat' dir='ltr'>aduersus</span> <span class='ocrx_word' id='word_1_129' title='bbox 914 1246 1128 1289; x_wconf 89' lang='lat' dir='ltr'>fratrem</span> <span class='ocrx_word' id='word_1_130' title='bbox 1159 1249 1300 1288; x_wconf 86' lang='lat' dir='ltr'>tuum</span> <span class='ocrx_word' id='word_1_131' title='bbox 1332 1245 1639 1288; x_wconf 85' lang='lat' dir='ltr'>detrahebas</span> 
     </span>
     <span class='ocr_line' id='line_1_17' title="bbox 94 1314 1637 1371; baseline -0.001 -14"><span class='ocrx_word' id='word_1_132' title='bbox 94 1333 125 1357; x_wconf 68' lang='grc' dir='ltr'><strong>ω</strong></span> <span class='ocrx_word' id='word_1_133' title='bbox 141 1316 188 1355; x_wconf 89' lang='lat' dir='ltr'>et</span> <span class='ocrx_word' id='word_1_134' title='bbox 214 1314 459 1356; x_wconf 87' lang='lat' dir='ltr'>aduersus</span> <span class='ocrx_word' id='word_1_135' title='bbox 492 1314 667 1356; x_wconf 84' lang='lat' dir='ltr'>filium</span> <span class='ocrx_word' id='word_1_136' title='bbox 697 1316 882 1357; x_wconf 88' lang='lat' dir='ltr'>matris</span> <span class='ocrx_word' id='word_1_137' title='bbox 913 1317 1030 1358; x_wconf 86' lang='lat' dir='ltr'>tuae</span> <span class='ocrx_word' id='word_1_138' title='bbox 1061 1316 1283 1371; x_wconf 85' lang='lat' dir='ltr'>ponebas</span> <span class='ocrx_word' id='word_1_139' title='bbox 1315 1315 1637 1364; x_wconf 88' lang='lat' dir='ltr'>scandalum,</span> 
     </span>
     <span class='ocr_line' id='line_1_18' title="bbox 141 1383 1639 1437; baseline 0 -13"><span class='ocrx_word' id='word_1_140' title='bbox 141 1383 245 1425; x_wconf 83' lang='lat' dir='ltr'>item</span> <span class='ocrx_word' id='word_1_141' title='bbox 287 1383 394 1435; x_wconf 91' lang='lat' dir='ltr'>quod</span> <span class='ocrx_word' id='word_1_142' title='bbox 434 1384 641 1437; x_wconf 82' lang='lat' dir='ltr'>apostolus</span> <span class='ocrx_word' id='word_1_143' title='bbox 683 1384 803 1426; x_wconf 91' lang='lat' dir='ltr'>dicit:</span> <span class='ocrx_word' id='word_1_144' title='bbox 847 1385 1008 1426; x_wconf 87' lang='lat' dir='ltr'>omnis</span> <span class='ocrx_word' id='word_1_145' title='bbox 1049 1396 1211 1426; x_wconf 86' lang='lat' dir='ltr'>sermo</span> <span class='ocrx_word' id='word_1_146' title='bbox 1254 1397 1293 1425; x_wconf 92' lang='lat' dir='ltr'>m</span> <span class='ocrx_word' id='word_1_147' title='bbox 1307 1383 1421 1425; x_wconf 87' lang='lat' dir='ltr'>alus</span> <span class='ocrx_word' id='word_1_148' title='bbox 1463 1384 1519 1425; x_wconf 86' lang='lat' dir='ltr'>de</span> <span class='ocrx_word' id='word_1_149' title='bbox 1557 1395 1639 1424; x_wconf 89' lang='lat' dir='ltr'>ore</span> 
     </span>
     <span class='ocr_line' id='line_1_19' title="bbox 141 1452 1638 1505; baseline 0 -12"><span class='ocrx_word' id='word_1_150' title='bbox 141 1453 316 1494; x_wconf 88' lang='lat' dir='ltr'>uestro</span> <span class='ocrx_word' id='word_1_151' title='bbox 361 1464 454 1493; x_wconf 87' lang='lat' dir='ltr'>nou</span> <span class='ocrx_word' id='word_1_152' title='bbox 495 1453 754 1505; x_wconf 87' lang='lat' dir='ltr'>procedat,</span> <span class='ocrx_word' id='word_1_153' title='bbox 802 1453 886 1494; x_wconf 88' lang='lat' dir='ltr'>sed</span> <span class='ocrx_word' id='word_1_154' title='bbox 928 1453 1087 1494; x_wconf 90' lang='lat' dir='ltr'>bonus</span> <span class='ocrx_word' id='word_1_155' title='bbox 1119 1453 1176 1494; x_wconf 89' lang='lat' dir='ltr'>ad</span> <span class='ocrx_word' id='word_1_156' title='bbox 1208 1452 1460 1494; x_wconf 87' lang='lat' dir='ltr'>aedificat</span> <span class='ocrx_word' id='word_1_157' title='bbox 1474 1453 1638 1494; x_wconf 90' lang='lat' dir='ltr'>ionem</span> 
     </span>
     <span class='ocr_line' id='line_1_20' title="bbox 141 1521 1638 1575; baseline 0 -13"><span class='ocrx_word' id='word_1_158' title='bbox 141 1521 289 1571; x_wconf 90' lang='lat' dir='ltr'>fidei,</span> <span class='ocrx_word' id='word_1_159' title='bbox 323 1522 375 1562; x_wconf 89' lang='lat' dir='ltr'>ut</span> <span class='ocrx_word' id='word_1_160' title='bbox 406 1522 489 1563; x_wconf 87' lang='lat' dir='ltr'>det</span> <span class='ocrx_word' id='word_1_161' title='bbox 519 1522 741 1575; x_wconf 86' lang='lat' dir='ltr'>gratiam</span> <span class='ocrx_word' id='word_1_162' title='bbox 771 1522 1118 1563; x_wconf 86' lang='lat' dir='ltr'>audientibus.</span> <span class='ocrx_word' id='word_1_163' title='bbox 1154 1534 1272 1575; x_wconf 86' lang='lat' dir='ltr'>porro</span> <span class='ocrx_word' id='word_1_164' title='bbox 1308 1522 1408 1563; x_wconf 88' lang='lat' dir='ltr'>haec</span> <span class='ocrx_word' id='word_1_165' title='bbox 1444 1522 1531 1563; x_wconf 91' lang='lat' dir='ltr'>fieri</span> <span class='ocrx_word' id='word_1_166' title='bbox 1568 1522 1638 1563; x_wconf 91' lang='lat' dir='ltr'>de-</span> 
     </span>
     <span class='ocr_line' id='line_1_21' title="bbox 142 1590 1638 1644; baseline 0 -13"><span class='ocrx_word' id='word_1_167' title='bbox 142 1590 235 1631; x_wconf 88' lang='lat' dir='ltr'>bere</span> <span class='ocrx_word' id='word_1_168' title='bbox 256 1590 524 1639; x_wconf 87' lang='lat' dir='ltr'>ostendimus,</span> <span class='ocrx_word' id='word_1_169' title='bbox 556 1591 590 1632; x_wconf 92' lang='lat' dir='ltr'>si</span> <span class='ocrx_word' id='word_1_170' title='bbox 612 1591 772 1644; x_wconf 89' lang='lat' dir='ltr'>quando</span> <span class='ocrx_word' id='word_1_171' title='bbox 794 1591 899 1632; x_wconf 87' lang='lat' dir='ltr'>talia</span> <span class='ocrx_word' id='word_1_172' title='bbox 920 1591 1175 1644; x_wconf 89' lang='lat' dir='ltr'>quorundam</span> <span class='ocrx_word' id='word_1_173' title='bbox 1197 1591 1450 1633; x_wconf 88' lang='lat' dir='ltr'>calumniosa</span> <span class='ocrx_word' id='word_1_174' title='bbox 1470 1590 1638 1632; x_wconf 87' lang='lat' dir='ltr'>temeri-</span> 
     </span>
     <span class='ocr_line' id='line_1_22' title="bbox 91 1659 1639 1714; baseline -0.001 -12"><span class='ocrx_word' id='word_1_175' title='bbox 91 1677 127 1702; x_wconf 81' lang='lat'>20</span> <span class='ocrx_word' id='word_1_176' title='bbox 141 1660 227 1701; x_wconf 88' lang='lat' dir='ltr'>tate</span> <span class='ocrx_word' id='word_1_177' title='bbox 261 1659 490 1713; x_wconf 89' lang='lat' dir='ltr'>conscripta</span> <span class='ocrx_word' id='word_1_178' title='bbox 522 1660 628 1710; x_wconf 88' lang='lat' dir='ltr'>sunt,</span> <span class='ocrx_word' id='word_1_179' title='bbox 668 1660 749 1714; x_wconf 90' lang='lat' dir='ltr'>legi</span> <span class='ocrx_word' id='word_1_180' title='bbox 780 1660 887 1713; x_wconf 90' lang='lat' dir='ltr'>apud</span> <span class='ocrx_word' id='word_1_181' title='bbox 916 1672 988 1702; x_wconf 88' lang='lat' dir='ltr'>nos</span> <span class='ocrx_word' id='word_1_182' title='bbox 1018 1660 1210 1713; x_wconf 89' lang='lat' dir='ltr'>patimur.</span> <span class='ocrx_word' id='word_1_183' title='bbox 1250 1662 1291 1702; x_wconf 88' lang='lat' dir='ltr'>et</span> <span class='ocrx_word' id='word_1_184' title='bbox 1312 1659 1476 1710; x_wconf 90' lang='lat' dir='ltr'>idcirco,</span> <span class='ocrx_word' id='word_1_185' title='bbox 1514 1659 1639 1700; x_wconf 85' lang='lat' dir='ltr'>frater</span> 
     </span>
     <span class='ocr_line' id='line_1_23' title="bbox 137 1728 1636 1783; baseline 0 -13"><span class='ocrx_word' id='word_1_186' title='bbox 137 1728 359 1778; x_wconf 83' lang='lat' dir='ltr'>carissime,</span> <span class='ocrx_word' id='word_1_187' title='bbox 392 1740 485 1770; x_wconf 89' lang='lat' dir='ltr'>cum</span> <span class='ocrx_word' id='word_1_188' title='bbox 507 1729 558 1770; x_wconf 88' lang='lat' dir='ltr'>ad</span> <span class='ocrx_word' id='word_1_189' title='bbox 580 1742 646 1770; x_wconf 91' lang='lat' dir='ltr'>me</span> <span class='ocrx_word' id='word_1_190' title='bbox 676 1729 779 1771; x_wconf 88' lang='lat' dir='ltr'>talia</span> <span class='ocrx_word' id='word_1_191' title='bbox 810 1730 1027 1771; x_wconf 88' lang='lat' dir='ltr'>aduersum</span> <span class='ocrx_word' id='word_1_192' title='bbox 1050 1731 1091 1771; x_wconf 88' lang='lat' dir='ltr'>te</span> <span class='ocrx_word' id='word_1_193' title='bbox 1112 1731 1154 1771; x_wconf 89' lang='lat' dir='ltr'>et</span> <span class='ocrx_word' id='word_1_194' title='bbox 1175 1729 1481 1783; x_wconf 88' lang='lat' dir='ltr'>conpresbyteri</span> <span class='ocrx_word' id='word_1_195' title='bbox 1499 1731 1636 1770; x_wconf 90' lang='lat' dir='ltr'>tecum</span> 
     </span>
    </p>
   </div>
   <div class='ocr_carea' id='block_1_4' title="bbox 277 1899 1409 1945">
    <p class='ocr_par' dir='ltr' id='par_1_5' title="bbox 277 1899 1409 1945">
     <span class='ocr_line' id='line_1_24' title="bbox 277 1899 1409 1945; baseline 0.001 -13"><span class='ocrx_word' id='word_1_196' title='bbox 277 1899 317 1932; x_wconf 91' lang='grc'>11</span> <span class='ocrx_word' id='word_1_197' title='bbox 345 1899 399 1932; x_wconf 78' lang='lat' dir='ltr'>Ps.</span> <span class='ocrx_word' id='word_1_198' title='bbox 425 1899 478 1939; x_wconf 80' lang='grc'>33,</span> <span class='ocrx_word' id='word_1_199' title='bbox 508 1900 557 1934; x_wconf 87' lang='grc'>14.</span> <span class='ocrx_word' id='word_1_200' title='bbox 658 1900 698 1934; x_wconf 79' lang='grc'><strong>12</strong></span> <span class='ocrx_word' id='word_1_201' title='bbox 723 1900 777 1934; x_wconf 85' lang='lat' dir='ltr'>Ps.</span> <span class='ocrx_word' id='word_1_202' title='bbox 803 1900 858 1941; x_wconf 87' lang='grc'>49,</span> <span class='ocrx_word' id='word_1_203' title='bbox 887 1902 939 1935; x_wconf 87' lang='grc'><strong>19.</strong></span> <span class='ocrx_word' id='word_1_204' title='bbox 965 1901 1018 1935; x_wconf 86' lang='grc'>20.</span> <span class='ocrx_word' id='word_1_205' title='bbox 1118 1901 1158 1935; x_wconf 92' lang='grc'>16</span> <span class='ocrx_word' id='word_1_206' title='bbox 1184 1900 1272 1945; x_wconf 77' lang='lat' dir='ltr'>Eph.</span> <span class='ocrx_word' id='word_1_207' title='bbox 1298 1901 1329 1941; x_wconf 87' lang='lat'>4,</span> <span class='ocrx_word' id='word_1_208' title='bbox 1356 1900 1409 1934; x_wconf 79' lang='lat'>29.</span> 
     </span>
    </p>
   </div>
   <div class='ocr_carea' id='block_1_5' title="bbox 139 2059 1640 2681">
    <p class='ocr_par' dir='ltr' id='par_1_6' title="bbox 139 2059 1640 2681">
     <span class='ocr_line' id='line_1_25' title="bbox 209 2059 1640 2106; baseline 0 -12"><span class='ocrx_word' id='word_1_209' title='bbox 209 2060 227 2093; x_wconf 90' lang='lat'>1</span> <span class='ocrx_word' id='word_1_210' title='bbox 247 2061 342 2104; x_wconf 85' lang='lat' dir='ltr'>sunt]</span> <span class='ocrx_word' id='word_1_211' title='bbox 362 2062 417 2094; x_wconf 85' lang='lat' dir='ltr'>est</span> <span class='ocrx_word' id='word_1_212' title='bbox 436 2060 470 2095; x_wconf 99' lang='lat' dir='ltr'><em>R</em></span> <span class='ocrx_word' id='word_1_213' title='bbox 579 2060 643 2095; x_wconf 89' lang='lat' dir='ltr'>hac</span> <span class='ocrx_word' id='word_1_214' title='bbox 662 2061 730 2106; x_wconf 71' lang='lat' dir='ltr'>LQ</span> <span class='ocrx_word' id='word_1_215' title='bbox 844 2061 865 2095; x_wconf 88' lang='grc'><strong>2</strong></span> <span class='ocrx_word' id='word_1_216' title='bbox 883 2061 968 2095; x_wconf 86' lang='lat' dir='ltr'>disc.</span> <span class='ocrx_word' id='word_1_217' title='bbox 987 2061 1083 2106; x_wconf 84' lang='lat' dir='ltr'>stilo]</span> <span class='ocrx_word' id='word_1_218' title='bbox 1101 2060 1329 2096; x_wconf 86' lang='lat' dir='ltr'>discordiosis</span> <span class='ocrx_word' id='word_1_219' title='bbox 1347 2063 1382 2095; x_wconf 86' lang='lat' dir='ltr'>et</span> <span class='ocrx_word' id='word_1_220' title='bbox 1401 2061 1446 2101; x_wconf 84' lang='lat' dir='ltr'>R,</span> <span class='ocrx_word' id='word_1_221' title='bbox 1463 2059 1640 2094; x_wconf 87' lang='lat' dir='ltr'>discordia</span> 
     </span>
     <span class='ocr_line' id='line_1_26' title="bbox 139 2117 1637 2162; baseline 0 -11"><span class='ocrx_word' id='word_1_222' title='bbox 139 2118 214 2151; x_wconf 88' lang='lat' dir='ltr'>sint</span> <span class='ocrx_word' id='word_1_223' title='bbox 238 2120 274 2151; x_wconf 89' lang='lat' dir='ltr'>ct</span> <span class='ocrx_word' id='word_1_224' title='bbox 298 2118 335 2158; x_wconf 84' lang='lat' dir='ltr'>C,</span> <span class='ocrx_word' id='word_1_225' title='bbox 361 2117 575 2152; x_wconf 84' lang='lat' dir='ltr'>discordioso</span> <span class='ocrx_word' id='word_1_226' title='bbox 600 2118 684 2152; x_wconf 89' lang='lat' dir='ltr'>stilo</span> <span class='ocrx_word' id='word_1_227' title='bbox 710 2119 844 2162; x_wconf 86' lang='lat' dir='ltr'>scripta</span> <span class='ocrx_word' id='word_1_228' title='bbox 862 2130 883 2152; x_wconf 85' lang='lat' dir='ltr'><em>v</em></span> <span class='ocrx_word' id='word_1_229' title='bbox 1015 2117 1323 2153; x_wconf 88' lang='lat' dir='ltr'>inoboedientibus</span> <span class='ocrx_word' id='word_1_230' title='bbox 1346 2118 1411 2153; x_wconf 77' lang='lat' dir='ltr'>CR</span> <span class='ocrx_word' id='word_1_231' title='bbox 1541 2117 1564 2151; x_wconf 85' lang='lat'>4</span> <span class='ocrx_word' id='word_1_232' title='bbox 1581 2117 1637 2151; x_wconf 85' lang='lat' dir='ltr'>uel</span> 
     </span>
     <span class='ocr_line' id='line_1_27' title="bbox 140 2174 1640 2221; baseline -0.001 -12"><span class='ocrx_word' id='word_1_233' title='bbox 140 2176 201 2219; x_wconf 91' lang='lat' dir='ltr'>qui</span> <span class='ocrx_word' id='word_1_234' title='bbox 222 2177 251 2219; x_wconf 69' lang='lat' dir='ltr'><em>Q</em></span> <span class='ocrx_word' id='word_1_235' title='bbox 356 2175 473 2210; x_wconf 89' lang='lat' dir='ltr'>furore</span> <span class='ocrx_word' id='word_1_236' title='bbox 491 2175 659 2220; x_wconf 48' lang='lat' dir='ltr'>FLQQ,</span> <span class='ocrx_word' id='word_1_237' title='bbox 681 2175 810 2209; x_wconf 87' lang='lat' dir='ltr'>furoris</span> <span class='ocrx_word' id='word_1_238' title='bbox 834 2177 874 2210; x_wconf 67' lang='lat'>(5¹</span> <span class='ocrx_word' id='word_1_239' title='bbox 982 2175 1132 2213; x_wconf 84' lang='lat' dir='ltr'>libidine</span> <span class='ocrx_word' id='word_1_240' title='bbox 1152 2176 1192 2221; x_wconf 71' lang='lat' dir='ltr'>Q,</span> <span class='ocrx_word' id='word_1_241' title='bbox 1211 2175 1374 2210; x_wconf 89' lang='lat' dir='ltr'>libidinis</span> <span class='ocrx_word' id='word_1_242' title='bbox 1393 2175 1454 2215; x_wconf 69' lang='lat'>13¹,</span> <span class='ocrx_word' id='word_1_243' title='bbox 1473 2174 1579 2209; x_wconf 87' lang='lat' dir='ltr'>liuori</span> <span class='ocrx_word' id='word_1_244' title='bbox 1596 2185 1640 2209; x_wconf 65' lang='lat' dir='ltr'>ea:</span> 
     </span>
     <span class='ocr_line' id='line_1_28' title="bbox 140 2231 1550 2277; baseline 0.001 -11"><span class='ocrx_word' id='word_1_245' title='bbox 140 2231 287 2266; x_wconf 90' lang='lat' dir='ltr'>liuidere</span> <span class='ocrx_word' id='word_1_246' title='bbox 311 2233 340 2267; x_wconf 79' lang='lat' dir='ltr'><em>G</em></span> <span class='ocrx_word' id='word_1_247' title='bbox 356 2244 398 2266; x_wconf 85' lang='lat' dir='ltr'>m.</span> <span class='ocrx_word' id='word_1_248' title='bbox 417 2235 443 2267; x_wconf 80' lang='lat'><em>2</em></span> <span class='ocrx_word' id='word_1_249' title='bbox 581 2232 756 2266; x_wconf 84' lang='lat' dir='ltr'>seuientes</span> <span class='ocrx_word' id='word_1_250' title='bbox 779 2233 808 2267; x_wconf 87' lang='lat' dir='ltr'><strong><em>C</em></strong></span> <span class='ocrx_word' id='word_1_251' title='bbox 943 2233 965 2267; x_wconf 81' lang='lat'>5</span> <span class='ocrx_word' id='word_1_252' title='bbox 982 2233 1029 2277; x_wconf 88' lang='lat' dir='ltr'>et]</span> <span class='ocrx_word' id='word_1_253' title='bbox 1048 2244 1087 2267; x_wconf 86' lang='lat' dir='ltr'>ac</span> <span class='ocrx_word' id='word_1_254' title='bbox 1109 2233 1195 2268; x_wconf 80' lang='lat' dir='ltr'>GRv</span> <span class='ocrx_word' id='word_1_255' title='bbox 1332 2233 1464 2267; x_wconf 84' lang='lat' dir='ltr'>iactare</span> <span class='ocrx_word' id='word_1_256' title='bbox 1485 2232 1550 2267; x_wconf 84' lang='lat' dir='ltr'>CR</span> 
     </span>
     <span class='ocr_line' id='line_1_29' title="bbox 140 2289 1639 2335; baseline 0 -12"><span class='ocrx_word' id='word_1_257' title='bbox 140 2290 161 2323; x_wconf 88' lang='grc'><strong>6</strong></span> <span class='ocrx_word' id='word_1_258' title='bbox 179 2290 379 2324; x_wconf 85' lang='lat' dir='ltr'>innocentia</span> <span class='ocrx_word' id='word_1_259' title='bbox 399 2291 443 2325; x_wconf 72' lang='lat'>0²</span> <span class='ocrx_word' id='word_1_260' title='bbox 536 2290 555 2324; x_wconf 83' lang='lat'>7</span> <span class='ocrx_word' id='word_1_261' title='bbox 573 2290 684 2334; x_wconf 87' lang='lat' dir='ltr'>adque-</span> <span class='ocrx_word' id='word_1_262' title='bbox 702 2301 766 2324; x_wconf 89' lang='lat' dir='ltr'>om.</span> <span class='ocrx_word' id='word_1_263' title='bbox 783 2290 817 2324; x_wconf 91' lang='lat' dir='ltr'><em>L</em></span> <span class='ocrx_word' id='word_1_264' title='bbox 910 2290 1017 2324; x_wconf 88' lang='lat' dir='ltr'>habet</span> <span class='ocrx_word' id='word_1_265' title='bbox 1034 2290 1142 2325; x_wconf 87' lang='lat' dir='ltr'>FLP</span> <span class='ocrx_word' id='word_1_266' title='bbox 1234 2289 1367 2324; x_wconf 89' lang='lat' dir='ltr'>famam</span> <span class='ocrx_word' id='word_1_267' title='bbox 1390 2290 1451 2335; x_wconf 77' lang='lat' dir='ltr'>OQ</span> <span class='ocrx_word' id='word_1_268' title='bbox 1545 2300 1639 2324; x_wconf 89' lang='lat' dir='ltr'>men-</span> 
     </span>
     <span class='ocr_line' id='line_1_30' title="bbox 140 2347 1637 2393; baseline 0 -12"><span class='ocrx_word' id='word_1_269' title='bbox 140 2347 233 2382; x_wconf 86' lang='lat' dir='ltr'>dacii</span> <span class='ocrx_word' id='word_1_270' title='bbox 255 2347 427 2393; x_wconf 72' lang='lat' dir='ltr'><em>CFPQR</em></span> <span class='ocrx_word' id='word_1_271' title='bbox 520 2348 690 2383; x_wconf 86' lang='lat' dir='ltr'>falsorum</span> <span class='ocrx_word' id='word_1_272' title='bbox 707 2359 765 2382; x_wconf 84' lang='lat' dir='ltr'>ore.</span> <span class='ocrx_word' id='word_1_273' title='bbox 780 2347 894 2393; x_wconf 74' lang='lat' dir='ltr'>LPQ,</span> <span class='ocrx_word' id='word_1_274' title='bbox 914 2348 1084 2383; x_wconf 84' lang='lat' dir='ltr'>falsorum</span> <span class='ocrx_word' id='word_1_275' title='bbox 1102 2347 1183 2382; x_wconf 90' lang='lat' dir='ltr'>hore</span> <span class='ocrx_word' id='word_1_276' title='bbox 1205 2348 1233 2383; x_wconf 86' lang='lat' dir='ltr'><strong><em>C</em></strong></span> <span class='ocrx_word' id='word_1_277' title='bbox 1323 2348 1345 2382; x_wconf 86' lang='grc'>8</span> <span class='ocrx_word' id='word_1_278' title='bbox 1362 2348 1545 2392; x_wconf 86' lang='lat' dir='ltr'>inpergere</span> <span class='ocrx_word' id='word_1_279' title='bbox 1560 2347 1637 2392; x_wconf 66' lang='grc' dir='ltr'>ΡΩ,</span> 
     </span>
     <span class='ocr_line' id='line_1_31' title="bbox 141 2404 1549 2451; baseline 0.001 -13"><span class='ocrx_word' id='word_1_280' title='bbox 141 2404 344 2449; x_wconf 73' lang='lat' dir='ltr'>inspergere</span> <span class='ocrx_word' id='word_1_281' title='bbox 375 2405 440 2440; x_wconf 87' lang='lat' dir='ltr'>CR</span> <span class='ocrx_word' id='word_1_282' title='bbox 571 2407 622 2451; x_wconf 84' lang='lat' dir='ltr'>ac]</span> <span class='ocrx_word' id='word_1_283' title='bbox 657 2408 692 2440; x_wconf 88' lang='lat' dir='ltr'>et</span> <span class='ocrx_word' id='word_1_284' title='bbox 726 2418 746 2442; x_wconf 84' lang='lat' dir='ltr'><em>v</em></span> <span class='ocrx_word' id='word_1_285' title='bbox 877 2416 916 2440; x_wconf 85' lang='lat' dir='ltr'>ac</span> <span class='ocrx_word' id='word_1_286' title='bbox 949 2405 1190 2440; x_wconf 81' lang='lat' dir='ltr'>sacerdotibus</span> <span class='ocrx_word' id='word_1_287' title='bbox 1225 2405 1389 2449; x_wconf 87' lang='lat' dir='ltr'>congruit</span> <span class='ocrx_word' id='word_1_288' title='bbox 1421 2415 1486 2440; x_wconf 77' lang='lat' dir='ltr'>om.</span> <span class='ocrx_word' id='word_1_289' title='bbox 1515 2404 1549 2439; x_wconf 91' lang='lat' dir='ltr'><em>R</em></span> 
     </span>
     <span class='ocr_line' id='line_1_32' title="bbox 139 2462 1591 2509; baseline -0.001 -13"><span class='ocrx_word' id='word_1_290' title='bbox 139 2462 161 2496; x_wconf 87' lang='grc'><strong>9</strong></span> <span class='ocrx_word' id='word_1_291' title='bbox 177 2473 278 2506; x_wconf 81' lang='lat' dir='ltr'>opere</span> <span class='ocrx_word' id='word_1_292' title='bbox 302 2462 344 2497; x_wconf 77' lang='lat'>0¹</span> <span class='ocrx_word' id='word_1_293' title='bbox 438 2464 478 2497; x_wconf 90' lang='lat' dir='ltr'>ut</span> <span class='ocrx_word' id='word_1_294' title='bbox 495 2463 566 2497; x_wconf 85' lang='lat' dir='ltr'>alia</span> <span class='ocrx_word' id='word_1_295' title='bbox 584 2463 630 2498; x_wconf 91' lang='lat' dir='ltr'><em>M</em></span> <span class='ocrx_word' id='word_1_296' title='bbox 647 2466 702 2507; x_wconf 91' lang='lat' dir='ltr'>(ut</span> <span class='ocrx_word' id='word_1_297' title='bbox 719 2463 809 2498; x_wconf 80' lang='lat' dir='ltr'>talia</span> <span class='ocrx_word' id='word_1_298' title='bbox 829 2463 872 2509; x_wconf 75' lang='lat' dir='ltr'>Q)</span> <span class='ocrx_word' id='word_1_299' title='bbox 967 2474 988 2497; x_wconf 90' lang='lat' dir='ltr'>a</span> <span class='ocrx_word' id='word_1_300' title='bbox 1005 2474 1071 2497; x_wconf 81' lang='lat' dir='ltr'>om.</span> <span class='ocrx_word' id='word_1_301' title='bbox 1095 2463 1159 2498; x_wconf 84' lang='lat' dir='ltr'>CR</span> <span class='ocrx_word' id='word_1_302' title='bbox 1254 2462 1298 2496; x_wconf 93' lang='lat'>10</span> <span class='ocrx_word' id='word_1_303' title='bbox 1313 2463 1524 2506; x_wconf 86' lang='lat' dir='ltr'>respuentur</span> <span class='ocrx_word' id='word_1_304' title='bbox 1543 2462 1591 2495; x_wconf 59' lang='grc' dir='ltr'>[ι’</span> 
     </span>
     <span class='ocr_line' id='line_1_33' title="bbox 142 2518 1638 2565; baseline -0.001 -12"><span class='ocrx_word' id='word_1_305' title='bbox 142 2520 183 2553; x_wconf 95' lang='grc'>11</span> <span class='ocrx_word' id='word_1_306' title='bbox 202 2519 383 2554; x_wconf 82' lang='lat' dir='ltr'>edocemus</span> <span class='ocrx_word' id='word_1_307' title='bbox 400 2519 437 2553; x_wconf 85' lang='lat' dir='ltr'><em>F</em></span> <span class='ocrx_word' id='word_1_308' title='bbox 529 2521 572 2555; x_wconf 82' lang='lat'>12</span> <span class='ocrx_word' id='word_1_309' title='bbox 589 2520 707 2555; x_wconf 88' lang='lat' dir='ltr'>dolum</span> <span class='ocrx_word' id='word_1_310' title='bbox 725 2521 761 2555; x_wconf 82' lang='lat' dir='ltr'><strong><em>F</em></strong></span> <span class='ocrx_word' id='word_1_311' title='bbox 763 2548 770 2562; x_wconf 86' lang='lat'>,</span> <span class='ocrx_word' id='word_1_312' title='bbox 790 2520 957 2555; x_wconf 90' lang='lat' dir='ltr'>insidiose</span> <span class='ocrx_word' id='word_1_313' title='bbox 980 2519 1127 2565; x_wconf 76' lang='lat' dir='ltr'>CPQR,</span> <span class='ocrx_word' id='word_1_314' title='bbox 1147 2519 1318 2554; x_wconf 85' lang='lat' dir='ltr'>insidiosa</span> <span class='ocrx_word' id='word_1_315' title='bbox 1338 2520 1371 2554; x_wconf 90' lang='lat' dir='ltr'><em>L</em></span> <span class='ocrx_word' id='word_1_316' title='bbox 1466 2520 1511 2556; x_wconf 87' lang='lat'>13</span> <span class='ocrx_word' id='word_1_317' title='bbox 1528 2518 1638 2552; x_wconf 88' lang='lat' dir='ltr'>abun-</span> 
     </span>
     <span class='ocr_line' id='line_1_34' title="bbox 139 2576 1595 2623; baseline 0 -13"><span class='ocrx_word' id='word_1_318' title='bbox 139 2576 240 2611; x_wconf 86' lang='lat' dir='ltr'>dabit</span> <span class='ocrx_word' id='word_1_319' title='bbox 254 2577 326 2612; x_wconf 84' lang='lat' dir='ltr'>FL</span> <span class='ocrx_word' id='word_1_320' title='bbox 419 2577 595 2612; x_wconf 86' lang='lat' dir='ltr'>malitiam</span> <span class='ocrx_word' id='word_1_321' title='bbox 607 2578 713 2623; x_wconf 75' lang='lat' dir='ltr'>FPQ</span> <span class='ocrx_word' id='word_1_322' title='bbox 805 2577 1106 2622; x_wconf 84' lang='lat' dir='ltr'>complcctabatur</span> <span class='ocrx_word' id='word_1_323' title='bbox 1121 2578 1165 2618; x_wconf 88' lang='lat' dir='ltr'>R,</span> <span class='ocrx_word' id='word_1_324' title='bbox 1181 2576 1494 2621; x_wconf 86' lang='lat' dir='ltr'>conplectebantur</span> <span class='ocrx_word' id='word_1_325' title='bbox 1514 2576 1595 2611; x_wconf 85' lang='lat' dir='ltr'>C&#39;P</span> 
     </span>
     <span class='ocr_line' id='line_1_35' title="bbox 142 2633 1593 2681; baseline -0.001 -13"><span class='ocrx_word' id='word_1_326' title='bbox 142 2635 184 2668; x_wconf 85' lang='lat'>14</span> <span class='ocrx_word' id='word_1_327' title='bbox 201 2634 299 2669; x_wconf 85' lang='lat' dir='ltr'>sedes</span> <span class='ocrx_word' id='word_1_328' title='bbox 320 2635 349 2680; x_wconf 74' lang='lat' dir='ltr'><em>Q</em></span> <span class='ocrx_word' id='word_1_329' title='bbox 455 2635 496 2669; x_wconf 83' lang='lat'>16</span> <span class='ocrx_word' id='word_1_330' title='bbox 515 2635 608 2670; x_wconf 88' lang='lat' dir='ltr'>dicct</span> <span class='ocrx_word' id='word_1_331' title='bbox 627 2635 656 2681; x_wconf 75' lang='lat' dir='ltr'><em>Q</em></span> <span class='ocrx_word' id='word_1_332' title='bbox 756 2646 858 2670; x_wconf 90' lang='lat' dir='ltr'>omne</span> <span class='ocrx_word' id='word_1_333' title='bbox 882 2636 924 2671; x_wconf 78' lang='lat'>0¹</span> <span class='ocrx_word' id='word_1_334' title='bbox 1032 2636 1072 2669; x_wconf 81' lang='lat'>17</span> <span class='ocrx_word' id='word_1_335' title='bbox 1094 2635 1153 2669; x_wconf 88' lang='lat' dir='ltr'>sed</span> <span class='ocrx_word' id='word_1_336' title='bbox 1170 2636 1207 2669; x_wconf 85' lang='lat' dir='ltr'>et</span> <span class='ocrx_word' id='word_1_337' title='bbox 1226 2635 1255 2680; x_wconf 76' lang='lat' dir='ltr'><em>Q</em></span> <span class='ocrx_word' id='word_1_338' title='bbox 1358 2634 1400 2668; x_wconf 88' lang='grc'><strong>18</strong></span> <span class='ocrx_word' id='word_1_339' title='bbox 1416 2633 1488 2678; x_wconf 87' lang='lat' dir='ltr'>det]</span> <span class='ocrx_word' id='word_1_340' title='bbox 1508 2635 1543 2668; x_wconf 88' lang='lat' dir='ltr'>et</span> <span class='ocrx_word' id='word_1_341' title='bbox 1561 2634 1593 2666; x_wconf 79' lang='lat' dir='ltr'><em>R</em></span> 
     </span>
    </p>
   </div>
   <div class='ocr_carea' id='block_1_6' title="bbox 138 2690 1640 2851">
    <p class='ocr_par' dir='ltr' id='par_1_7' title="bbox 138 2690 1640 2851">
     <span class='ocr_line' id='line_1_36' title="bbox 142 2690 1640 2738; baseline -0.001 -12"><span class='ocrx_word' id='word_1_342' title='bbox 142 2693 253 2737; x_wconf 90' lang='lat' dir='ltr'>porro]</span> <span class='ocrx_word' id='word_1_343' title='bbox 273 2695 414 2737; x_wconf 87' lang='lat' dir='ltr'>propter</span> <span class='ocrx_word' id='word_1_344' title='bbox 435 2694 464 2726; x_wconf 61' lang='grc' dir='ltr'>(ἶ</span> <span class='ocrx_word' id='word_1_345' title='bbox 594 2694 659 2727; x_wconf 84' lang='lat' dir='ltr'>hac</span> <span class='ocrx_word' id='word_1_346' title='bbox 677 2693 723 2727; x_wconf 90' lang='lat' dir='ltr'><em>M</em></span> <span class='ocrx_word' id='word_1_347' title='bbox 740 2693 839 2735; x_wconf 86' lang='lat' dir='ltr'>(haec</span> <span class='ocrx_word' id='word_1_348' title='bbox 860 2693 903 2738; x_wconf 76' lang='lat' dir='ltr'>Q)</span> <span class='ocrx_word' id='word_1_349' title='bbox 1035 2693 1081 2726; x_wconf 80' lang='lat'>20</span> <span class='ocrx_word' id='word_1_350' title='bbox 1098 2692 1287 2726; x_wconf 85' lang='lat' dir='ltr'>conscribti</span> <span class='ocrx_word' id='word_1_351' title='bbox 1307 2692 1340 2725; x_wconf 84' lang='lat' dir='ltr'><em>L</em></span> <span class='ocrx_word' id='word_1_352' title='bbox 1461 2693 1499 2724; x_wconf 91' lang='lat' dir='ltr'>ut</span> <span class='ocrx_word' id='word_1_353' title='bbox 1517 2690 1588 2734; x_wconf 86' lang='lat' dir='ltr'>legi</span> <span class='ocrx_word' id='word_1_354' title='bbox 1612 2690 1640 2724; x_wconf 78' lang='lat' dir='ltr'><em>G</em></span> 
     </span>
     <span class='ocr_line' id='line_1_37' title="bbox 138 2747 1547 2795; baseline -0.001 -11"><span class='ocrx_word' id='word_1_355' title='bbox 138 2749 201 2784; x_wconf 78' lang='lat' dir='ltr'>sed</span> <span class='ocrx_word' id='word_1_356' title='bbox 227 2752 265 2783; x_wconf 93' lang='lat' dir='ltr'>ut</span> <span class='ocrx_word' id='word_1_357' title='bbox 289 2762 316 2784; x_wconf 79' lang='lat' dir='ltr'>s.</span> <span class='ocrx_word' id='word_1_358' title='bbox 343 2750 364 2784; x_wconf 93' lang='lat' dir='ltr'>I.</span> <span class='ocrx_word' id='word_1_359' title='bbox 506 2751 579 2795; x_wconf 87' lang='lat' dir='ltr'>nos]</span> <span class='ocrx_word' id='word_1_360' title='bbox 606 2761 667 2784; x_wconf 89' lang='lat' dir='ltr'>nos</span> <span class='ocrx_word' id='word_1_361' title='bbox 692 2761 759 2784; x_wconf 91' lang='lat' dir='ltr'>non</span> <span class='ocrx_word' id='word_1_362' title='bbox 790 2750 877 2786; x_wconf 81' lang='lat' dir='ltr'><em>ch</em></span> <span class='ocrx_word' id='word_1_363' title='bbox 1014 2749 1153 2794; x_wconf 83' lang='lat' dir='ltr'>patitur</span> <span class='ocrx_word' id='word_1_364' title='bbox 1179 2749 1257 2794; x_wconf 74' lang='lat' dir='ltr'>FQ,</span> <span class='ocrx_word' id='word_1_365' title='bbox 1283 2748 1460 2793; x_wconf 87' lang='lat' dir='ltr'>patiamur</span> <span class='ocrx_word' id='word_1_366' title='bbox 1483 2747 1547 2783; x_wconf 85' lang='lat' dir='ltr'>CR</span> 
     </span>
     <span class='ocr_line' id='line_1_38' title="bbox 140 2805 1638 2851; baseline -0.001 -11"><span class='ocrx_word' id='word_1_367' title='bbox 140 2806 268 2841; x_wconf 80' lang='lat' dir='ltr'>fratres</span> <span class='ocrx_word' id='word_1_368' title='bbox 291 2808 320 2841; x_wconf 86' lang='lat' dir='ltr'><em>C</em></span> <span class='ocrx_word' id='word_1_369' title='bbox 422 2808 466 2841; x_wconf 87' lang='grc'><strong>21</strong></span> <span class='ocrx_word' id='word_1_370' title='bbox 485 2807 666 2842; x_wconf 84' lang='lat' dir='ltr'>carissime</span> <span class='ocrx_word' id='word_1_371' title='bbox 685 2817 749 2842; x_wconf 87' lang='lat' dir='ltr'>om.</span> <span class='ocrx_word' id='word_1_372' title='bbox 775 2808 804 2843; x_wconf 83' lang='lat' dir='ltr'><strong><em>G</em></strong></span> <span class='ocrx_word' id='word_1_373' title='bbox 902 2807 1099 2851; x_wconf 83' lang='lat' dir='ltr'>aduersum]</span> <span class='ocrx_word' id='word_1_374' title='bbox 1119 2805 1161 2840; x_wconf 87' lang='lat' dir='ltr'>de</span> <span class='ocrx_word' id='word_1_375' title='bbox 1178 2817 1199 2840; x_wconf 88' lang='lat' dir='ltr'><em>v</em></span> <span class='ocrx_word' id='word_1_376' title='bbox 1291 2807 1328 2840; x_wconf 85' lang='lat' dir='ltr'>et</span> <span class='ocrx_word' id='word_1_377' title='bbox 1344 2816 1409 2840; x_wconf 84' lang='lat' dir='ltr'>om.</span> <span class='ocrx_word' id='word_1_378' title='bbox 1431 2805 1465 2840; x_wconf 83' lang='lat' dir='ltr'><em>R</em></span> <span class='ocrx_word' id='word_1_379' title='bbox 1558 2816 1638 2839; x_wconf 88' lang='lat' dir='ltr'>con-</span> 
     </span>
    </p>
   </div>
   <div class='ocr_carea' id='block_1_7' title="bbox 140 2862 1445 2909">
    <p class='ocr_par' dir='ltr' id='par_1_8' title="bbox 140 2862 1445 2909">
     <span class='ocr_line' id='line_1_39' title="bbox 140 2862 1445 2909; baseline 0 -12"><span class='ocrx_word' id='word_1_380' title='bbox 140 2864 359 2909; x_wconf 82' lang='lat' dir='ltr'>praesbyteri</span> <span class='ocrx_word' id='word_1_381' title='bbox 383 2863 592 2909; x_wconf 69' lang='lat' dir='ltr'><em>(JFLPQR</em></span> <span class='ocrx_word' id='word_1_382' title='bbox 610 2865 885 2907; x_wconf 78' lang='lat' dir='ltr'>(Nouatianmn</span> <span class='ocrx_word' id='word_1_383' title='bbox 902 2864 1095 2909; x_wconf 43' lang='lat' dir='ltr'>clesiynatl</span> <span class='ocrx_word' id='word_1_384' title='bbox 1114 2862 1407 2907; x_wconf 86' lang='lat' dir='ltr'>compresbyteris</span> <span class='ocrx_word' id='word_1_385' title='bbox 1428 2874 1445 2897; x_wconf 84' lang='grc' dir='ltr'><strong><em>υ</em></strong></span> 
     </span>
    </p>
   </div>
  </div>
 </body>
</html>
