1838 3152
192 227 272 268 766
696 209 911 259 ‘Caecilii
937 225 1149 270 Cypriani

189 342 330 371 manos
375 330 518 371 scribit
566 331 606 370 et
650 330 770 371 dicit:
815 331 1172 384 unusquisque
1216 334 1451 374 nostrum
1498 345 1584 386 pro
1635 347 1684 375 se

189 399 448 439 rationem
488 399 647 440 dabit.
686 411 780 440 non
818 412 935 453 ergo
978 411 1065 441 nos
1107 400 1330 442 inuicem
1379 401 1680 443 iudicemus.

188 468 283 519 opto
305 468 358 521 te,
382 467 441 508 fili
464 467 689 518 carissime,
713 480 870 520 semper
890 468 990 509 bene
1014 468 1163 510 ualere.

562 672 1049 744 EPISTVLA
1098 672 1313 744 LXX.

324 807 589 842 CYPRIANVS
615 807 864 842 LIBERALIS
891 808 1158 843 CALDONIVS
1184 809 1348 843 IVNIVS
1374 810 1551 845 PRIMVS
1701 825 1714 849 5

186 864 432 899 CAECILIVS
466 865 771 900 POLYCARPVS
804 865 1075 899 NICOMEDES
1108 866 1252 900 FELIX
1283 867 1555 902 MARRVTIVS
1589 868 1688 903 SVC-

186 921 351 956 CESSVS
376 922 611 956 LVCIANVS
637 923 919 958 HONORATVS
946 923 1257 958 FORTVNATVS
1277 925 1452 960 VICTOR
1469 925 1687 960 DONATVS

184 979 350 1014 LVCIVS
376 979 690 1014 HERCVLANVS
714 980 990 1016 POMPONIVS
1008 982 1278 1016 DEMETRIVS
1297 983 1501 1025 QVINTVS
1521 983 1687 1017 SATVR-

184 1036 331 1070 NINVS
370 1037 557 1071 MARCVS
595 1037 733 1071 ALIVS
771 1038 1074 1072 SATVRNINVS
1111 1039 1251 1073 ALIVS
1289 1040 1509 1075 DONATVS
1546 1041 1687 1077 ROGA-

185 1092 358 1126 TIANVS
407 1093 613 1127 SEDATVS
662 1094 932 1129 TERTVLLVS
980 1096 1344 1131 HORTENSIANVS
1389 1098 1507 1131 ITEM
1547 1099 1685 1133 ALIVS
1702 1109 1734 1133 10

185 1150 485 1184 SATVRNINVS
504 1151 696 1186 SATTIVS
721 1152 956 1187 IANVARIO
982 1153 1253 1190 SATVRNINO
1278 1155 1471 1190 MAXIMO
1497 1155 1688 1191 VICTORI

182 1207 296 1243 ALIO
329 1208 523 1244 VICTORI
556 1209 715 1244 CASSIO
740 1209 955 1245 PROCVLO
982 1210 1203 1246 MODIANO
1237 1211 1430 1248 CITTINO
1457 1212 1687 1248 GARGILIO

183 1265 489 1301 EVTYCHIANO
529 1267 641 1302 ALIO
683 1267 909 1303 GARGILIO
951 1267 1063 1303 ALIO
1098 1268 1372 1305 SATVRNINO
1413 1270 1689 1306 NEMESIANO

183 1322 411 1358 NAMPVLO
448 1324 730 1360 ANTONIANO
764 1324 1039 1361 ROGATIANO
1075 1325 1329 1363 HONORATO
1362 1327 1627 1361 FRATRIBVS
1654 1328 1685 1361 Sr

148 1479 164 1519 l
243 1473 343 1515 Cum
366 1474 492 1515 simul
513 1474 556 1516 in
578 1475 746 1517 concilio
769 1488 960 1526 essemus,
992 1476 1137 1517 fratres
1161 1475 1374 1527 carissimi,
1406 1476 1583 1531 legimus
1613 1477 1685 1518 lit·
1701 1494 1731 1518 15

185 1544 272 1585 tera
301 1545 457 1586 uestras
488 1557 586 1598 quas
609 1545 765 1586 fecistis
787 1545 835 1587 <le
856 1545 921 1586 his
944 1545 1014 1598 qui
1036 1546 1144 1598 apud
1166 1545 1392 1587 haereticos
1417 1546 1456 1586 et
1487 1546 1685 1587 schisma-

323 1681 342 1714 1
368 1681 467 1715 Rom.
495 1681 548 1723 14,
577 1682 629 1715 12.
657 1681 710 1715 13.

253 1806 274 1839 3
292 1808 372 1851 opto
394 1834 401 1841 .
418 1835 424 1841 .
440 1834 446 1840 .
467 1808 585 1841 ualere
603 1818 668 1841 om.
693 1808 722 1842 C
897 1807 963 1853 fili]
984 1799 1023 1842 ff
1035 1808 1080 1843 R.
1100 1829 1141 1832 -
1161 1808 1216 1842 Ad
1232 1808 1406 1852 Magnum
1426 1807 1467 1841 de
1484 1807 1685 1841 Nouatiano

183 1864 219 1897 ct
245 1863 286 1897 de
310 1864 366 1897 his
393 1865 454 1908 qui
479 1865 516 1898 in
541 1865 632 1899 lecto
658 1866 917 1909 consequuntur
943 1866 1087 1909 explicit
1106 1865 1186 1910 EQ,
1219 1865 1376 1909 Explicit
1395 1865 1438 1899 ad
1456 1865 1626 1909 Magnum
1644 1864 1685 1899 de

184 1920 241 1954 his
267 1921 328 1965 qui
354 1922 390 1955 in
415 1922 505 1956 lccto
531 1924 791 1967 consequuntur
810 1924 854 1964 P,
884 1923 939 1957 Ad
956 1923 1128 1967 Magnum
1153 1923 1194 1956 dc
1213 1923 1439 1967 baptismate
1465 1922 1684 1956 infirmorum

183 1978 329 2022 explicit
344 1979 389 2020 B,
408 1980 564 2024 Explicit
582 1982 663 2024 (om.
683 1981 733 2025 R)
753 1980 796 2014 ad
813 1980 984 2025 Magnum
1004 1980 1045 2014 de
1064 1980 1224 2015 Cornelio
1243 1982 1279 2014 et
1297 1980 1499 2014 Nouatiano
1526 1979 1686 2024 (explicit

181 2036 266 2071 add.
287 2037 337 2081 R)
361 2038 432 2072 CR.
454 2059 494 2062 —

250 2094 363 2137 Epist.
399 2094 503 2129 LXX.
538 2116 581 2119 —
616 2095 750 2139 Incipit
783 2095 827 2129 ἃᾶ
859 2096 1075 2129 quaianum
1108 2095 1148 2129 de
1181 2094 1350 2129 hereticis
1386 2094 1612 2139 baptizandis
1641 2095 1690 2128 M

183 2151 266 2193 (om.
290 2150 345 2195 Q),
376 2151 509 2195 Incipit
538 2152 582 2186 ad
598 2152 811 2186 quaianum
840 2152 931 2186 liber
961 2152 1132 2187 secundus
1150 2153 1195 2193 P,
1226 2152 1360 2195 Incipit
1392 2151 1435 2185 ἃᾶ
1466 2152 1620 2196 collegas
1644 2151 1685 2185 de

183 2208 351 2242 hereticis
391 2209 614 2254 baptizandis
654 2210 730 2252 CR,
770 2210 903 2254 Incipit
942 2210 986 2244 ἃᾶ
1025 2212 1157 2244 ceteros
1199 2209 1413 2243 confessores
1456 2209 1610 2243 feliciter
1651 2220 1680 2252 c,

182 2276 248 2300 om.
268 2266 312 2300 L.
335 2287 371 2291 —
392 2267 414 2301 ὃ
431 2267 618 2311 cyprianus
640 2294 647 2302 .
663 2294 693 2301 ..
715 2268 735 2302 l.
756 2271 801 2302 14
826 2268 990 2312 salutem]
1018 2267 1213 2312 Cyprianus
1243 2278 1322 2301 cuin
1353 2267 1499 2311 collegis
1517 2266 1683 2300 Ianuario

183 2326 220 2358 et
237 2325 362 2359 ceteris
381 2327 593 2370 coepiscopis
611 2325 785 2360 fratribus
803 2325 954 2359 salutem
978 2325 1027 2360 Vc
1188 2324 1376 2369 cyprianus
1399 2352 1407 2359 .
1423 2351 1427 2356 .
1445 2350 1450 2356 .
1473 2325 1494 2358 Ζ.
1515 2326 1558 2358 15
1575 2325 1681 2358 caris-

185 2383 267 2416 simi
285 2394 349 2417 om.
370 2383 399 2427 Q
539 2383 733 2417 calidonius
747 2384 796 2417 M
931 2382 1051 2416 iunius
1070 2393 1135 2417 om.
1160 2382 1224 2418 CR
1364 2381 1500 2426 primus
1519 2381 1684 2415 caecilius

186 2451 251 2474 om.
272 2441 307 2475 R
416 2441 436 2474 6
454 2441 674 2485 nicompedes
697 2441 726 2476 O
832 2441 1029 2475 marrucius
1047 2440 1176 2481 LMR,
1196 2440 1392 2474 mari-acius
1415 2439 1444 2474 G
1552 2449 1684 2473 succes-

134 2538 137 2542 ,
183 2498 257 2532 31113
282 2499 346 2533 CR
450 2499 471 2532 8
489 2499 716 2533 herculanius
734 2499 770 2534 R
873 2499 1072 2543 ponponius
1090 2498 1134 2540 R,
1154 2498 1337 2542 pomonius
1361 2498 1391 2532 Ο
1492 2497 1514 2530 9
1531 2496 1683 2540 marcus]

183 2555 365 2590 ianuarius
383 2567 523 2590 marcus
547 2556 696 2591 CLMR
797 2556 1007 2600 rogacianus
1031 2556 1061 2591 G
1160 2556 1204 2589 10
1221 2555 1376 2599 sedatus]
1397 2554 1586 2588 sedonatus
1605 2554 1640 2588 R

183 2613 292 2658 alius]
312 2614 433 2648 alilius
451 2614 487 2649 R
618 2615 661 2648 11
681 2614 795 2648 satius
814 2614 868 2655 M,
889 2614 1042 2648 scattius
1066 2614 1094 2649 Ο
1220 2613 1368 2647 ianuar-o
1387 2612 1423 2647 R
1555 2612 1598 2646 12
1616 2612 1685 2645 alio

182 2670 312 2705 uictori
331 2682 396 2705 om.
419 2671 449 2706 0
592 2671 705 2706 cussio
729 2671 758 2707 G
765 2675 770 2692 ¹
925 2671 1103 2716 modiano]
1121 2671 1315 2705 domitiano
1335 2671 1370 2705 P
1524 2669 1566 2703 13
1585 2670 1684 2713 euty-

182 2728 283 2762 aiano
301 2729 357 2763 Pv
518 2730 703 2773 eutyciane
721 2729 791 2763 alio
809 2729 962 2773 gargilio
981 2729 1066 2763 add.
1085 2730 1121 2763 P
1136 2740 1180 2763 m.
1200 2731 1236 2772 2,
1256 2739 1321 2762 om.
1346 2728 1410 2763 GR
1574 2726 1684 2760 nemi-

182 2785 281 2820 siano
298 2786 350 2820 R¹
480 2787 670 2831 nampaulo
690 2787 724 2820 L
847 2787 1012 2831 nampulo
1031 2786 1224 2820 antoniano
1243 2797 1307 2820 om.
1333 2785 1398 2821 GR
1524 2784 1567 2818 14
1583 2794 1684 2828 roga-

183 2842 295 2887 tiano]
319 2844 442 2887 rogato
466 2843 532 2879 CR
672 2844 715 2878 16
733 2843 834 2887 quas]
853 2843 897 2877 ad
914 2854 976 2877 nos
995 2843 1077 2877 add.
1104 2843 1208 2878 CRcv
1347 2841 1418 2886 his]
1437 2841 1482 2876 iis
1501 2852 1540 2876 cv
