1838 3152
169 222 251 264 818
696 220 889 256 Caecilii
920 221 1136 266 Cypriani

169 325 377 366 daemonis
399 324 533 366 multa
549 325 601 366 ad
618 325 895 377 deceptionem
915 325 1101 366 fidelium
1122 326 1383 377 moliebatur,
1407 327 1515 368 inter
1536 328 1671 369 cetera

168 394 317 447 quibus
346 394 546 446 plurimos
575 394 788 446 deceperat
817 394 943 435 etiam
971 394 1046 435 hoc
1077 395 1308 447 frequenter
1336 408 1434 437 ausa
1455 397 1530 446 est,
1561 396 1609 436 ut
1628 397 1670 437 et

167 461 423 504 inuocatione
454 475 534 504 non
564 462 870 515 contemptibili
898 462 1155 504 sanctificare
1184 475 1226 504 se
1252 476 1399 516 panem
1421 464 1462 505 et
1484 464 1670 506 euchari-

167 530 291 571 stiam
326 530 458 572 facere
491 532 709 573 simularet
743 532 783 572 et
813 531 1062 573 sacrificium
1090 531 1266 572 Domino
1299 532 1386 574 sine
1417 533 1670 574 sacramento

166 598 312 640 solitae
340 599 657 653 praedicationis
688 599 865 649 offerret,
897 599 1125 653 baptizaret
1155 611 1314 653 quoque
1335 601 1491 642 multos
1512 601 1695 643 usitata5

165 668 206 708 et
233 667 425 721 legitima
455 668 579 709 uerba
607 668 946 722 interrogationis
975 681 1192 722 usurpans,
1230 670 1277 709 ut
1305 669 1411 710 nihil
1441 670 1669 723 discrepare

165 735 214 776 ab
238 736 516 777 ecclesiastica
537 736 681 790 regula
703 736 924 778 uideretur.

100 809 146 848 11
223 802 331 854 Quid
366 805 497 858 igitur
532 805 581 845 de
619 805 742 846 huius
783 805 992 858 baptismo
1035 805 1231 857 dicemus,
1274 818 1353 859 quo
1394 806 1670 859 nequissimus

166 871 339 914 daemon
366 885 438 925 per
466 873 684 915 mulierem
706 873 964 926 baptizauit‘?
994 874 1197 927 numquid
1219 875 1259 916 et
1280 874 1355 915 hoc
1377 874 1607 929 Stephanus
1631 875 1672 916 et

164 941 235 993 qui
256 941 321 982 illi
338 942 598 983 consentiunt
621 942 881 995 conprobant,
905 943 1085 984 maxime
1107 943 1172 984 cui
1193 956 1265 985 nec
1288 943 1524 997 symbolum
1545 943 1667 984 trini-
1683 958 1716 982 10

163 1010 265 1051 tatis
302 1023 376 1052 nec
412 1010 679 1065 interrogatio
716 1011 908 1065 legitima
945 1011 986 1052 et
1023 1012 1299 1054 ecclesiastica
1335 1012 1497 1054 defuit?
1534 1013 1670 1066 potest

164 1077 273 1118 credi
303 1079 375 1119 aut
398 1079 585 1120 remissio
606 1080 869 1132 peccatorum
891 1081 989 1122 data
1010 1081 1083 1122 aut
1102 1081 1262 1122 lauacri
1284 1081 1479 1123 salutaris
1502 1094 1670 1135 regene-

164 1146 269 1187 ratio
304 1147 382 1189 rite
412 1147 606 1201 perfecta,
642 1148 714 1189 ubi
748 1149 885 1190 omnia
919 1149 1110 1202 quamuis
1140 1149 1192 1191 ad
1220 1149 1447 1204 imaginem
1481 1150 1669 1191 ueritatis

163 1217 305 1257 tamen
325 1229 398 1269 per
419 1217 658 1259 daemonem
680 1219 798 1271 gesta
820 1219 946 1260 sunt?
968 1218 1048 1260 nisi
1070 1219 1104 1260 si
1123 1219 1164 1260 et
1185 1219 1426 1260 daemonem
1446 1219 1489 1260 in
1508 1218 1670 1260 nomine

164 1284 295 1338 patris
318 1286 358 1326 et
379 1285 456 1326 filii
479 1287 519 1327 et
541 1286 712 1339 spiritus
735 1287 867 1328 sancti
889 1287 1069 1341 gratiam
1093 1287 1292 1341 baptismi
1315 1287 1476 1334 dedisse
1498 1287 1664 1329 conten·
1681 1306 1711 1330 15

165 1354 269 1394 dunt
303 1355 374 1407 qui
410 1355 710 1396 haereticorum
753 1356 1006 1408 baptismata
1047 1356 1256 1407 adserunt,
1300 1356 1409 1410 apud
1447 1368 1547 1409 quos
1585 1356 1671 1396 sine

164 1422 289 1463 dubio
319 1424 429 1465 idem
461 1437 570 1465 error
599 1425 674 1474 est,
709 1425 954 1466 daemonum
974 1425 1140 1466 fallacia
1160 1425 1250 1479 ipsa
1272 1426 1345 1479 est,
1381 1426 1541 1479 quando
1564 1423 1672 1477 apud

164 1491 258 1533 illos
284 1493 449 1534 omnino
472 1494 636 1535 sanctus
658 1494 828 1547 spiritus
851 1507 930 1536 non
954 1495 1027 1535 est.

100 1561 149 1601 12
224 1560 334 1602 Illud
376 1562 503 1603 etiam
545 1562 664 1615 quale
700 1564 762 1604 est
800 1563 906 1615 quod
943 1563 1036 1604 uult
1072 1562 1314 1617 Stephanus,
1355 1563 1420 1604 his
1456 1562 1526 1616 qui
1563 1563 1672 1615 apud

165 1629 392 1672 haereticos
415 1631 680 1684 baptizantur
697 1631 837 1673 adesse
853 1631 1129 1684 praesentiam
1146 1633 1186 1673 et
1203 1632 1474 1673 sanctimonia
1490 1631 1672 1673 Christi?
1687 1651 1719 1676 20

165 1711 261 1739 nam
284 1699 319 1739 si
341 1711 421 1740 non
442 1700 644 1741 mentitur
667 1701 876 1754 apostolus
908 1700 1068 1742 dicens:
1101 1701 1355 1754 quotquot
1386 1701 1435 1742 in
1468 1700 1673 1742 Christo

165 1768 329 1809 tincti
373 1768 527 1818 estis,
571 1767 838 1810 Christum
881 1769 1159 1820 induistis,
1208 1769 1351 1822 utique
1393 1769 1463 1822 qui
1503 1769 1591 1810 illic
1631 1768 1674 1810 in

166 1835 327 1877 Christo
361 1837 596 1889 baptizatus
630 1839 692 1879 est
725 1837 862 1878 induit
891 1837 1115 1879 Christum.
1153 1837 1188 1879 si
1217 1839 1358 1879 autem
1387 1837 1524 1879 induit
1556 1837 1673 1879 Chri-

169 1905 294 1956 stum,
318 1906 500 1959 accipere
521 1906 658 1959 potuit
681 1907 721 1947 et
744 1907 940 1960 spiritum
962 1908 1165 1957 sanctum,
1199 1907 1269 1960 qui
1291 1920 1313 1948 a
1336 1906 1497 1948 Christo
1521 1907 1672 1948 missus

169 1974 243 2023 est,
273 1974 313 2015 et
342 1974 497 2016 frustra
526 1975 590 2016 illi
620 1976 803 2017 uenienti
826 1976 877 2017 ad
900 1976 1184 2030 accipiendum
1214 1976 1408 2029 spiritum
1437 1988 1581 2017 manus
1603 1976 1667 2017 in-
1681 1993 1713 2019 25

164 2042 351 2095 ponitur:
384 2043 464 2085 nisi
495 2044 529 2085 si
552 2057 575 2085 a
597 2043 759 2085 Christo
790 2045 984 2098 spiritum
1015 2045 1209 2086 diuidunt
1239 2045 1286 2085 ut
1307 2045 1415 2098 apud
1445 2045 1672 2086 haereticos

164 2110 220 2150 sit
242 2111 408 2164 quidem
431 2111 631 2163 Christus,
655 2125 735 2154 non
757 2113 812 2155 sit
835 2115 974 2154 autem
996 2113 1084 2154 illic
1107 2113 1277 2166 spiritus
1300 2115 1478 2155 sanctus.

306 2281 350 2315 21
377 2281 454 2316 Gal.
482 2283 513 2322 3,
540 2282 598 2317 27.

234 2442 253 2476 1
272 2443 406 2476 multas
424 2444 447 2476 I
550 2444 776 2489 moliebatur]
797 2445 1006 2479 mouebatur
1026 2445 1119 2490 EIQ
1229 2446 1250 2480 3
1268 2446 1407 2490 panem]
1427 2457 1549 2490 pacem
1568 2446 1632 2480 ΕΙ

166 2499 189 2533 4
206 2497 293 2544 sinc]
320 2511 389 2534 non
407 2501 482 2534 sinc
499 2502 590 2535 coni.
615 2501 731 2536 000011.
741 2516 754 2545 ,·
781 2503 855 2536 siue
873 2504 1135 2537 sacramentum
1155 2503 1281 2537 solitae
1299 2503 1513 2547 precationis
1532 2503 1673 2537 offerret

166 2557 258 2591 coni.
278 2557 466 2602 szyaztius
594 2559 615 2593 5
633 2559 767 2594 usitate
784 2560 879 2605 MQ¹
989 2561 1025 2602 36
1042 2561 1155 2594 nichil
1175 2561 1207 2602 Ι,
1226 2561 1279 2594 1111
1296 2572 1316 2596 v
1445 2561 1487 2595 13
1504 2561 1577 2605 ubi]
1596 2561 1674 2595 ubi·

166 2614 222 2647 uis
235 2615 302 2648 EI
392 2616 435 2650 14
447 2616 591 2651 demone
606 2617 654 2651 M
657 2617 702 2662 ΩΙ
797 2617 840 2651 15
858 2618 1076 2652 contendunt
1092 2618 1125 2660 Ι,
1145 2620 1375 2652 contemnunt
1388 2618 1460 2662 EQ
1477 2622 1509 2652 et
1526 2629 1552 2652 s.
1568 2619 1589 2652 Z.
1606 2618 1633 2652 Ι

164 2671 208 2705 16
225 2671 404 2716 baptisma
423 2673 468 2708 Iv
608 2674 774 2708 deserunt
792 2675 831 2708 E
845 2679 877 2709 et
893 2686 919 2709 s.
940 2676 960 2709 l.
981 2676 1014 2720 Ι,
1033 2675 1286 2732 dcfenthQ
1436 2675 1477 2709 17
1496 2686 1589 2709 error
1606 2676 1672 2720 est]

164 2738 314 2762 errorem
332 2730 380 2764 M
385 2730 430 2775 (2¹
577 2732 620 2766 18
637 2732 732 2777 illos]
751 2732 843 2766 illud
860 2732 941 2767 illos
959 2733 1000 2767 E
1137 2744 1195 2776 sps
1214 2744 1267 2767 scs
1287 2733 1333 2767 Iv
1481 2733 1526 2766 20
1543 2732 1674 2766 sancti-

164 2786 319 2820 moniam
338 2788 380 2822 Iv
531 2789 574 2823 21
593 2789 778 2833 quodquod
796 2789 845 2824 M
848 2789 893 2835 Q¹
1045 2791 1089 2825 26
1111 2790 1279 2824 diuidunt
1301 2790 1341 2834 Q,
1359 2789 1479 2824 induit
1496 2790 1586 2831 EIv,
1606 2801 1674 2824 11011

163 2842 282 2877 induit
305 2846 397 2879 coni.
424 2845 615 2890 Cauchius,
642 2858 711 2881 11011
737 2847 835 2881 ducit
853 2848 945 2882 coni.
967 2848 1091 2883 Reum
1300 2848 1343 2881 27
1364 2847 1441 2881 illic
1459 2848 1577 2881 autem
1599 2847 1629 2891 Q
