1838 3152
188 214 276 256 540
733 212 926 248 Caecilii
951 213 1171 257 Cypriani

190 328 272 369 rim
294 329 340 369 ut
357 328 531 380 sciretis,
555 329 769 382 utriusque
791 329 992 383 epistulae
1015 329 1248 383 exemplum
1269 330 1423 372 litteris
1445 331 1548 372 meis
1570 331 1696 373 iunxi.

192 396 301 449 quod
330 397 467 439 totum
489 397 582 450 peto
604 397 804 439 fratribus
827 399 978 439 nostris
1000 398 1164 452 legatis,
1198 400 1246 440 ut
1268 399 1403 453 magis
1424 412 1470 441 ac
1490 400 1625 454 magis
1648 400 1700 441 ad

191 465 438 517 patientiam
459 467 736 519 conponantur
750 478 822 507 nec
840 466 989 508 delicto
1006 467 1130 519 priori
1148 467 1330 509 adiciant
1347 468 1480 510 adhuc
1497 468 1611 509 aliud
1628 469 1699 510 de-

191 534 352 588 lictum,
376 535 423 575 ut
441 535 540 576 dum
556 535 673 576 nobis
689 547 763 576 nec
780 535 996 589 euangelio
1018 536 1173 577 seruire
1194 549 1267 577 nec
1284 537 1510 578 secundum
1532 537 1698 579 uniuer-

188 614 327 644 sorum
363 602 640 644 eonfessorum
675 603 839 645 litteras
874 615 1015 645 causas
1049 617 1143 646 suas
1176 605 1402 647 examinari
1434 606 1697 658 permittunt.
1714 617 1728 642 5

188 672 283 725 opto
320 683 405 723 uos,
443 672 593 714 fratres
630 672 848 723 carissimi,
886 672 989 714 bene
1025 673 1162 714 ualere
1200 674 1240 715 et
1278 674 1408 715 nostri
1443 674 1697 717 meminisse.

187 739 492 782 fraternitatem
514 740 752 782 uniuersam
774 741 967 783 salutate.

509 933 1022 1007 EPISTVLA
1068 934 1379 1009 XXVII.

184 1071 453 1107 CYPRIANVS
482 1071 804 1107 PRESBYTERIS
831 1073 888 1107 ΕΤ
914 1072 1205 1108 DIACONIBVS
1230 1073 1395 1109 ROMAE
1422 1073 1700 1110 CONSISTEN-

697 1129 836 1164 TIBVS
861 1130 1128 1165 FRATRIBVS
1154 1131 1187 1165 S.
1698 1135 1729 1161 1⁰

149 1265 165 1304 1
239 1257 379 1299 Factis
409 1257 460 1299 ad
490 1269 562 1299 uos
598 1257 766 1311 litteris,
805 1256 954 1299 fratres
988 1257 1207 1309 carissimi,
1242 1258 1393 1310 quibus
1415 1259 1532 1301 actus
1554 1258 1694 1300 noster

184 1325 393 1380 expositus
431 1326 472 1367 et
509 1325 751 1378 disciplinae
786 1339 832 1368 ac
869 1325 1112 1380 diligentiae
1148 1327 1550 1380 quantulaecumque
1587 1326 1694 1368 ratio

183 1395 390 1437 declarata
423 1395 498 1445 est,
531 1394 646 1436 aliud
677 1394 851 1437 accessit
882 1395 989 1448 quod
1021 1407 1094 1437 nec
1124 1395 1263 1448 ipsum
1292 1395 1419 1437 latere
1441 1407 1513 1437 uos
1537 1395 1691 1437 debuit.

181 1477 278 1506 nam
311 1464 439 1506 frater
469 1464 606 1505 noster
638 1464 846 1506 Lucianus
869 1465 909 1506 et
929 1465 1017 1518 ipse
1049 1477 1154 1506 unus
1184 1465 1233 1506 de
1263 1463 1576 1515 confessoribus,
1615 1464 1694 1507 fide

250 1627 269 1660 1
296 1625 456 1669 exempla
474 1639 498 1670 μ
631 1625 653 1659 2
680 1635 719 1659 ac
736 1625 853 1669 magis
883 1635 949 1659 om.
969 1638 996 1658 ω
1129 1625 1151 1659 3
1176 1624 1404 1669 patientiam]
1434 1625 1697 1669 paenitentiam

179 1684 291 1718 ΕΙοω
409 1682 532 1727 priori]
560 1683 699 1727 proprio
720 1682 765 1716 Iv
881 1682 903 1716 4
921 1683 963 1716 ut
983 1682 1070 1716 dum
1088 1682 1236 1726 EMT,
1268 1682 1352 1716 dum
1369 1683 1570 1727 ΕἾομωυ,
1597 1684 1645 1726 cf.
1658 1695 1699 1728 p.

180 1743 311 1783 536‚12
426 1740 541 1784 nobis]
568 1751 631 1774 nec
648 1740 750 1774 nobis
771 1740 864 1784 Ιμυ,
895 1739 939 1782 cf.
967 1739 1131 1774 Gronou.
1151 1740 1290 1774 obsera.
1303 1751 1341 1784 p.
1362 1743 1429 1774 145
1548 1741 1697 1785 seruire]

178 1798 307 1833 uolunt
325 1799 457 1832 seruire
472 1809 520 1842 μυ
599 1797 620 1831 5
637 1797 877 1832 confessorum
895 1807 960 1831 om.
978 1810 1002 1841 μ
1074 1807 1218 1831 causam
1235 1808 1337 1832 suam
1355 1811 1390 1842 μ,
1410 1808 1474 1832 om.
1491 1799 1650 1833 E¹MTm

178 1857 377 1891 examinare
392 1856 518 1900 Μομω
591 1855 611 1889 6
627 1855 804 1889 carissimi
820 1865 884 1889 om.
904 1856 943 1898 T,
962 1854 1141 1889 carissimi
1155 1865 1290 1898 semper
1304 1855 1397 1900 Μομ
1460 1857 1496 1890 et
1511 1857 1639 1891 nostri.
1656 1882 1663 1890 .
1679 1882 1688 1890 .

178 1914 338 1948 salutate
357 1923 422 1948 om.
442 1926 467 1957 μ
585 1912 604 1946 7
625 1913 779 1946 salutem
802 1913 839 1953 T,
871 1912 1029 1946 salutate
1047 1912 1166 1946 ualete
1184 1913 1262 1947 IM.
1283 1932 1324 1937 —
1342 1913 1506 1957 Epistola
1525 1913 1699 1959 Cypriani

180 1970 353 2015 (Explicit
371 1981 401 2011 0,
429 1981 494 2005 mn.
515 1970 613 2014 EM)
641 1969 685 2003 ad
704 1969 836 2004 elerum
865 1980 934 2004 non
959 1971 1092 2004 temere
1116 1980 1238 2014 pacem
1264 1970 1419 2004 dandam
1443 1970 1506 2005 ubi
1524 1973 1560 2005 et
1577 1972 1625 2017 (ei
1642 1973 1697 2014 M,

177 2040 242 2064 om.
274 2030 308 2074 o)
341 2028 430 2063 dicit
459 2038 495 2062 se
527 2029 641 2062 solum
675 2027 841 2062 idoneum
875 2038 944 2062 non
978 2038 1053 2062 esse
1087 2028 1235 2073 expliCIt
1269 2029 1348 2072 (om.
1376 2030 1411 2073 o)
1443 2030 1528 2064 EM
1533 2030 1594 2074 To,
1629 2041 1694 2066 om.

179 2087 269 2131 Ιμω.
291 2106 332 2112 -

247 2144 360 2189 Epist.
392 2130 541 2178 XXVII.
562 2164 601 2169 —
621 2143 757 2188 Incipit
790 2143 956 2188 (epistola
982 2143 1144 2188 Cipriani
1174 2143 1259 2178 add.
1286 2145 1331 2188 T)
1362 2144 1406 2178 ad
1435 2144 1568 2178 clerum
1598 2144 1697 2180 urbis

178 2201 240 2245 (ad
268 2202 359 2236 clero
389 2201 508 2236 urbico
534 2202 576 2245 T)
595 2201 637 2235 de
653 2201 779 2235 multis
810 2200 1070 2235 confessoribus
1097 2202 1176 2245 (om.
1203 2201 1247 2245 T)
1266 2204 1301 2235 et
1318 2201 1359 2236 de
1378 2201 1528 2236 Lueiani
1558 2202 1697 2237 inuere-

179 2259 307 2294 cundia
325 2259 587 2302 (uerecundiam
610 2260 655 2302 T)
675 2260 711 2292 et
729 2258 770 2293 de
790 2259 869 2303 (om.
889 2259 922 2302 z)
942 2258 1097 2293 Celerini
1123 2258 1334 2293 confessoris
1351 2259 1528 2293 modestia
1550 2262 1582 2293 T
1579 2271 1598 2294 z
1616 2261 1695 2304 (fol.

179 2320 252 2352 204
269 2318 319 2361 a),
349 2316 486 2361 Incipit
511 2316 553 2350 de
578 2316 691 2360 lapsis
720 2315 967 2360 penitentibus
997 2317 1033 2350 et
1058 2316 1102 2350 ad
1131 2305 1254 2360 prbrbs
1280 2318 1316 2350 et
1334 2316 1378 2350 ad
1403 2316 1569 2351 diaconos
1587 2317 1697 2352 Rome

179 2374 459 2409 consistentibus
489 2375 524 2408 et
553 2373 594 2408 de
611 2373 761 2408 Luciani
791 2373 955 2408 falsitate
987 2375 1022 2407 et
1051 2373 1093 2408 de
1111 2374 1253 2408 nomine
1270 2373 1376 2408 Pauli
1395 2374 1427 2408 Z
1454 2375 1535 2419 (fol.
1554 2377 1626 2409 164
1643 2376 1694 2418 a),

178 2431 343 2476 Epistola
361 2431 520 2476 Cipriani
545 2431 589 2466 ad
615 2432 747 2465 elerum
766 2432 964 2465 Romanuin
981 2431 1023 2466 de
1039 2431 1196 2466 Luciano
1228 2431 1432 2466 inordinate
1464 2431 1641 2466 scribente
1659 2433 1696 2467 et

179 2489 220 2524 de
246 2489 332 2524 cleri
361 2489 579 2523 consessione
598 2490 633 2523 et
651 2488 861 2523 confessoris
890 2488 1064 2523 modestia
1083 2502 1123 2534 φ,
1154 2488 1210 2523 Ad
1227 2489 1365 2523 eosdem
1383 2502 1407 2533 μ
1426 2489 1695 2533 (praemittitur

180 2547 283 2590 epist.
310 2549 332 2580 9
357 2546 401 2580 ad
424 2535 549 2591 prbffis
578 2547 613 2580 et
630 2546 794 2580 diaconos
813 2546 945 2580 Romae
975 2547 1237 2590 consistentes),
1265 2557 1331 2581 om.
1350 2558 1379 2582 r.
1400 2567 1443 2572 —
1460 2548 1481 2581 9
1500 2547 1694 2582 consisten-

178 2604 278 2638 tibus
295 2603 484 2649 fratribus]
504 2603 762 2639 confessoribus
779 2614 807 2645 z,
834 2603 1112 2638 consistentibus
1135 2604 1170 2638 V
1276 2605 1319 2638 11
1336 2606 1418 2648 post
1435 2605 1550 2639 factas
1569 2604 1612 2639 ad
1630 2615 1692 2639 uos

178 2662 323 2696 litteras
336 2673 392 2707 μγ,
411 2662 526 2696 factas
545 2663 664 2696 autem
682 2661 725 2696 ad
743 2672 805 2696 uos
823 2661 967 2695 litteras
982 2662 1025 2705 Ζ,
1043 2661 1159 2696 factas
1177 2661 1320 2696 litteras
1339 2662 1383 2696 ad
1400 2673 1462 2696 uos
1480 2673 1499 2697 z
1593 2664 1692 2697 actus

180 2729 245 2753 om.
263 2729 283 2752 r
401 2719 444 2753 12
464 2720 788 2763 quantumcumque
807 2719 897 2762 Ζμν,
916 2720 1091 2762 quantum
1110 2719 1183 2753 iam
1205 2730 1354 2763 cumque
1371 2730 1399 2763 z,
1419 2719 1693 2763 quantulacum-

179 2786 248 2819 que
265 2788 285 2811 υ
403 2776 446 2810 13
464 2776 680 2811 declaratcst
701 2777 751 2810 Tr
860 2776 935 2821 nec]
955 2787 998 2810 ne
1017 2789 1041 2820 μ
1158 2776 1263 2821 ipsud
1286 2778 1323 2818 T,
1341 2776 1439 2811 istud
1456 2777 1497 2821 Z,
1517 2776 1611 2811 illud
1626 2787 1646 2811 z

183 2833 227 2867 14
244 2833 339 2877 nam]
360 2844 427 2878 quo
445 2845 528 2868 nam
545 2834 576 2868 Z
669 2835 704 2868 et
722 2834 808 2878 ipse]
827 2834 903 2878 ipse
921 2844 981 2878 μγ,
1002 2835 1094 2868 esset
1113 2834 1144 2868 Z
1236 2833 1290 2878 de]
1311 2844 1350 2868 ex
1367 2845 1386 2868 Z
