1838 3152
522 261 760 308 Epistulae
784 259 971 297 LVIIII.
997 272 1025 296 c.
1052 262 1197 298 14-16.
1523 262 1607 304 685

102 381 198 411 oues
219 367 336 423 gregi
357 367 557 409 admiscet
577 366 625 408 ut
646 377 811 421 gregem
840 366 977 407 totum
1008 365 1107 407 mali
1136 365 1390 408 cohaerentis
1420 365 1607 407 adflicta-

99 437 209 479 tione
230 435 494 478 contaminet.
519 435 617 488 [non
638 433 828 476 attendas
849 433 901 475 ad
921 446 1139 475 numerum
1161 434 1350 476 illorum:
1375 434 1521 476 melior
1543 436 1607 476 est

104 505 213 547 enim
234 517 341 546 unus
362 503 514 545 timens
535 503 669 546 Deum
691 514 815 556 quam
836 501 953 543 mille
974 501 1050 542 filii
1072 502 1206 555 impii,
1229 503 1338 544 sicut
1358 502 1521 545 locutus
1542 503 1607 545 est

101 573 303 615 Dominus
337 585 410 627 per
443 573 686 626 prophetam
722 571 887 613 dicens:
933 570 1052 622 fili,
1100 583 1157 612 ne
1203 571 1509 614 iocunderis
1554 571 1606 613 in

77 642 248 684 sfiliis
279 640 478 695 impiis,
510 641 551 682 si
583 640 1015 693 multiplicentur
1035 639 1159 691 tibi,
1193 653 1306 682 cum
1327 652 1422 682 non
1444 640 1608 683 fuerit

101 711 256 753 timor
276 710 370 752 Dei
396 710 446 752 in
475 709 640 763 ipsis]
672 721 694 750 o
716 709 751 751 si
772 721 923 762 posseS,
955 708 1083 751 frater
1105 708 1330 759 carissime,
1362 709 1457 751 istic
1478 710 1608 751 inter-

103 792 188 822 esse
218 779 430 821 nobiscum
461 791 555 821 cum
585 778 703 831 praui
723 777 794 820 isti
816 778 858 820 et
879 777 1062 832 peruersi
1083 777 1133 820 de
1152 777 1375 820 schismate
1391 780 1608 820 reuertun-

103 850 192 891 tur:
215 848 375 890 uideres
396 847 487 902 quis
507 847 611 889 mihi
633 846 749 888 labor
773 846 829 888 sit
857 846 1101 900 persuadere
1128 846 1376 900 patientiam
1406 845 1607 889 fratribus

103 918 265 968 nostris,
287 918 335 958 ut
354 916 482 959 animi
504 916 641 958 dolore
661 915 795 970 sopito
816 915 1061 969 recipiendis
1082 915 1205 957 malis
1222 915 1495 969 curandisque
1511 927 1607 957 con-

54 986 292 1028 10sent-iant.
330 997 507 1039 namque
527 986 574 1026 ut
595 984 776 1040 gaudent
796 986 838 1027 et
858 984 1066 1027 laetantur
1088 998 1183 1027 cum
1204 984 1442 1026 tolerabiles
1464 986 1506 1026 et
1526 984 1608 1026 mi-

98 1067 175 1097 nus
207 1054 433 1108 culpabiles
463 1053 647 1105 redeunt,
680 1053 742 1095 ita
773 1054 914 1096 contra
942 1053 1126 1096 fremunt
1154 1054 1196 1095 et
1226 1054 1484 1096 reluctantur
1504 1064 1605 1107 quo-

99 1124 206 1166 tiens
237 1122 560 1165 inemendabiles
592 1124 634 1164 et
663 1122 846 1177 proterui
879 1123 920 1164 et
949 1123 1016 1164 uel
1048 1122 1265 1165 adulteriis
1295 1122 1364 1164 uel
1393 1121 1606 1165 sacrificiis

99 1192 366 1235 contaminati
397 1193 439 1234 et
466 1192 559 1245 post
582 1192 686 1234 haec
714 1191 848 1234 adhuc
877 1191 1044 1245 insuper
1065 1193 1107 1234 et
1128 1191 1292 1245 superbi
1323 1192 1382 1234 sic
1403 1191 1455 1233 ad
1476 1191 1607 1233 eccle-

102 1261 207 1303 siam
228 1262 423 1312 remeant,
453 1262 501 1303 ut
520 1261 627 1303 bona
646 1261 761 1303 intus
782 1260 948 1315 ingenia
972 1262 1255 1315 corrumpant.
1286 1261 1356 1302 uix
1377 1260 1490 1314 plebi
1511 1272 1605 1315 per-

54 1343 87 1369 15
104 1331 267 1382 suadeo,
301 1331 428 1372 immo
458 1330 687 1384 extorqueO,
718 1330 766 1372 ut
794 1330 899 1372 tales
926 1330 1139 1383 patiantur
1167 1329 1349 1372 admitti.
1386 1330 1428 1372 et
1458 1329 1608 1371 iustior

98 1398 234 1442 factus
255 1401 318 1442 est
339 1399 613 1441 fraternitatis
634 1398 750 1441 dolor
769 1411 816 1441 ex
838 1410 883 1441 eo
905 1399 1013 1452 quod
1043 1411 1149 1441 unus
1181 1398 1313 1452 adque
1343 1398 1451 1440 alius
1482 1397 1601 1440 obni-

98 1469 213 1510 tente
235 1468 354 1522 plebe
375 1469 416 1510 et
438 1467 741 1510 contradicente
761 1480 854 1510 mea
874 1469 1014 1510 tamen
1031 1467 1235 1510 facilitate
1251 1467 1430 1521 suscepti
1446 1466 1604 1520 peiores

101 1537 327 1579 extiterunt
347 1549 471 1590 quam
494 1536 607 1591 prius
629 1536 793 1578 fuerant
812 1549 885 1578 nec
904 1536 1028 1578 fidem
1050 1536 1326 1591 paenitentiae
1348 1548 1511 1578 seruare
1532 1547 1606 1589 po-

99 1607 281 1657 tuerunt,
305 1606 401 1660 quia
421 1618 493 1647 nec
515 1617 608 1647 cum
629 1618 728 1647 uera
747 1605 1000 1659 paenitentia
1020 1606 1228 1647 uenerant.

54 1689 88 1716 20
161 1675 221 1717 De
242 1675 335 1717 istis
355 1686 452 1717 uero
473 1674 573 1728 quid
593 1675 730 1717 dicam
751 1675 821 1728 qui
843 1688 951 1717 nunc
972 1675 1024 1717 ad
1045 1676 1086 1717 te
1108 1688 1201 1717 cum
1231 1674 1489 1718 Felicissimo
1518 1685 1607 1717 om·
1625 1676 1676 1718 16

100 1744 216 1786 nium
246 1744 466 1786 criminum
495 1757 562 1786 reo
592 1744 895 1799 nauigauerunt
915 1744 1042 1799 legati
1065 1757 1089 1786 a
1109 1744 1334 1786 Fortunato
1363 1743 1608 1798 pseudoepi-

102 1825 220 1867 scopo
242 1814 373 1865 missi,
404 1815 492 1856 tam
513 1814 638 1856 falsas
660 1814 711 1856 ad
732 1815 773 1856 te
794 1814 955 1855 litteras
977 1813 1207 1856 adferentes
1228 1827 1353 1867 quam
1375 1814 1437 1855 est
1457 1815 1499 1855 et
1521 1812 1609 1867 ipse

102 1883 217 1924 cuius
240 1883 401 1924 litteras
424 1882 561 1924 ferunt
589 1882 732 1933 falsus,
763 1895 887 1936 quam
917 1885 979 1925 est
1008 1882 1066 1925 eis
1095 1884 1359 1937 peccatorum
1388 1882 1608 1936 multiplex

241 2020 262 2053 4
289 2019 344 2053 Sir
371 2020 423 2060 16,
457 2019 487 2053 1.
513 2020 544 2053 2.

176 2134 192 2168 1
213 2133 334 2178 gregis
353 2133 389 2169 R
517 2133 683 2168 admiscit
699 2134 736 2168 P
864 2132 1109 2167 adflictatione
1126 2132 1318 2178 LQPRV,
1338 2133 1531 2167 afflictione
1549 2133 1608 2174 Cv,

103 2191 299 2225 astrictione
312 2191 522 2226 coniectura
534 2191 734 2234 exemplari
749 2190 981 2235 Gottinyensi
993 2190 1183 2235 adscripta
1257 2190 1279 2224 2
1290 2191 1528 2225 contaminem
1537 2190 1574 2226 R

103 2259 171 2283 non
188 2248 353 2282 attendas
370 2276 375 2282 .
393 2275 399 2281 .
414 2275 421 2281 .
438 2248 460 2282 l.
475 2251 497 2283 6
514 2249 548 2282 in
567 2248 655 2292 ipsis
669 2258 735 2282 om.
752 2248 925 2293 CLPQR
1018 2249 1039 2283 6
1052 2248 1164 2293 possis
1179 2248 1245 2284 CR
1338 2248 1415 2293 isti]
1434 2247 1518 2283 istic
1535 2248 1566 2293 Q

104 2306 123 2339 7
150 2306 348 2350 superuersi
373 2306 403 2350 Q
540 2306 562 2339 8
587 2306 648 2350 qui
666 2305 732 2341 GR
869 2306 890 2340 9
916 2305 1137 2351 recipiantur
1164 2306 1269 2340 malis
1295 2306 1324 2341 C
1469 2307 1511 2340 11
1537 2307 1610 2341 cul-

103 2363 233 2408 pabilis
256 2363 286 2408 Q
401 2363 455 2397 ita
477 2363 523 2408 Q²
542 2363 580 2397 in
597 2374 683 2406 ras„
701 2374 722 2397 a
739 2364 795 2404 M,
811 2363 851 2397 ia.
868 2363 904 2398 R
1020 2362 1172 2397 frement
1190 2364 1226 2398 P
1259 2354 1266 2361 ⁶
1347 2364 1390 2398 12
1407 2364 1609 2399 emendabi-

104 2421 154 2456 les
170 2421 200 2456 C
283 2422 445 2464 proterue
459 2420 521 2462 12¹,
542 2421 721 2466 propterui
737 2420 803 2456 CR
883 2422 919 2455 et
931 2421 1031 2456 uelut
1046 2420 1073 2455 C
1160 2421 1203 2455 13
1216 2421 1264 2466 et]
1281 2421 1521 2466 corripiuntur
1536 2421 1567 2456 0

105 2480 140 2512 et
158 2477 301 2522 superbi
318 2488 384 2512 om.
403 2479 438 2513 P
570 2479 613 2513 14
629 2478 745 2523 plebis
763 2479 792 2514 C
915 2467 1043 2514 suadeo
1061 2478 1126 2514 CR
1254 2479 1296 2513 15
1313 2481 1349 2513 et
1365 2480 1511 2523 torqueo
1528 2478 1564 2514 R

105 2535 261 2569 ammitti
280 2535 324 2576 L,
344 2535 464 2569 amitti
488 2535 518 2580 Q
640 2536 810 2570 iniustior
826 2536 899 2571 LP
1030 2538 1073 2571 16
1093 2553 1109 2570 *
1129 2538 1228 2571 actus
1246 2537 1277 2571 C
1397 2536 1494 2571 dolos
1511 2536 1563 2571 L¹

105 2592 304 2636 obnitente]
323 2593 506 2637 optinente
527 2593 558 2638 Q
705 2593 746 2628 17
764 2593 904 2629 dicente
920 2605 976 2628 me
994 2595 1146 2629 Atamcn
1165 2594 1201 2628 P
1339 2594 1513 2628 facultate
1534 2592 1565 2638 Q

105 2650 148 2683 18
166 2649 284 2694 fidem]
312 2649 379 2684 fide
403 2651 479 2684 tam
493 2650 535 2684 in
551 2650 670 2685 fictam
687 2661 779 2686 corr.
799 2651 829 2686 0
942 2652 1177 2697 penitentiam
1195 2652 1240 2686 C²
1357 2651 1403 2685 20
1419 2649 1511 2694 quod
1529 2650 1565 2684 L

106 2706 327 2750 felicissimo]
346 2706 520 2741 faeditate
537 2707 568 2742 Ο
581 2708 622 2742 in
638 2719 711 2743 ras.
851 2709 894 2743 21
913 2710 964 2743 rei
982 2720 1026 2744 ex
1042 2719 1100 2744 reo
1120 2709 1150 2744 C
1287 2709 1404 2752 legato
1423 2708 1486 2748 L',
1511 2708 1611 2752 legat

106 2773 185 2808 exp.
206 2763 236 2799 G
373 2763 416 2798 ad
437 2764 618 2799 fortunato
636 2765 666 2800 C
679 2767 717 2800 to
733 2776 761 2801 s.
779 2767 802 2801 l.
942 2755 1150 2811 pseudoeffis
1169 2766 1217 2801 M
1233 2754 1459 2810 (pseudoeffo‘
1465 2765 1495 2810 Q
1512 2765 1575 2800 sed
1589 2775 1610 2799 o

106 2821 213 2863 corr.)
323 2821 368 2855 22
385 2813 485 2855 ηἰἰεεὶ
503 2823 578 2856 tam
601 2823 632 2867 Q
648 2834 692 2858 m.
710 2825 737 2858 2
753 2824 794 2858 in
810 2834 896 2868 ras„
916 2824 1010 2858 sitan
1028 2824 1083 2864 M,
1103 2823 1247 2877 mittam
1266 2823 1295 2858 C
1386 2822 1461 2867 ipse
1482 2849 1488 2855 .
1505 2849 1512 2857 .
1528 2848 1537 2857 .
1556 2823 1611 2856 est

106 2888 170 2912 om.
190 2878 221 2913 C
312 2879 357 2913 23
376 2878 543 2914 adferunt
560 2881 595 2916 R
690 2881 809 2926 quam]
827 2891 916 2925 quae
935 2881 1043 2926 PQR
1125 2871 1200 2924 'eisl
1219 2880 1294 2914 cius
1313 2880 1363 2916 Cv
