1838 3152
551 261 787 307 Epistulae
811 262 1012 298 LXXIII.
1039 274 1066 298 0.
1090 264 1190 299 5-7.
1528 266 1609 308 783

122 366 459 420 praeualent?
503 365 655 421 plaga
695 378 801 408 mea
839 367 1007 409 solida
1051 369 1149 418 est,
1197 368 1324 410 unde
1369 368 1611 410 sanabor?

124 433 237 474 dum
285 432 375 482 fit,
427 433 569 476 facta
614 435 690 476 est
733 433 859 475 mihi
906 435 1050 487 quasi
1096 448 1222 489 aqua
1266 436 1476 478 mendax
1519 449 1612 478 non

122 501 312 543 habens
343 501 513 543 fidem.
545 502 794 544 mentionem
824 501 926 544 facit
953 515 1024 556 per
1044 504 1284 556 prophetam
1305 504 1473 557 spiritus
1495 516 1612 546 sanc-

122 570 190 611 tus
226 582 352 622 aquae
388 571 593 612 mendacis
619 572 660 612 et
681 570 804 612 fidem
839 582 917 611 non
951 571 1150 612 habentis.
1186 584 1288 624 quae
1308 574 1370 614 est
1391 573 1489 615 haec
1509 585 1614 626 aqua

95 654 110 679 s
123 637 297 680 mendax
319 640 359 680 et
380 639 561 692 perfida?
588 639 730 692 utique
751 652 798 681 ea
819 652 921 692 quae
950 639 1146 694 baptismi
1175 640 1397 694 imaginem
1417 642 1615 683 mentitur

123 707 163 748 et
183 707 363 761 gratiam
384 707 479 749 fidei
499 707 741 750 adumbrata
763 708 1022 750 simulatione
1044 708 1276 750 frustratur.
1299 709 1405 762 quod
1422 709 1456 751 si
1473 721 1615 752 secun-

124 775 224 816 dum
245 788 414 828 prauam
435 776 558 818 fidem
574 776 775 830 baptizari
791 776 940 830 aliquis
957 776 1056 818 foris
1073 778 1114 818 et
1130 777 1343 818 remissam
1359 779 1617 831 peccatorum

125 844 315 896 consequi
346 844 495 897 potuit,
532 845 756 887 secundum
786 845 955 887 eandem
987 846 1110 888 fidem
1140 845 1330 898 consequi
1361 847 1402 887 et
1423 845 1617 899 spiritum

125 913 313 954 sanctum
342 913 490 966 potuit,
520 914 562 954 et
582 925 662 954 non
682 914 744 955 est
764 926 925 956 necesse
947 915 981 955 ei
1005 913 1186 956 uenienti
1216 926 1383 955 manum
1414 914 1551 966 inponi
1572 915 1619 955 ut

80 996 113 1021 ιο
126 981 321 1033 spiritum
352 982 537 1023 sanctum
569 983 840 1035 consequatur
861 983 902 1024 et
923 983 1119 1037 signetur.
1156 984 1229 1024 aut
1258 984 1479 1035 utrumque
1510 981 1621 1023 enim

125 1048 203 1091 fide
223 1061 297 1091 sua
318 1049 416 1092 foris
438 1051 630 1103 consequi
650 1051 787 1104 potuit
808 1052 880 1092 aut
901 1052 1093 1093 neutrum
1115 1062 1253 1093 eorum
1275 1050 1345 1104 qui
1368 1050 1466 1092 foris
1488 1049 1621 1091 fuerat

126 1118 294 1171 accepit.

182 1186 451 1229 Manifestum
474 1188 536 1229 est
551 1189 690 1230 autem
706 1188 778 1229 ubi
795 1189 837 1230 et
853 1200 923 1241 per
943 1201 1043 1241 quos
1064 1188 1235 1230 remissa
1254 1188 1515 1240 peccatorum
1537 1187 1623 1228 dari
1638 1186 1659 1226 7

128 1256 270 1309 possit,
294 1269 395 1309 quae
412 1256 455 1298 in
471 1256 677 1309 baptismo
699 1257 856 1298 scilicet
876 1257 1009 1298 datur.
1032 1269 1127 1298 nam
1144 1256 1267 1298 Petro
1283 1256 1464 1309 primum
1481 1255 1625 1296 Domi-

82 1341 114 1365 15
127 1336 217 1374 nus,
247 1337 369 1377 super
397 1338 518 1378 quem
547 1325 779 1367 aedificauit
807 1325 1021 1367 ecclesiam
1043 1325 1083 1366 et
1103 1325 1208 1366 unde
1230 1324 1404 1366 unitatis
1425 1323 1625 1378 originem

128 1392 314 1434 instituit
334 1394 375 1434 et
395 1394 586 1444 ostendit,
615 1394 860 1448 potestatem
888 1394 1014 1435 istam
1042 1393 1156 1435 dedit
1183 1395 1230 1435 ut
1252 1393 1293 1434 id
1314 1393 1542 1434 solueretur
1563 1391 1626 1445 [in

130 1461 271 1515 terris]
294 1462 400 1515 quod
421 1463 492 1504 ille
513 1463 719 1505 soluisset.
742 1464 783 1504 et
803 1463 895 1516 post
917 1462 1254 1504 resurrectionem
1276 1473 1434 1514 quoque
1455 1461 1507 1502 ad
1529 1471 1626 1514 apo-

129 1530 256 1571 stolos
304 1530 488 1584 loquitur
534 1531 692 1574 dicens:
739 1531 874 1573 sicut
919 1531 1064 1572 misit
1108 1543 1180 1571 me
1225 1531 1395 1584 pater,
1442 1530 1489 1570 ot
1535 1541 1627 1583 ego

128 1598 282 1640 mitto
314 1611 410 1641 uos.
441 1600 516 1640 hoc
545 1613 639 1642 cum
667 1599 851 1650 dixisset,
881 1599 1100 1652 inspira-uit
1121 1600 1161 1640 et
1183 1598 1242 1640 ait
1262 1598 1369 1639 illis:
1402 1592 1627 1650 accipite

83 1690 117 1716 20
131 1667 374 1720 spiritum
406 1669 651 1710 sanctum.
690 1668 732 1709 si
764 1669 908 1710 cuius
940 1666 1255 1709 remiseritis
1291 1667 1520 1720 peccata,
1559 1678 1628 1706 re-

130 1737 411 1779 mittentur
438 1737 546 1779 illi:
577 1738 619 1779 si
648 1738 794 1779 cuius
825 1737 1133 1786 tenueritis,
1165 1735 1492 1777 tenebuntur.
1524 1734 1629 1775 unde

132 1805 414 1860 intellegimus
442 1817 522 1847 non
542 1806 622 1847 nisi
643 1807 685 1847 in
707 1805 876 1848 ecclesia
898 1805 1139 1858 praepositis
1161 1806 1201 1845 et
1223 1804 1458 1858 euangelica
1479 1803 1568 1857 lege
1585 1814 1631 1843 ac

132 1874 336 1916 dominica
357 1874 609 1916 ordinatione
631 1874 815 1916 fundatis
836 1874 957 1915 licere
978 1873 1186 1927 baptizare
1203 1873 1242 1914 et
1259 1872 1472 1914 remissam
1489 1883 1629 1924 pccca-

270 2035 312 2069 18
338 2035 387 2068 Io.
414 2035 470 2075 20,
493 2035 645 2069 21-23,

205 2185 223 2218 1
243 2185 279 2218 111
297 2185 403 2228 plaga
422 2184 457 2218 Β
611 2184 724 2218 solida
741 2183 806 2228 est]
828 2182 958 2217 solacia
977 2182 1011 2216 Β
1171 2182 1193 2216 2
1211 2180 1292 2214 (111111
1310 2190 1388 2234 22:12.
1408 2179 1437 2214 C
1589 2177 1631 2211 fit

137 2253 217 2287 exp.
239 2243 278 2283 T,
297 2242 400 2276 fidem
417 2242 453 2276 Β
613 2242 715 2286 quasi
734 2252 779 2275 ex
796 2252 882 2285 quas
906 2241 938 2275 T
1099 2239 1124 2275 4
1142 2238 1266 2283 aquae]
1285 2248 1332 2282 qq
1350 2237 1380 2272 C
1537 2245 1631 2268 men-

137 2299 234 2334 dacis
256 2326 263 2333 .
279 2326 286 2333 .
302 2325 308 2331 .
329 2310 421 2344 aqua
438 2310 502 2334 om.
523 2299 552 2334 C
689 2299 774 2333 haec
792 2309 855 2332 om.
877 2298 911 2332 Β
1049 2297 1071 2331 5
1088 2295 1216 2340 perfide
1235 2295 1279 2330 0²
1410 2304 1450 2327 ea
1467 2303 1531 2327 om.
1554 2292 1588 2325 Β

137 2357 331 2401 imaginem
350 2357 384 2391 L
535 2357 553 2390 7
572 2356 676 2390 fidem
693 2366 839 2401 prauam
857 2355 891 2390 L
1041 2354 1187 2388 remissa
1204 2353 1274 2387 BP
1422 2351 1444 2384 8
1460 2352 1496 2384 ct
1512 2360 1632 2384 secun·

138 2414 220 2448 dum
239 2414 274 2448 P
427 2414 590 2458 consequi
609 2424 687 2458 exp.
712 2414 745 2449 T
900 2413 922 2446 9
938 2412 1056 2457 potuit
1072 2422 1136 2446 om.
1156 2411 1192 2445 P
1343 2408 1459 2452 potuit
1480 2434 1486 2440 .
1502 2433 1508 2440 .
1525 2433 1531 2439 .
1552 2406 1573 2439 l.
1592 2408 1634 2440 10

139 2475 299 2506 sanctum
317 2482 381 2506 om.
401 2472 581 2507 BCLNT
769 2470 814 2515 ei]
832 2471 868 2504 ct
885 2470 921 2504 P
1114 2468 1158 2501 10
1174 2466 1405 2510 consequatur
1422 2466 1458 2498 ct
1475 2463 1634 2507 signetur

141 2540 221 2574 eaep.
245 2530 274 2565 C
297 2534 371 2565 ets.
390 2530 411 2564 l.
437 2529 521 2563 add.
547 2540 592 2563 m.
610 2532 653 2564 2:
680 2529 799 2574 potuit
1004 2536 1071 2570 que
1096 2525 1189 2559 0111111
1210 2550 1239 2557 ..
1256 2550 1262 2556 .
1282 2524 1444 2556 neutrum
1470 2532 1534 2555 om.
1554 2520 1589 2554 Β

141 2589 183 2622 11
201 2588 317 2622 fuerat
333 2587 368 2622 L
384 2598 410 2621 s.
430 2587 451 2621 l.
470 2598 514 2621 m.
532 2589 555 2621 2
678 2587 721 2620 14
738 2585 839 2630 quae]
857 2594 1015 2629 quaeque
1033 2583 1068 2617 Β
1189 2582 1327 2625 petrum
1345 2580 1374 2614 C
1497 2578 1539 2611 15
1558 2577 1634 2610 uni-

140 2645 243 2689 tatis]
261 2646 498 2680 humanitatis
521 2644 550 2680 C
699 2644 742 2678 16
759 2645 794 2677 et
810 2653 874 2677 om.
895 2642 930 2676 B
1080 2639 1179 2673 dedit
1196 2648 1260 2672 om.
1281 2637 1316 2670 B
1461 2635 1497 2668 in
1514 2632 1633 2676 terris]

144 2703 289 2737 interim
306 2703 352 2744 B,
371 2703 408 2737 in
426 2702 535 2738 caelis
552 2713 572 2737 v
688 2702 730 2735 17
750 2699 930 2744 soluissct]
949 2699 986 2733 in
1003 2696 1109 2732 terris
1127 2694 1210 2729 add.
1230 2705 1251 2728 v
1359 2691 1538 2737 apostolus
1557 2690 1592 2724 P

142 2760 188 2794 20
205 2760 234 2794 si
252 2761 306 2795 cui
326 2761 361 2795 B
498 2759 731 2794 remittuntur
753 2759 831 2794 GP·
847 2758 879 2792 T
1020 2755 1064 2790 21
1083 2753 1156 2788 illis
1175 2752 1223 2787 P·
1239 2751 1278 2791 T,
1297 2750 1372 2784 illic
1390 2749 1420 2784 C
1428 2752 1432 2769 ¹
1567 2745 1635 2809 ’(10-

143 2817 330 2852 tenueritis
349 2819 384 2853 P
525 2817 570 2852 22
586 2816 634 2861 et]
653 2818 689 2851 ct
706 2816 743 2850 in
760 2827 792 2856 v,
810 2814 847 2848 in
865 2814 895 2850 C
1039 2811 1084 2846 23
1100 2807 1284 2845 fundantis
1302 2807 1332 2842 C
1339 2811 1345 2829 ¹
1490 2813 1637 2838 remissa

147 2877 325 2913 BCLNP
