1838 3152
570 260 808 304 Epistulae
834 261 992 296 LXXV.
1018 273 1046 297 c.
1070 263 1193 298 9—10.
1542 268 1623 310 817

136 362 214 403 bus
246 363 369 414 atque
400 362 442 403 in
474 362 576 404 alias
611 363 825 417 regionum
860 366 995 418 partes
1031 367 1338 410 transeuntibus
1376 369 1481 423 (erat
1516 370 1624 412 enim

133 431 373 473 transeundi
402 430 579 473 facultas
601 443 645 473 eo
667 432 774 484 quod
803 433 1030 485 persecutio
1059 434 1133 475 illa
1154 446 1231 476 non
1253 448 1324 488 per
1344 438 1481 479 totum
1505 451 1624 480 mun-

129 499 229 540 dum
261 499 332 540 sed
363 499 507 540 localis
539 498 718 554 fuisset),
756 500 922 542 emersit
953 501 1049 542 istic
1082 502 1218 544 subito
1249 505 1444 556 quaedam
1477 505 1626 548 mulier

128 579 230 620 quae
248 567 289 608 in
311 567 467 609 extasin
499 567 724 609 constituta
743 568 965 621 propheten
985 581 1027 611 se
1048 571 1269 623 praeferret
1291 573 1331 613 et
1352 573 1466 625 quasi
1488 575 1624 615 sancto

102 636 283 689 sspiritu
316 635 437 689 plena
466 635 523 676 sic
551 637 701 689 ageret.
740 636 798 677 ita
829 638 967 678 autem
1000 638 1288 690 principalium
1319 640 1624 682 daemoniorum

129 704 288 758 impetu
320 704 526 746 ferebatur
547 706 594 746 ut
615 717 684 757 per
714 705 883 760 longum
912 707 1074 759 tempus
1097 707 1339 749 sollicitaret
1362 709 1402 749 et
1423 708 1626 761 deciperet

132 773 449 823 fraternitatem,
487 773 749 814 admirabilia
783 774 982 826 quaedam
1013 775 1053 816 et
1082 776 1315 828 portentosa
1346 776 1553 828 perficiens
1585 778 1626 818 et

133 842 266 884 facere
287 854 329 883 se
350 843 504 884 terram
537 842 693 882 moueri
725 842 1003 894 polliceretur:
1042 855 1120 885 non
1154 844 1260 897 quod
1293 845 1478 886 daemoni
1509 846 1626 886 tanta

135 912 242 952 esset
261 912 442 963 potestas
464 911 510 951 ut
531 912 681 952 terram
704 923 868 952 mouere
890 912 962 952 aut
984 911 1232 954 elementum
1254 914 1466 955 concutere
1489 914 1531 955 ui
1553 927 1627 955 sua

82 996 115 1021 ιο
138 979 307 1029 ualeret,
346 978 416 1020 sed
448 979 555 1032 quod
587 990 893 1032 nonnumquam
925 992 1099 1032 nequam
1129 981 1299 1034 spiritus
1330 982 1556 1034 praesciens
1588 983 1628 1022 et

137 1048 380 1102 intellegens
409 1039 541 1089 ter'rae
560 1048 720 1089 motum
742 1046 931 1089 futurum
953 1048 994 1089 id
1016 1060 1057 1089 se
1079 1048 1283 1091 facturum
1307 1062 1392 1091 esse
1414 1050 1627 1091 simularet

130 1117 238 1171 quod
275 1116 463 1158 futurum
494 1116 665 1157 uideret.
702 1116 852 1169 quibus
883 1117 1105 1158 mendaciis
1136 1119 1176 1159 et
1205 1118 1496 1160 iactationibus
1529 1118 1625 1160 sub-

135 1187 274 1240 egerat
296 1186 456 1227 mentes
478 1185 735 1239 singulorum
757 1186 804 1225 ut
825 1184 903 1225 sibi
925 1184 1161 1226 oboedirent
1180 1188 1220 1228 et
1237 1199 1489 1239 quocumque
1511 1199 1627 1240 prae-

131 1255 287 1309 ciperet
316 1255 357 1295 et
387 1254 553 1295 duceret
590 1254 866 1306 sequerentur,
899 1253 1050 1294 faceret
1081 1265 1238 1307 quoque
1267 1255 1480 1296 mulierem
1512 1254 1628 1296 illam

98 1339 129 1364 15
144 1323 268 1365 cruda
298 1323 433 1364 hieme
463 1322 583 1364 nudis
614 1322 787 1376 pedibus
819 1335 891 1376 per
920 1334 1082 1375 asperas
1109 1322 1224 1363 niues
1256 1322 1312 1364 ire
1334 1336 1405 1364 nec
1427 1323 1563 1364 uexari
1585 1323 1627 1364 in

134 1392 272 1446 aliquo
303 1393 375 1434 aut
404 1392 510 1433 laedi
534 1392 608 1433 illa
630 1392 893 1442 discursione,
924 1391 1075 1433 diceret
1097 1392 1223 1433 etiam
1245 1404 1286 1433 se
1307 1392 1349 1433 in
1371 1392 1565 1433 Iudaeam
1587 1395 1628 1433 et

136 1461 470 1515 Hierosolymam
499 1461 691 1502 festinare
720 1461 877 1516 fingens
906 1462 1119 1514 tamquam
1150 1460 1242 1502 inde
1272 1461 1461 1501 uenisset.
1499 1460 1565 1501 hic
1587 1462 1628 1502 et

130 1543 259 1571 unum
282 1530 330 1571 de
352 1529 603 1584 presbyteris
626 1529 855 1578 Rusticum,
886 1529 986 1571 item
1009 1530 1049 1570 et
1070 1529 1199 1570 alium
1229 1528 1443 1570 diaconum
1466 1527 1626 1578 fefellit,

132 1600 180 1640 ut
196 1598 329 1640 eidem
351 1598 515 1640 mulieri
538 1598 921 1640 commiscerentur:
944 1598 1050 1652 quod
1072 1598 1192 1651 paulo
1214 1599 1305 1650 post
1327 1598 1535 1638 detectum
1552 1599 1623 1639 est.

88 1685 122 1710 20
135 1681 232 1709 nam
262 1668 398 1709 subito
427 1667 617 1722 apparuit
648 1667 714 1709 illi
736 1680 840 1709 unus
862 1667 911 1708 de
932 1667 1141 1709 exorcistis
1163 1667 1227 1708 uir
1247 1666 1440 1720 probatus
1461 1668 1501 1707 et
1522 1666 1629 1708 circa

130 1736 369 1791 religiosam
387 1737 648 1790 disciplinam
665 1737 764 1778 bene
782 1749 940 1790 semper
961 1738 1236 1786 conuersatus,
1260 1736 1328 1788 qui
1352 1735 1628 1777 exhortatione

133 1818 292 1859 quoque
323 1805 499 1847 fratrum
532 1805 807 1858 plurimorum
838 1805 908 1857 qui
930 1807 970 1846 et
992 1805 1071 1858 ipsi
1105 1804 1231 1847 fortes
1264 1817 1309 1846 ac
1339 1804 1565 1846 laudabiles
1587 1804 1629 1845 in

132 1875 210 1917 fide
243 1874 413 1917 aderant
445 1874 647 1916 excitatus
682 1873 810 1915 erexit
841 1886 883 1915 se
905 1874 1044 1915 contra
1076 1873 1195 1914 illum
1229 1873 1423 1926 spiritum
1456 1885 1629 1925 nequam

134 1943 452 1986 reuincendum:
490 1943 559 1996 qui
597 1942 741 1983 subtili
778 1941 943 1983 fallacia
975 1941 1100 1982 etiam
1131 1942 1206 1982 hoc
1236 1941 1357 1994 paulo
1388 1942 1482 1982 ante
1514 1953 1628 1994 prae-

93 2027 124 2052 2⁵
140 2013 299 2054 dixerat
330 2013 551 2054 uenturum
583 2011 783 2064 quendam
815 2023 1003 2052 auersum
1026 2011 1066 2051 et
1086 2010 1376 2063 temptatorem
1409 2007 1627 2049 infidelem.

134 2083 275 2123 tamen
304 2081 375 2122 ille
405 2080 604 2122 exorcista
626 2079 850 2132 inspiratus
873 2079 948 2120 Dei
971 2078 1104 2133 gratia
1126 2078 1287 2119 fort-iter
1307 2077 1461 2118 restitit
1482 2078 1522 2118 et
1544 2089 1630 2118 esse

135 2150 256 2191 illum
287 2149 585 2202 nequissimum
615 2148 807 2202 spiritum
837 2148 905 2201 qui
932 2147 1045 2200 prius
1067 2148 1231 2187 sanctus
1252 2145 1475 2198 putabatur
1494 2147 1631 2186 osten-

137 2219 212 2261 dit.
257 2219 372 2272 atqui
408 2218 482 2259 illa
518 2217 668 2259 mulier
703 2229 805 2270 quae
842 2217 954 2270 prius
989 2228 1060 2268 per
1094 2214 1336 2268 praestigias
1372 2215 1412 2255 et
1447 2212 1630 2255 fallacias

206 2356 225 2389 1
244 2356 363 2400 partes
382 2353 563 2398 regionum
583 2353 625 2388 Ιυ
809 2352 831 2386 3
848 2354 884 2385 et
901 2351 1025 2385 mersit
1047 2350 1138 2395 QM¹
1321 2349 1343 2383 4
1360 2349 1479 2383 exasin
1499 2348 1545 2382 M
1560 2351 1630 2389 (ex-

134 2412 249 2447 stasin
270 2411 314 2456 Q)
466 2410 621 2454 profetin
642 2409 671 2454 Q
827 2410 847 2442 6
866 2408 1067 2442 ferebantur
1086 2407 1124 2441 E
1274 2407 1292 2440 7
1311 2416 1350 2440 ac
1368 2404 1547 2439 mirabilia
1566 2405 1591 2439 Ι

138 2471 370 2515 portentuosa
388 2469 415 2503 I
531 2469 554 2502 8
570 2470 701 2500 terram
722 2493 727 2499 .
745 2494 750 2499 .
769 2495 772 2498 .
794 2466 817 2500 l.
838 2468 860 2499 9
879 2467 918 2499 ut
935 2465 1019 2499 add.
1040 2465 1088 2499 M
1104 2475 1144 2498 m.
1164 2466 1187 2498 2
1204 2464 1244 2498 in
1261 2474 1373 2507 mary.
1498 2462 1629 2496 moueri

138 2538 204 2562 om.
223 2526 295 2571 EQ
441 2525 565 2559 demon
584 2525 701 2558 itanta
721 2523 760 2568 Q,
780 2523 902 2557 demon
920 2522 956 2556 in
974 2524 1076 2555 tanta
1093 2522 1132 2555 E
1273 2521 1294 2554 9
1312 2520 1348 2553 ui
1367 2520 1442 2564 sua]
1461 2520 1540 2553 uisu
1558 2519 1629 2558 ΕΙ,

131 2584 194 2619 secl
213 2583 240 2618 I
252 2594 278 2617 s.
297 2584 319 2617 l.
338 2582 394 2616 uel
411 2582 447 2616 ui
598 2581 643 2615 10
659 2591 894 2624 nonumquam
916 2580 948 2619 I,
966 2590 1033 2613 non
1052 2579 1123 2623 EQ
1267 2577 1414 2621 spiritus
1432 2586 1580 2620 nequam
1598 2586 1627 2615 v,

132 2640 281 2685 spiritus
301 2640 327 2674 Ι
457 2639 500 2673 14
516 2649 584 2682 quo
600 2654 634 2673 *a
651 2648 716 2682 que
735 2638 778 2674 Ε,
798 2628 945 2681 quocfiq.
969 2636 999 2680 Q
1124 2634 1189 2669 illa
1207 2634 1301 2679 ΜΩ·
1430 2633 1470 2667 15
1487 2632 1629 2667 crudam

132 2698 285 2732 hiemem
303 2696 397 2742 MQ¹
526 2695 568 2729 17
586 2695 850 2730 hierusolimam
870 2694 939 2738 EQ
1067 2692 1109 2726 18
1125 2691 1294 2725 rusticum
1316 2694 1353 2724 ut
1369 2691 1415 2724 sit
1434 2687 1631 2734 ἐπιχώριον

133 2756 258 2792 Routh
380 2755 415 2788 et
432 2764 498 2788 om.
519 2752 549 2798 Q
679 2753 724 2786 20
740 2752 802 2785 illo
823 2752 866 2785 M
869 2751 913 2795 Q¹
1040 2750 1083 2784 21
1102 2748 1355 2783 exortationem
1375 2747 1405 2792 Q
1525 2746 1569 2780 24
1586 2745 1631 2780 ad

133 2811 382 2847 reuincendum
401 2811 491 2845 coni.
511 2810 635 2845 Routh
795 2809 836 2842 :27
862 2806 1040 2851 spiritum]
1060 2817 1129 2840 non
1147 2807 1200 2839 est
1218 2793 1293 2849 ερῖ]
1317 2803 1431 2847 MQ¹‚·
1448 2803 1532 2845 sort.
1551 2802 1630 2836 dac·

133 2870 248 2905 monis
266 2869 434 2914 spiritum
539 2867 600 2911 qui
625 2866 818 2911 putabatur
835 2865 882 2900 M
902 2864 977 2908 (qui
994 2874 1059 2898 om.
1080 2863 1124 2908 Q)
1226 2862 1271 2896 28
1288 2861 1401 2906 atqui]
1420 2863 1525 2905 atque
1542 2860 1598 2894 ΕΙ
1601 2859 1632 2904 Q

272 2940 338 2969 111.
1305 2920 1359 2961 52
