1912 3152
626 242 803 277 Testim.
830 242 899 277 III.
926 242 1142 287 capitula.
1559 242 1642 285 103

323 346 436 388 XXI.
468 346 560 388 Non
582 348 736 389 temere
757 347 805 388 de
826 347 955 389 altero
976 346 1254 388 iudicandum.

301 415 436 456 XXII.
467 415 649 470 Accepta
669 415 822 457 iniuria
842 415 1138 457 remittendum
1160 415 1201 457 et
1221 413 1525 468 ignoscendum.

282 484 440 526 XXIII.
473 483 617 527 Vicem
638 485 761 526 malis
779 496 858 526 non
879 483 1139 526 reddendam.

259 553 438 595 XXIIII.
470 553 563 596 Non
583 566 699 607 posse
720 554 771 595 ad
791 554 952 607 patrem
972 552 1104 594 ueniri
1125 552 1205 595 nisi
1225 564 1296 605 per
1314 551 1535 594 Christum.

310 621 440 662 XXV.
471 622 539 663 Ad
569 635 743 677 regnum
774 621 871 672 Dei,
910 621 989 663 nisi
1020 621 1251 675 baptizatus
1282 621 1323 662 et
1353 622 1519 662 renatus
1551 620 1645 674 quis

471 690 616 741 fuerit,
648 691 862 745 peruenire
881 701 962 731 non
982 702 1111 742 posse.

283 758 435 801 XXVI.
469 759 624 801 Parum
662 772 748 801 esse
793 758 993 812 baptizari
1033 759 1075 799 et
1114 757 1406 800 eucharistiam
1450 757 1644 812 accipere,

470 828 549 870 nisi
571 828 662 882 quis
684 827 802 870 factis
824 828 865 869 et
886 839 1005 881 opere
1026 826 1224 880 proficiat.

262 896 436 945 XXVJI.
467 897 734 950 Baptizatum
763 909 920 950 quoqne
950 895 1129 951 gratiam
1157 896 1325 950 perdere
1354 908 1478 949 quam
1507 906 1646 937 conse-

470 967 590 1007 cutus
612 965 687 1016 sit,
719 965 799 1007 nisi
820 965 1096 1007 innocentiam
1118 966 1264 1006 seruet.

240 1034 436 1075 XXVIII.
468 1033 560 1075 Non
581 1046 698 1087 posse
718 1034 760 1075 in
782 1034 951 1076 ecclesia
971 1033 1130 1076 remitti
1161 1033 1197 1075 ei
1226 1033 1295 1086 qui
1324 1033 1367 1075 in
1388 1033 1522 1075 Deum
1541 1032 1648 1075 deli-

473 1102 621 1155 querit.

217 1171 437 1213 XXVIIII.
469 1172 530 1213 De
551 1171 642 1213 odio
664 1170 841 1212 nominis
862 1172 956 1213 ante
977 1171 1245 1225 praedictum.

305 1240 433 1282 XXX.
467 1238 584 1291 Quod
606 1240 698 1293 quis
718 1240 804 1282 Deo
826 1240 987 1282 nouerit
1008 1240 1090 1282 cito
1112 1240 1379 1282 reddendum.

283 1309 435 1351 XXXI.
466 1309 575 1351 Eum
597 1309 667 1362 qui
688 1320 769 1350 non
791 1308 1012 1351 crediderit
1032 1308 1118 1350 iam
1138 1309 1370 1350 iudicatum
1393 1320 1492 1350 esse.

255 1378 429 1419 XXXII.
462 1378 522 1420 De
542 1377 646 1419 bono
667 1377 928 1432 uirginitatis
951 1378 992 1419 et
1013 1377 1303 1420 continentiae.

236 1446 432 1488 XXXIII.
462 1446 582 1488 Nihil
601 1447 763 1500 patrem
784 1446 966 1489 iudicare
987 1446 1058 1488 sed
1089 1446 1223 1488 filium
1254 1448 1295 1488 et
1325 1447 1486 1500 patrem
1515 1446 1566 1489 ab
1602 1458 1649 1488 eo

470 1528 551 1558 non
570 1515 849 1566 honorificari,
872 1528 896 1557 a
916 1528 995 1569 quo
1015 1528 1097 1557 non
1118 1515 1408 1558 honorificetur
1428 1515 1552 1558 filius.

216 1583 434 1626 XXXIIII.
467 1584 653 1627 Fidelem
673 1584 886 1639 gentiliter
907 1585 1047 1626 uiuere
1067 1596 1147 1626 non
1167 1585 1362 1638 oportere.

261 1653 430 1695 XXXV.
463 1654 598 1696 Deum
619 1654 671 1696 ad
691 1655 766 1696 hoc
786 1654 1012 1708 patientem
1034 1666 1140 1704 esse,
1172 1655 1219 1696 ut
1239 1667 1311 1696 nos
1331 1654 1536 1708 paeniteat
1556 1667 1650 1708 pec-

472 1723 554 1764 cati
574 1723 704 1765 nostri
726 1724 768 1765 et
788 1723 1068 1765 reformemur.

245 1790 437 1832 XXXVI.
470 1791 689 1834 Mulierem
711 1793 846 1835 ornari
868 1793 1134 1835 saeculariter
1154 1805 1233 1835 non
1254 1792 1412 1835 debere.

224 1859 438 1901 XXXVII.
471 1860 656 1903 Fidelem
677 1873 757 1903 non
778 1862 962 1915 oportere
982 1861 1032 1904 ob
1054 1862 1137 1904 alia
1158 1862 1310 1905 delicta
1330 1862 1411 1904 nisi
1432 1862 1482 1904 ob
1503 1874 1651 1904 nomen

474 1930 609 1972 solum
630 1930 779 1983 puniri.

99 2010 130 2035 25
200 1997 436 2040 XXXVIII.
470 1997 644 2041 Seruum
664 1998 741 2040 Dei
763 1999 1021 2042 innocentem
1042 2012 1129 2042 esse
1152 1999 1298 2042 debere
1312 2032 1322 2051 ‚
1353 2012 1404 2042 ne
1425 1999 1581 2042 incidat
1608 1999 1652 2041 in

474 2080 648 2122 paenam
670 2068 933 2110 saecularem.

179 2134 440 2178 XXXVIIII.
472 2136 628 2178 Datum
650 2136 768 2178 nobis
790 2149 877 2179 esse
899 2137 1130 2190 exemplum
1152 2137 1321 2179 uiuendi
1342 2137 1386 2179 in
1407 2136 1582 2179 Christo,

355 2205 439 2246 XL.
471 2204 563 2246 Non
584 2205 785 2247 iactanter
805 2218 878 2247 nec
898 2206 1153 2248 tumultuose
1174 2206 1436 2259 operandum.

329 2274 435 2315 XLI.
469 2274 611 2327 Inepte
633 2275 674 2316 et
694 2274 922 2317 scurriliter
941 2288 1023 2317 non
1045 2274 1307 2329 loquendum.

217 2387 235 2423 1
255 2386 380 2422 timere
398 2387 491 2422 AW
574 2387 598 2423 2
623 2387 877 2422 dimittendum
895 2388 947 2429 A,
974 2387 1329 2431 praetermittendum
1349 2387 1381 2422 V
1458 2387 1482 2423 3
1507 2386 1655 2422 redden—

143 2442 236 2487 dam]
254 2443 624 2479 rcferendamAVLB
693 2444 718 2480 4
735 2445 854 2479 uenire
867 2445 1044 2486 WLMB,
1061 2445 1238 2489 perueniri
1255 2456 1276 2480 v
1346 2446 1370 2482 5
1396 2446 1431 2479 et
1444 2444 1523 2489 quis
1531 2445 1578 2487 L,
1593 2444 1654 2489 qui

143 2500 190 2535 M
199 2504 205 2522 ¹
275 2500 298 2536 7
315 2501 617 2536 eucharisteamA
687 2501 711 2538 8
728 2502 888 2546 operaA,
905 2501 1115 2546 operibusB
1188 2502 1234 2538 11
1254 2501 1419 2536 eclesiam
1437 2501 1488 2537 W
1555 2500 1600 2544 ei]
1619 2502 1656 2534 et

150 2558 199 2593 W
210 2568 235 2592 8.
251 2557 274 2592 Ζ.
290 2569 334 2593 m.
349 2561 372 2593 2
441 2549 509 2593 dno
522 2559 626 2601 WM,
645 2559 708 2593 deo
725 2559 760 2593 Β
829 2558 1045 2603 delinquerit
1062 2559 1113 2594 W
1199 2558 1247 2595 13
1265 2560 1347 2593 ante
1365 2558 1598 2603 praedictum]
1617 2559 1657 2591 at

145 2616 241 2649 terra
257 2614 412 2650 edictum
431 2616 481 2651 W
551 2616 600 2652 14
624 2616 720 2662 quis]
737 2617 824 2660 quia
840 2616 890 2651 W
972 2616 1018 2652 17
1044 2617 1145 2661 patre
1159 2616 1195 2651 B
1266 2615 1417 2650 iudicari
1436 2616 1486 2651 W
1554 2616 1654 2659 patre

150 2673 213 2707 W¹
295 2673 344 2710 18
368 2673 621 2709 honorificatur
634 2674 685 2715 B,
715 2673 989 2709 honorificaetur
1007 2674 1058 2709 W
1143 2673 1191 2710 19
1221 2675 1318 2718 gent.
1348 2672 1480 2717 uiuere]
1510 2671 1655 2716 gentili-

146 2742 226 2766 uere
249 2732 299 2767 W
381 2732 555 2777 oportere]
572 2732 697 2767 deberc
719 2733 769 2768 W
861 2732 913 2769 20
937 2732 1090 2777 pcccatis
1107 2731 1240 2766 nostris
1257 2732 1293 2766 Β
1379 2731 1430 2767 22
1448 2729 1656 2764 seculariter

145 2789 264 2824 ornari
277 2789 328 2824 W
397 2789 447 2825 23
463 2790 635 2834 oportere]
654 2789 778 2824 debere
797 2790 847 2825 W
916 2789 1166 2825 delectaAW¹
1243 2788 1326 2832 nisi]
1346 2788 1405 2822 sed
1418 2787 1455 2822 B
1524 2787 1576 2824 24
1591 2798 1656 2832 pu-

146 2846 228 2890 niri]
246 2845 358 2881 occidi
380 2846 415 2881 V
480 2846 531 2885 25
556 2846 740 2882 innocente
758 2847 809 2882 W
878 2846 1019 2881 incedat
1034 2847 1070 2881 Α
1142 2846 1191 2882 26
1216 2856 1363 2890 poenam
1382 2844 1505 2880 Wsed
1519 2855 1576 2879 am
1589 2855 1615 2879 s,
1632 2845 1653 2879 l.

147 2914 188 2938 m.
203 2904 230 2938 2
299 2902 349 2940 27
368 2913 443 2938 esse
460 2913 524 2938 om.
539 2903 589 2939 W
657 2902 878 2938 christumB
947 2902 998 2940 28
1016 2902 1214 2937 tumultusc
1228 2903 1277 2937 W
1346 2901 1396 2939 29
1415 2902 1612 2937 scurailitcr
1621 2901 1656 2936 L
