1912 3152
593 264 655 300 Ad
679 264 989 299 Fortunatam
1012 263 1125 300 c.12.
1539 262 1625 305 345

118 371 242 414 tionis
262 370 423 413 nostrae
444 370 485 411 et
505 369 740 410 munerator
760 368 987 422 passionis,
1019 367 1178 418 beati,
1210 367 1368 420 inquit,
1401 366 1487 419 qui
1516 378 1625 420 per-

119 439 438 482 secutionem
468 437 609 490 passi
654 436 859 478 fuerint
902 436 1119 490 propter
1162 435 1453 485 iustitiam,
1506 434 1624 487 quia

117 508 339 562 ipsorum
371 506 452 548 est
481 518 691 560 regnum
712 504 987 547 caelorum.
1019 505 1061 546 et
1082 504 1253 546 iterum:
1277 503 1416 545 beati
1447 502 1623 554 eritis,

118 588 230 618 cum
274 575 387 617 odio
433 587 523 616 uos
568 573 856 616 habuerint
900 573 1141 614 homines
1173 574 1221 614 et
1252 571 1624 625 separauerint

71 656 87 682 s
118 656 204 687 uos
250 645 300 685 et
344 642 642 696 expulerint
685 644 733 684 et
778 641 1149 684 maledixerint
1191 640 1395 682 nomini
1435 641 1622 682 uestro

117 712 267 767 quasi
311 725 528 766 nequam
574 714 788 766 propter
819 711 996 753 filium
1027 710 1268 752 hominis.
1315 709 1541 764 gaudete
1572 709 1623 751 in

116 782 218 824 illa
248 781 328 822 die
356 782 404 823 et
435 781 680 822 exultate.
715 793 827 822 ecce
858 779 988 821 enim
1021 791 1217 821 merces
1249 780 1423 821 uestra
1453 779 1623 820 multa

116 851 164 893 in
186 850 355 892 caelis,
387 850 624 891 etiterum:
657 850 743 902 qui
774 848 957 902 perdit
988 849 1212 890 animam
1244 861 1383 890 suam
1413 848 1624 902 propter

116 931 187 961 me
218 918 300 960 hic
330 918 560 961 saluabit
591 918 750 960 illam.
784 931 857 960 nec
879 918 984 960 solos
1002 917 1310 959 animaduersos
1327 919 1367 959 et
1385 916 1621 958 interfectos

69 998 102 1023 ιο
115 987 279 1029 diuinae
300 987 613 1040 pollicitationis
635 989 803 1029 manent
824 987 1028 1040 praemia,
1064 986 1134 1028 sed
1157 986 1282 1028 etiam
1306 986 1340 1027 si
1362 986 1496 1040 passio
1518 985 1619 1028 fide-

114 1056 224 1098 libus
245 1057 375 1106 desit,
407 1056 507 1098 fides
529 1057 669 1098 tamen
697 1056 858 1110 integra
880 1056 1012 1109 adque
1033 1055 1190 1097 inuicta
1210 1055 1441 1108 perstiterit
1461 1056 1502 1097 et
1523 1067 1618 1097 con-

115 1124 287 1179 temptis
323 1138 369 1167 ac
405 1124 561 1166 relictis
596 1125 681 1166 suis
717 1124 907 1166 omnibus
925 1123 1137 1166 Christum
1160 1136 1202 1166 se
1224 1124 1338 1177 sequi
1371 1123 1620 1166 christianus

114 1194 360 1244 ostenderit,
383 1193 469 1247 ipse
491 1205 649 1247 quoque
671 1206 694 1235 a
716 1193 876 1235 Christo
899 1194 1007 1235 inter
1027 1194 1231 1247 martyras
1253 1192 1476 1234 honoratur
1497 1192 1621 1246 polli-

113 1265 227 1305 cente
262 1262 350 1316 ipso
387 1265 428 1305 et
466 1262 647 1305 dicente:
696 1274 835 1304 nemo
868 1263 947 1304 est
979 1262 1063 1315 qui
1096 1261 1384 1314 relinquat
1415 1261 1622 1304 domum

67 1333 207 1373 naut
239 1344 415 1386 agrum
447 1334 535 1373 aut
566 1333 803 1385 parentes
835 1332 922 1373 aut
954 1330 1151 1372 fratres
1183 1333 1275 1373 aut
1307 1343 1509 1372 uxorem
1530 1331 1621 1372 aut

112 1398 269 1441 filios
300 1401 514 1454 propter
545 1413 762 1455 regnum
794 1400 885 1443 Dei
924 1401 972 1442 et
1013 1412 1109 1442 non
1155 1400 1390 1453 recipiat
1423 1399 1622 1453 septies

110 1469 315 1510 tantum
347 1468 395 1510 in
426 1469 531 1510 isto
563 1471 819 1523 tempore,
872 1469 921 1511 in
951 1469 1158 1510 saeculo
1189 1470 1367 1511 autem
1399 1469 1621 1509 uenturo

110 1537 277 1587 uitam
309 1539 586 1579 aeternam.
634 1538 736 1580 item
759 1539 800 1580 in
824 1538 1071 1592 Apocalypsi
1104 1538 1179 1579 hoc
1200 1538 1311 1580 idem
1333 1538 1538 1591 loquitur,
1572 1537 1621 1579 et

111 1605 239 1655 uidi,
286 1605 449 1659 inquit,
496 1606 697 1648 animas
728 1607 1012 1649 occisorum
1046 1608 1261 1660 propter
1297 1619 1472 1648 nomen
1504 1607 1621 1648 Iesu

64 1675 158 1715 ’oet
191 1686 478 1716 sermonem
510 1675 618 1717 Dei.
672 1678 713 1717 et
749 1688 841 1717 cum
878 1676 1010 1730 primo
1042 1676 1084 1717 in
1121 1676 1208 1718 loco
1229 1676 1433 1729 posuisset
1455 1675 1619 1726 occisos,

20 1717 25 1798 ξ
111 1742 272 1784 addidit
294 1743 455 1785 dicens:
500 1746 551 1785 et
596 1745 904 1798 quicumque
944 1745 1231 1800 imaginem
1278 1744 1479 1787 bestiae
1523 1755 1622 1785 non

22 1803 27 1861 ἶ
111 1811 455 1854 adorauerunt
485 1825 572 1854 nec
603 1815 909 1868 acceperunt
939 1814 1338 1867 inscriptionem
1370 1813 1421 1854 in
1452 1812 1621 1855 fronte

0 1873 29 1952 Ξ
110 1881 199 1922 aut
230 1881 281 1922 in
312 1894 463 1923 manu
496 1895 595 1923 sua.
641 1894 739 1936 quos
775 1883 988 1925 uniuersos
1025 1896 1048 1925 a
1084 1895 1126 1924 se
1159 1882 1201 1924 in
1222 1883 1363 1924 ecdem
1385 1882 1472 1924 loco
1494 1881 1621 1923 simul

26 1972 30 2015 3
110 1948 219 1991 uisos
241 1949 453 2005 coniungit
475 1963 521 1992 ac
542 1950 662 1993 dicit:
689 1953 737 1993 et
758 1952 1007 1994 uixerunt
1037 1953 1085 1993 et
1116 1951 1477 2006 regnauerunt
1508 1963 1620 1992 cum

27 2018 31 2079 ξ
65 2015 329 2060 ²⁵Christo.
364 2019 504 2062 uiuere
526 2031 664 2061 omnes
697 2021 799 2063 dicit
830 2022 870 2062 et
900 2033 1071 2076 regnare
1093 2033 1187 2063 cum
1209 2020 1392 2069 Christe,
1425 2032 1504 2061 non
1526 2020 1619 2061 tan-

28 2084 31 2088 ’
109 2087 199 2129 tum
232 2088 301 2141 qui
333 2089 454 2131 occisi
486 2088 662 2141 fuerint,
696 2090 765 2132 sed
788 2089 938 2144 quique
960 2090 1002 2131 in
1023 2089 1118 2132 fidei
1141 2102 1237 2132 suae
1260 2089 1459 2131 firmitate
1480 2089 1521 2130 et
1541 2087 1620 2130 Dei

29 2131 33 2168 ι

30 2173 33 2194 1

31 2202 35 2259 ἱ
246 2226 262 2258 1
290 2224 420 2260 Matth.
439 2226 471 2266 5,
492 2227 544 2260 10.
630 2228 652 2261 :3
678 2227 759 2261 Luc.
779 2228 811 2261 e.
828 2227 872 2261 22
890 2238 941 2271 sq.
1036 2228 1058 2261 s
1082 2227 1164 2261 Luc.
1184 2228 1216 2268 9,
1236 2227 1290 2261 24.
1390 2226 1433 2260 14
1458 2226 1542 2261 Luc.
1563 2226 1617 2266 18,

32 2287 36 2332 χ
117 2281 162 2316 29
180 2293 229 2327 sq.
304 2283 347 2317 18
371 2284 476 2327 Apoc.
495 2286 549 2325 20,
567 2285 598 2319 4.

35 2412 39 2449 ι
178 2409 195 2442 1
222 2411 340 2443 noster
354 2410 395 2443 ‚5¹
466 2413 669 2445 munerator
686 2412 766 2446 &W
769 2411 805 2446 R
812 2411 858 2452 V,
878 2414 1118 2446 remunerator
1134 2423 1154 2446 v
1223 2411 1245 2445 3
1271 2412 1326 2444 est
1344 2410 1373 2445 S
1387 2421 1414 2444 s.
1429 2410 1449 2444 l.
1465 2421 1508 2444 m.
1525 2412 1550 2444 2

35 2451 40 2514 1
110 2465 298 2511 caelorum]
316 2467 401 2501 add.
419 2467 470 2502 R:
497 2467 543 2501 Et
560 2467 691 2502 iterum
709 2468 821 2502 nolite
838 2469 965 2503 timere
983 2479 1040 2502 cos
1057 2469 1118 2513 qui
1137 2468 1302 2503 occidunt
1319 2478 1443 2512 corpus
1461 2468 1619 2502 animam

38 2550 40 2555 .
110 2524 228 2557 autem
257 2533 325 2557 non
356 2526 505 2568 possunt
533 2524 706 2566 occidere,
734 2525 850 2570 magis
875 2528 993 2560 autem
1011 2527 1161 2560 metuite
1179 2536 1258 2560 cum
1276 2525 1338 2569 qui
1355 2527 1473 2569 potest
1490 2527 1526 2559 et
1543 2526 1618 2560 ani-

38 2565 42 2635 }
110 2588 203 2614 mam
232 2582 268 2614 et-
296 2591 419 2625 corpus
443 2581 600 2616 occidere
633 2582 669 2616 in
697 2583 859 2627 gehenna
888 2584 1040 2627 (Matth.
1062 2586 1116 2623 10,
1135 2585 1224 2626 28);
1251 2584 1299 2626 cs.
1320 2587 1396 2618 test.
1418 2584 1489 2618 III
1503 2586 1549 2617 16

39 2640 42 2651 ·
109 2635 132 2670 8
156 2635 192 2670 111
209 2637 317 2671 caelis
336 2637 436 2678 WV,
463 2639 498 2672 in
517 2649 544 2673 c.
563 2641 618 2673 est
643 2639 687 2679 S,
712 2642 767 2674 est
795 2640 832 2674 in
864 2651 891 2675 c.
910 2640 968 2676 Rv
1085 2640 1278 2685 perdiderit
1298 2652 1316 2675 v
1434 2640 1477 2674 10
1501 2640 1617 2684 passio

41 2708 45 2743 ι
111 2692 282 2735 SWRV,
309 2695 387 2739 ipsa
405 2696 521 2739 passio
542 2708 559 2730 v
633 2698 675 2731 12
699 2698 773 2731 suis
790 2708 855 2732 om.
877 2698 927 2733 W
998 2699 1041 2732 13
1065 2701 1239 2742 martyres
1257 2698 1315 2733 Rv
1398 2697 1441 2730 14
1465 2696 1617 2731 derelin-

42 2748 46 2806 ἱ
111 2752 197 2793 quat
215 2751 264 2786 W
334 2753 377 2786 16
402 2755 541 2797 proptor
558 2764 707 2798 regnum
725 2753 780 2788 dci
800 2766 864 2789 om.
887 2755 973 2790 WR
1055 2756 1099 2789 15
1123 2754 1326 2799 apocalypis
1347 2754 1395 2795 (in
1414 2755 1495 2797 om.)
1513 2754 1548 2789 R

43 2827 47 2860 3
111 2806 154 2840 19
173 2817 297 2842 nomen
312 2808 367 2843 doi
384 2811 420 2843 et
435 2809 681 2844 testimonium
696 2811 770 2845 iesu
787 2811 821 2844 V
887 2812 929 2846 21
949 2823 1017 2846 non
1036 2812 1130 2847 ador.
1150 2813 1210 2845 im.
1228 2811 1364 2845 bestiae
1374 2811 1409 2845 R
1472 2811 1517 2845 ‘22
1534 2810 1618 2845 ado-

45 2861 48 2924 ’ἱ
111 2863 267 2898 rauerint
285 2865 327 2899 S¹
444 2870 564 2901 notam
582 2869 617 2901 ct
634 2867 903 2912 inscriptionem
928 2869 961 2903 V
1061 2869 1106 2903 :24
1130 2871 1165 2902 et
1183 2868 1271 2902 dicit
1298 2880 1318 2902 ἰ·
1330 2894 1337 2908 ,
1365 2867 1495 2902 accidit
1512 2867 1548 2903 R

111 2917 157 2953 25
180 2920 291 2953 omnis
311 2920 353 2955 ,δ”
466 2922 511 2955 26
537 2922 679 2956 fuerunt
698 2924 739 2955 S*
842 2923 901 2957 sod
926 2926 961 2957 ct
986 2934 1006 2958 t·
1114 2924 1257 2968 quique]
1288 2924 1498 2969 quicumque
1527 2936 1548 2960 υ
