1838 3152
417 253 681 287 Sententiae
706 252 1015 295 episcoporum
1041 262 1099 286 nr.
1124 251 1272 286 44—51.
1496 249 1582 292 453

458 427 708 478 Pomponius
730 438 755 465 a
775 426 1034 476 Dionysiana
1056 425 1183 464 dixit:

125 508 397 551 Manifestum
433 508 495 548 est
530 506 758 548 haereticos
793 517 873 546 non
907 517 1025 558 posse
1054 504 1262 557 baptizare
1292 506 1333 546 et
1362 505 1579 546 remissam
1596 502 1651 542 48

68 579 326 634 feccatorum
349 577 446 618 dare
476 575 547 628 qui
578 575 828 628 potestatem
851 586 930 615 non
959 573 1111 615 habent
1141 574 1189 614 ut
1217 574 1287 614 aut
1319 573 1475 615 soluere
1505 574 1578 615 aut

68 648 195 701 ligare
218 644 377 698 aliquid
399 645 440 685 in
462 644 584 686 terris
608 644 778 697 possint.

35 819 50 843 ⁵
506 810 740 850 Venantius
763 821 788 848 a
810 809 982 849 Thinisa
1005 810 1133 848 dixit:

122 890 163 931 Si
187 890 360 931 maritus
383 901 551 942 peregre
574 888 832 942 proficiscens
854 888 985 929 amico
1016 899 1087 929 suo
1118 887 1447 930 commendasset
1477 901 1576 930 uxo-
1593 889 1649 929 49

64 972 148 1001 rem
170 971 288 1000 suam
320 958 653 1007 custodiendam,
687 958 1017 998 commendatam
1040 956 1119 997 sibi
1152 956 1225 998 ille
1256 957 1409 1009 quanta
1439 958 1578 1009 posset

63 1027 280 1081 diligentia
302 1029 506 1076 seruaret,
539 1040 588 1067 ne
612 1026 662 1067 ab
685 1026 824 1079 aliquo
847 1026 1015 1068 castitas
1038 1026 1125 1068 eius
1154 1028 1195 1068 et
1223 1026 1424 1068 sanctitas
1457 1027 1576 1068 adul-

64 1099 278 1139 teraretur.
313 1095 501 1138 Christus
525 1096 734 1137 Dominus
764 1097 805 1137 et
835 1096 945 1136 Deus
969 1096 1107 1137 noster
1140 1095 1191 1136 ad
1221 1097 1381 1148 patrem
1410 1096 1575 1149 profici-

21 1185 53 1212 10
65 1178 177 1207 scens
199 1177 390 1218 sponsam
413 1177 532 1206 suam
554 1164 671 1205 nobis
694 1164 995 1206 commendauit.
1030 1165 1224 1205 utrumne
1246 1177 1336 1206 eam
1365 1164 1578 1218 incorrup-

64 1236 150 1276 tam
173 1236 211 1275 et
235 1233 479 1275 inuiolatam
501 1233 760 1275 custodimus
782 1246 833 1275 an
856 1232 1147 1287 integritatem
1169 1232 1257 1274 eius
1280 1234 1321 1274 et
1338 1232 1575 1275 castitatem

65 1302 244 1345 moechis
281 1304 321 1344 et
358 1302 665 1355 c‹.›1·i·uptoi·ibus
703 1302 945 1356 prodimus?
978 1302 1048 1355 qui
1078 1302 1188 1342 enim
1218 1301 1426 1354 baptisma
1448 1302 1578 1344 eccle-

65 1372 146 1414 siae
182 1383 399 1413 commune
436 1383 530 1411 cum
566 1371 782 1412 haereticis
820 1370 922 1413 facit
958 1382 1152 1424 sponsam
1189 1369 1344 1412 Christi
1376 1370 1578 1413 adulteris

66 1440 212 1495 prodit.

0 1609 4 1652 3
26 1608 57 1634 15
494 1593 718 1644 Ahymmus
741 1594 792 1633 ab
814 1595 1011 1645 Ausuaga
1033 1595 1158 1634 dixit:

127 1671 211 1712 Nos
235 1684 363 1713 111111111
386 1672 640 1725 baptismum
671 1672 925 1725 accepimus,
959 1674 1000 1714 et
1037 1672 1174 1725 ipsum
1212 1685 1460 1714 exercemus.
1509 1672 1653 1725 qui50

71 1741 208 1782 autem
230 1740 332 1782 dicit
354 1741 449 1794 quia
472 1741 690 1783 haereticis
713 1740 811 1783 licet
832 1741 1064 1795 baptizare,
1098 1741 1185 1795 ipse
1214 1742 1316 1783 duos
1346 1741 1577 1795 baptismos

70 1807 181 1850 facit.

466 1964 714 2003 Saturninus
738 1975 763 2003 a
783 1964 1030 2003 Victoriana
1052 1964 1180 2003 dixit:

26 2054 58 2081 20
126 2040 168 2082 si
190 2041 287 2083 licet
307 2041 527 2084 haereticis
557 2042 786 2095 baptizare,
820 2042 1003 2084 excusati
1033 2043 1130 2084 sunt
1161 2043 1202 2083 et
1231 2041 1387 2083 defensi
1417 2042 1581 2084 inlicita
1597 2040 1647 2080 51

69 2108 261 2153 facientes
275 2144 284 2161 ‚
316 2124 389 2153 nec
410 2111 530 2153 uideo
553 2123 676 2164 quare
698 2123 764 2153 eos
786 2113 859 2153 aut
881 2110 1070 2154 Christus
1097 2111 1356 2153 aduersarios
1390 2122 1486 2153 suos
1508 2112 1581 2153 aut

69 2179 274 2231 apostolus
295 2180 561 2222 antichristos
583 2180 867 2234 appellauerit.

136 2374 157 2406 :2
182 2374 330 2407 remissa
350 2377 394 2414 ιδ’,
422 2375 665 2409 remissionem
683 2377 740 2410 Ac
823 2376 844 2409 4
870 2376 1002 2419 aliquis
1022 2377 1051 2411 S
1119 2378 1236 2420 potest
1254 2376 1298 2417 S,
1324 2376 1438 2419 possit
1459 2377 1501 2409 T·

70 2429 91 2463 5
115 2431 327 2465 uenantibus
348 2431 381 2465 L
499 2431 661 2467 thinnisa
679 2433 728 2473 L,
758 2432 905 2468 thinusa
928 2434 971 2474 Τ,
999 2433 1109 2467 tinisa
1127 2434 1185 2468 Αυ
1303 2434 1322 2467 7
1349 2435 1385 2468 et
1403 2445 1580 2468 commen-

71 2486 188 2522 datam
210 2489 241 2522 T
331 2493 352 2523 ὅ
377 2492 602 2523 conseruaret
621 2490 747 2524 L'I'Ac
819 2490 1042 2524 adulteretur
1060 2491 1094 2525 L
1191 2491 1233 2525 11
1260 2491 1485 2535 inuiolatam]
1504 2491 1579 2525 inu-

72 2547 188 2580 natam
206 2546 240 2580 L
335 2547 611 2581 custodibisnius
630 2548 680 2582 L¹
696 2574 703 2589 ‚
732 2548 971 2582 custodiemus
988 2559 1008 2582 v
1104 2550 1147 2583 12
1174 2549 1303 2584 moecis
1321 2549 1398 2584 ST*
1499 2560 1581 2593 pro-

71 2601 188 2637 demus
206 2614 226 2638 v
344 2605 387 2638 15
412 2604 599 2649 ahymmus
619 2604 682 2639 SL
699 2609 733 2640 et
750 2605 850 2640 codd.
865 2607 982 2650 Any„
1008 2606 1184 2650 ahymnus
1211 2607 1261 2641 Tv
1365 2617 1522 2647 ausuaga>
1542 2606 1580 2647 S,

71 2670 250 2705 ausuagga
268 2661 320 2702 L,
345 2661 576 2706 adausuagga
598 2663 629 2695 Τ
694 2662 787 2697 dixit
804 2673 868 2698 om.
890 2663 920 2697 S
1007 2664 1049 2697 1ss
1074 2663 1256 2708 baptisma
1274 2664 1332 2699 Av
1419 2666 1581 2697 tenemus

72 2718 106 2751 et
123 2728 318 2752 exercemus
337 2730 356 2753 v
446 2719 486 2752 17
514 2719 598 2762 quia-
615 2722 651 2753 et
669 2720 726 2753 Av
792 2719 859 2754 duo
878 2720 1098 2765 baptismata
1115 2733 1136 2755 υ
1223 2721 1266 2754 19
1293 2720 1467 2755 uictor-ina
1485 2722 1514 2754 ,δ’

71 2773 114 2809 20
137 2774 236 2810 licita
254 2777 345 2812 coni.
365 2776 535 2811 Mai-sliat
620 2778 663 2811 21
691 2778 820 2812 christi
843 2779 885 2811 Τ1
978 2779 1024 2813 22
1049 2778 1287 2813 antichristus
1306 2777 1335 2812 S
