1912 3152
609 283 669 318 Ad
696 283 989 317 Fortunatum
1014 293 1041 316 c.
1067 283 1121 316 11.
1524 283 1606 324 337

107 392 256 433 formes
278 387 564 431 infestantium
584 398 732 440 poenas
762 386 929 441 angusti
958 386 1121 428 itineris
1143 385 1392 428 difficultate
1413 385 1607 440 gradian-

104 462 182 501 tur.
217 459 274 500 sic
295 458 337 499 in
358 457 514 511 origine
535 455 681 498 statim
698 456 842 497 mundi
860 454 967 497 Abel
984 454 1117 496 iustus
1139 468 1163 497 a
1185 454 1311 496 fratre
1326 455 1484 508 primus
1500 455 1607 497 occi-

105 527 217 569 ditur
237 528 279 569 et
299 526 418 568 Iacob
448 525 618 579 fugatur
638 525 679 566 et
699 524 847 578 Ioseph
876 524 1137 566 uenundatur
1158 525 1198 566 et
1219 524 1357 565 Dauid
1377 524 1608 566 misericor-

104 596 198 638 dem
229 594 327 637 Saul
358 607 425 635 rex
456 593 714 647 persequitur
735 594 777 635 et
797 593 965 635 Heliam
986 593 1247 635 maiestatem
1270 593 1346 634 Dei
1376 594 1607 635 constanter

75 676 148 706 sac
182 663 345 705 fortiter
379 662 635 704 adserentem
664 675 733 704 rex
761 662 904 704 Achab
927 662 1155 716 opprimere
1177 663 1358 704 conatur.
1391 662 1606 704 Zacharias

101 733 286 776 sacerdos
322 731 570 774 interficitur
607 731 648 772 in
684 731 819 773 medio
854 731 1003 784 templi
1032 732 1073 772 et
1095 731 1260 780 altaris,
1293 731 1341 772 ut
1361 730 1449 773 illic
1470 731 1606 773 hostia

101 803 187 857 ipse
208 801 302 850 fiat,
334 801 405 842 ubi
427 801 511 842 Deo
533 800 687 842 hostias
710 799 967 841 immolabat.
1002 800 1065 840 tot
1094 799 1268 852 denique
1304 800 1505 854 martyria
1540 800 1605 841 iu-

99 872 256 914 storum
279 882 396 923 saepe
418 869 642 918 celebrata,
675 869 738 910 tot
774 868 885 910 edita
918 868 960 909 in
997 869 1206 921 posterum
1242 868 1337 911 fidei
1366 870 1407 910 et
1434 869 1605 910 uirtutis

98 940 294 993 exempla.
341 939 424 979 tres
455 938 591 991 pueri,
624 937 828 987 AnaniaS,
862 937 1052 986 Azarias,
1100 937 1294 987 Misahel,
1342 938 1476 979 aetate
1510 950 1606 980 con-

52 1022 85 1047 ιο
97 1021 212 1063 pares
225 1041 234 1058 ,
274 1008 492 1049 dilectione
534 1007 769 1057 concordeS,
815 1006 895 1049 fide
930 1006 1099 1048 stabiles
1112 1039 1121 1055 ,
1166 1006 1323 1048 uirtute
1355 1007 1604 1057 constantes,

96 1077 274 1120 flammis
297 1089 343 1119 ac
362 1077 501 1131 poenis
523 1077 795 1131 urguentibus
817 1076 1005 1118 fortiores
1023 1076 1098 1118 soli
1115 1088 1156 1117 se
1173 1075 1258 1117 Deo
1275 1076 1447 1125 seruire,
1470 1076 1605 1118 solum

96 1159 231 1194 nosse,
264 1147 398 1188 solum
434 1145 562 1187 colere
595 1146 853 1199 proclamant
890 1146 1093 1187 dicentes:
1133 1145 1606 1188 Nabuchodonosor

46 1239 51 1242 ν
95 1228 197 1264 rex,
229 1227 323 1256 non
353 1227 476 1268 opus
507 1216 582 1256 est
612 1215 758 1256 nobis
780 1215 837 1256 de
858 1215 948 1256 hoc
970 1215 1123 1256 uerbo
1152 1215 1461 1268 respondere
1489 1214 1602 1256 tibi.

95 1285 170 1326 est
201 1284 334 1325 enim
365 1284 499 1325 Deus
532 1283 612 1325 cui
643 1295 733 1324 nos
773 1283 1027 1324 seruimus
1066 1283 1247 1336 potens
1280 1283 1477 1336 eripere
1514 1295 1602 1324 nos

48 1366 80 1392 ιε
94 1353 150 1395 de
180 1352 376 1395 camino
407 1352 546 1407 ignis
578 1353 832 1394 ardentis:
874 1354 922 1393 et
959 1352 1015 1394 de
1053 1353 1289 1394 manibus
1331 1353 1458 1401 tuis,
1499 1364 1603 1403 rex,

93 1421 345 1463 liberabit
387 1433 485 1463 nos.
534 1423 582 1463 et
624 1422 665 1463 si
707 1434 825 1472 non,
873 1422 1052 1463 notum
1083 1421 1153 1463 sit
1194 1422 1293 1463 tibi
1340 1422 1458 1475 quia
1501 1422 1604 1463 diis

92 1490 198 1532 tuis
242 1504 337 1532 non
380 1491 636 1532 seruimus
668 1492 716 1532 et
748 1491 1024 1545 imaginem
1071 1504 1274 1533 auream
1317 1503 1461 1543 quam
1503 1491 1604 1532 sta-

92 1558 247 1601 tuisti
269 1571 362 1601 non
384 1560 667 1601 adoramus
700 1560 741 1601 et
758 1560 905 1601 Daniel
927 1560 1012 1601 Deo
1035 1561 1206 1602 deuotus
1229 1561 1269 1601 et
1290 1560 1428 1601 sancto
1446 1558 1603 1613 Spiritu

18 1672 19 1682 ἶ
92 1627 235 1680 plenus
272 1628 476 1670 exclamat
514 1629 555 1669 et
592 1628 713 1669 dicit:
761 1628 893 1669 nihil
933 1629 1042 1670 colo
1081 1642 1168 1683 ego
1199 1629 1302 1671 nisi
1333 1629 1602 1670 Dominum

8 1695 19 1754 ζ’
48 1695 249 1740 „Deum
281 1710 443 1738 meum
490 1697 575 1750 qui
619 1697 855 1739 condidit
900 1697 1095 1739 caelum
1127 1699 1174 1739 et
1205 1699 1404 1740 terram.
1453 1697 1602 1740 Tobias

10 1781 22 1816 '2³
93 1777 251 1818 quoque
289 1766 364 1807 sub
400 1766 530 1820 regali
562 1766 661 1808 licet
689 1778 735 1807 ac
765 1766 982 1820 tyrannica
1002 1766 1222 1817 seruitute,
1254 1779 1373 1808 sensu
1396 1767 1534 1809 tamen
1555 1780 1602 1810 ac

12 1805 31 1916 A
92 1834 242 1887 spiritu
264 1834 370 1876 liber
390 1835 686 1877 confessionem
709 1848 827 1877 suam
848 1836 933 1877 Deo
956 1837 1096 1878 seruat
1119 1836 1160 1877 et
1180 1835 1382 1878 uirtutem
1403 1836 1601 1878 maiesta—

91 1902 256 1956 temque
293 1903 479 1945 diuinam
517 1903 755 1946 sublimiter
791 1904 1002 1957 praedicat
1041 1904 1202 1946 dicens:
1246 1917 1334 1959 ego
1372 1905 1422 1947 in
1458 1905 1600 1948 terra.

0 1910 34 2035 ἔξ
91 1972 433 2025 captiuitatis
454 1985 595 2014 meae
626 1972 886 2014 confiteor
916 1972 1003 2014 illi
1035 1974 1084 2014 et
1115 1974 1328 2016 ostendo
1350 1974 1600 2016 uirtutem

2 2039 197 2111 {lacius
227 2041 278 2082 in
308 2041 516 2083 natione
545 2041 847 2095 peccatrice.

3 2094 7 2165 ᾗ
33 2126 38 2195 ι
147 2107 255 2160 Quid
277 2121 371 2151 uero
397 2109 440 2151 in
461 2109 722 2152 Machabaeis
744 2111 902 2163 septem
925 2110 1073 2152 fratres
1096 2112 1137 2152 et
1158 2111 1362 2152 natalium
1383 2111 1538 2165 pariter
1557 2112 1599 2153 et

3 2171 9 2222 ἶ
35 2202 38 2232 5
90 2177 296 2219 uirtutum
313 2178 422 2220 sorte
439 2179 673 2221 consimiles
691 2179 969 2232 septenarium
990 2192 1209 2221 numerum
1232 2181 1486 2222 sacramente
1506 2193 1599 2233 per-

5 2226 10 2307 ᾖ
35 2235 41 2335 ἶ
90 2244 216 2288 fectae
245 2247 609 2289 consummationis
647 2248 897 2301 implentes?
928 2249 986 2289 sic
1022 2248 1180 2301 septem
1216 2248 1363 2290 fratres
1399 2249 1599 2303 martyrio

8 2330 11 2350 l

41 2399 43 2422 ;
225 2373 268 2407 12
294 2373 382 2407 Dan.
402 2373 434 2412 3,
454 2373 497 2406 16
515 2384 565 2417 sq.
639 2373 682 2407 19
707 2373 795 2407 Dan.
817 2374 870 2414 14,
888 2374 919 2408 4.
1000 2373 1045 2407 23
1070 2372 1154 2407 Tob.
1174 2373 1228 2414 13,
1248 2372 1282 2409 6.

42 2475 46 2543 ξ
157 2488 176 2521 1
202 2486 445 2522 infestandum
463 2488 501 2524 R
513 2515 521 2529 ‚
548 2487 823 2523 infestationum
841 2499 862 2523 v
955 2488 1171 2533 gradiuntur
1190 2489 1242 2523 W
1332 2488 1354 2522 2
1379 2487 1477 2532 prius
1496 2487 1530 2523 R

10 2544 14 2564 ¹
39 2544 47 2582 ,l
87 2543 111 2578 4
134 2543 252 2579 helian
272 2544 356 2580 SW
464 2546 486 2579 5
510 2556 735 2590 oppraemcre
753 2546 797 2580 δ’·
900 2545 1103 2580 zaccharias
1123 2545 1188 2580 SR
1296 2546 1318 2579 6
1343 2544 1478 2580 hostia.
1494 2571 1500 2576 .
1518 2544 1597 2579 .deo

13 2614 17 2624 ¹
44 2579 49 2636 i
88 2611 152 2637 om.
172 2601 207 2637 R
253 2602 272 2636 7
299 2601 438 2637 fietW'
485 2603 507 2636 9
525 2603 625 2647 pueri
643 2603 679 2638 in
698 2603 836 2638 camino
855 2604 950 2648 ignis
965 2604 1002 2638 R
1071 2603 1199 2637 misael
1217 2603 1247 2637 S
1316 2603 1360 2637 10
1377 2602 1457 2637 fidei
1480 2602 1531 2636 W

47 2668 49 2673 ¹
89 2658 133 2692 12
157 2660 422 2703 proclamabant
441 2659 471 2694 S
575 2660 863 2694 nabucodonosor
882 2660 925 2701 S,
951 2659 1257 2694 nabucodonossor
1276 2659 1312 2694 R
1393 2660 1437 2693 14
1461 2669 1524 2693 nos
1542 2660 1597 2692 est

13 2727 18 2748 z
47 2712 51 2767 ⁵
89 2716 221 2760 eripere
238 2716 291 2757 R,
318 2726 381 2750 nos
399 2717 532 2761 eripere
549 2728 570 2752 v
641 2718 684 2752 16
710 2718 884 2752 liberauit
902 2718 987 2753 WR
1062 2718 1104 2752 17
1123 2718 1319 2761 imaginem
1339 2716 1504 2757 SWRV,
1523 2718 1596 2750 sta·

15 2785 19 2804 2
49 2770 52 2817 l
89 2773 187 2808 tuam
204 2785 225 2808 v
318 2774 363 2808 18
387 2774 612 2810 adorabimus
632 2776 682 2811 W
760 2777 802 2810 19
827 2778 863 2810 et
881 2776 1014 2811 clamat
1031 2776 1081 2811 W
1143 2775 1195 2809 nil
1212 2775 1248 2810 R
1320 2775 1391 2808 nisi
1409 2785 1473 2818 ego
1491 2774 1528 2809 R

50 2828 54 2875 ζ
88 2830 134 2865 22
157 2833 309 2866 „seruat
329 2831 379 2866 W
393 2833 428 2875 (a
444 2834 552 2877 corr.)
659 2844 695 2868 se
713 2834 887 2868 uirtutem
906 2833 935 2868 S
941 2836 967 2873 ¹,
995 2833 1202 2867 ”uirtutem
1217 2833 1253 2867 R
1358 2833 1402 2867 24
1428 2831 1595 2866 confiteor

52 2883 55 2927 l
89 2888 275 2923 —oetcndo
290 2888 456 2930 SWRV,
487 2889 664 2924 ...ebor-.
681 2890 801 2925 ..dam
827 2902 848 2926 υ
935 2891 981 2925 25
1010 2890 1239 2934 peccatricem
1267 2890 1304 2924 R
1389 2889 1434 2923 26
1458 2899 1594 2923 macca-

19 2962 21 2966 ·
53 2931 56 2960 ¹
87 2943 228 2980 baeisS
293 2945 336 2981 27
362 2957 545 2982 numemm
562 2958 626 2981 om.
646 2948 683 2983 R
763 2948 808 2982 28
832 2948 869 2982 in
885 2947 1058 2992 martyrio
1078 2946 1184 2982 WRv

55 3004 60 3088 ll
219 3016 284 3046 111.
1265 3004 1321 3047 22
