1838 3152
541 239 599 273 De
624 238 717 273 zelo
741 240 783 273 et
808 239 950 273 liuore
976 249 1002 273 c.
1033 239 1178 276 10—13.
1533 240 1617 282 427

173 345 408 389 Meminisse
446 342 641 384 debemus
677 354 756 396 quo
792 342 989 384 uocabulo
1011 343 1174 396 plebem
1196 356 1312 386 suam
1335 343 1523 387 Christus
1544 357 1618 400 ap-
1637 344 1688 384 12

118 416 265 471 pellet,
296 425 374 467 quo
397 412 519 454 titulo
540 424 707 466 gregem
730 423 852 452 suum
873 413 1091 465 nuncupet.
1125 424 1222 454 oues
1243 413 1450 464 nominat,
1484 414 1531 455 ut
1552 413 1618 455 in-

116 484 301 528 nocentia
322 482 548 525 christiana
568 481 714 522 ouibus
750 481 967 533 aequetur:
1000 493 1127 535 agnos
1164 483 1305 532 uocat,
1339 484 1385 523 ut
1417 495 1617 537 agnorum

116 555 302 597 naturam
325 551 558 604 simplicem
580 549 828 602 simplicitas
850 549 1002 591 mentis
1024 550 1224 592 imitetur.
1250 551 1348 604 quid
1366 551 1441 592 sub
1460 552 1617 594 uestitu

72 630 86 654 ⁵
116 623 255 666 ouium
291 621 413 674 lupus
449 619 612 668 latitat,
645 615 951 672 quid'gregem
987 617 1141 660 Christi
1171 619 1241 672 qui
1280 620 1553 663 christianum
1576 633 1617 662 se

115 691 315 735 mentitur
349 688 555 731 infamat?
587 686 739 729 Christi
781 699 927 729 nomen
964 687 1130 729 induere
1167 690 1207 730 et
1244 701 1323 730 non
1356 702 1427 743 per
1463 688 1616 732 Christi

115 761 226 803 uiam
256 771 423 814 pergere
453 757 553 811 quid
585 757 700 799 aliud
722 770 844 810 quam
866 757 1165 810 praeuaricatio
1187 758 1249 799 est
1271 758 1402 800 diuini
1424 760 1616 810 nominis,

115 842 236 884 quam
252 828 428 870 desertio
447 827 607 868 itineris
630 826 854 868 salutaris?
876 826 1037 879 quando
1060 827 1146 880 ipse
1168 827 1311 868 doceat
1333 829 1373 869 et
1394 828 1505 870 dicat
1523 841 1617 871 eum

114 899 166 941 ad
197 897 330 939 uitam
362 895 500 937 uenire
533 896 603 949 qui
634 895 830 936 mandata
852 895 1080 936 seruauerit
1101 896 1142 936 et
1163 908 1258 937 eum
1280 908 1367 938 esse
1389 897 1617 950 sapientem

69 973 102 999 1⁰
113 967 182 1021 qui
204 966 329 1007 uerba
351 965 438 1006 eius
460 964 638 1006 audierit
659 966 700 1005 et
722 964 885 1013 fecerit,
919 964 1127 1005 doctorem
1166 977 1324 1018 quoque
1361 978 1455 1007 eum
1484 968 1617 1009 maxi-

112 1049 228 1078 mum
259 1035 301 1076 in
332 1045 456 1088 regno
488 1034 693 1075 caelorum
716 1033 852 1074 uocari
874 1033 945 1086 qui
973 1034 1158 1076 docuerit
1180 1035 1220 1076 et
1241 1035 1300 1076 sic
1323 1034 1487 1086 fecerit,
1519 1038 1618 1079 tunc

113 1103 364 1160 praedicanti
386 1102 648 1156 profuturum
682 1101 789 1155 quod
826 1102 929 1144 bene
965 1102 1096 1155 adque
1132 1103 1294 1145 utiliter
1330 1105 1617 1157 praedicatum

113 1173 260 1222 fuerit,
294 1172 329 1213 si
367 1172 408 1213 id
444 1171 553 1225 quod
589 1183 656 1212 ore
692 1170 899 1224 promitur
934 1170 1056 1213 factis
1093 1172 1359 1225 sequentibus
1396 1174 1614 1227 inpleatur.

112 1242 211 1297 quid
232 1253 328 1283 uero
351 1240 578 1282 insinuauit
600 1239 781 1281 crebrius
803 1239 1018 1293 discipulis
1036 1240 1122 1282 suis
1139 1241 1353 1291 Dominus,
1392 1242 1491 1295 quid
1511 1243 1618 1285 inter

68 1324 99 1350 ιε»
112 1311 268 1354 monita
290 1310 487 1353 salutaria
515 1311 557 1351 et
588 1310 805 1363 praecepta
826 1309 1020 1351 caelestia
1041 1310 1355 1352 custodiendum
1376 1311 1510 1365 magis
1532 1324 1617 1353 ser-

112 1382 374 1434 uandumque
396 1379 612 1422 mandauit
643 1392 767 1432 quam
800 1380 847 1420 ut
877 1380 1019 1421 eadem
1051 1379 1268 1422 dilectione
1290 1393 1370 1433 qua
1392 1381 1617 1433 discipulos

113 1451 199 1505 ipse
220 1450 365 1492 dilexit
386 1461 458 1491 nos
481 1461 641 1502 quoque
663 1449 842 1490 inuicem
865 1448 1121 1502 diligamus?
1152 1449 1354 1502 quomodo
1388 1451 1528 1491 autem
1550 1449 1618 1491 uel

110 1532 251 1574 pacem
273 1518 440 1561 Domini
463 1518 530 1560 uel
552 1518 769 1560 caritatem
791 1518 903 1559 tenet
935 1518 1004 1572 qui
1035 1518 1312 1560 intercedente
1343 1518 1428 1560 zelo
1450 1531 1523 1560 nec
1544 1531 1617 1571 pa-

111 1588 249 1630 cificus
271 1589 406 1642 potest
428 1600 515 1629 esse
534 1599 608 1629 nec
630 1589 777 1629 carus?

64 1662 97 1688 2⁰
165 1658 261 1699 Ideo
283 1659 323 1699 et
346 1657 556 1710 apostolus
578 1656 733 1697 Paulus
756 1668 851 1698 cum
872 1656 985 1710 pacis
1006 1656 1047 1697 et
1075 1657 1260 1698 caritatis
1290 1657 1440 1699 merita
1469 1657 1614 1710 depro-
1634 1661 1684 1703 13

108 1727 238 1768 meret
269 1738 443 1779 cumque
474 1726 735 1767 adseueraret
756 1724 932 1766 firmiter
954 1726 994 1767 et
1016 1725 1178 1767 doceret
1200 1738 1273 1767 nec
1294 1726 1417 1767 fidem
1440 1726 1521 1767 sibi
1542 1738 1616 1767 nec

107 1795 383 1850 eleemosynas
404 1807 476 1837 nec
497 1795 731 1849 passionem
752 1807 911 1848 quoque
933 1795 1067 1848 ipsam
1089 1795 1331 1837 confessoris
1354 1797 1394 1837 et
1417 1795 1614 1849 martyris

110 1865 392 1919 profuturam,
425 1864 505 1906 nisi
527 1865 714 1906 caritatis
746 1865 909 1906 foedera
939 1865 1102 1920 integra
1133 1865 1266 1918 adque
1297 1865 1499 1906 inuiolata
1530 1877 1616 1906 ser-

110 1936 267 1984 uasset,
302 1934 453 1976 adiecit
474 1936 515 1975 et
537 1933 663 1974 dixit:
705 1934 897 1975 caritas
929 1934 1258 1989 magnanima
1289 1935 1387 1985 est,
1419 1933 1616 1975 caritas

63 2002 337 2057 2⁵benigna
369 2003 464 2051 est,
497 2003 693 2045 caritas
725 2015 819 2044 non
851 2003 1005 2051 zelat,
1038 2004 1185 2045 docens
1208 2003 1367 2045 scilicet
1404 2004 1444 2044 et
1479 2003 1616 2044 osten-

109 2072 207 2114 dens
229 2085 323 2114 eum
345 2084 461 2125 posse
483 2071 700 2114 caritatem
723 2074 860 2114 tenere
892 2072 1063 2125 quisque
1095 2072 1385 2127 magnanimus
1418 2071 1544 2113 fuerit
1575 2072 1616 2112 et

109 2140 308 2195 benignus
331 2142 371 2182 et
394 2141 471 2183 zeli
494 2154 539 2183 ac
560 2141 703 2183 liuoris
724 2141 895 2182 alienus.
930 2142 1031 2182 item
1069 2141 1150 2182 alio
1190 2141 1275 2182 loco
1315 2153 1408 2182 cum
1431 2140 1614 2181 moneret

106 2210 153 2251 ut
187 2210 308 2251 homo
346 2210 429 2251 iam
466 2211 605 2251 sancto
643 2209 803 2264 Spiritu
840 2210 983 2263 plenus
1020 2212 1062 2251 et
1095 2210 1316 2251 natiuitate
1351 2209 1515 2250 caelesti
1537 2209 1614 2250 Dei

241 2335 285 2369 24
312 2335 327 2368 1
349 2335 424 2370 Cor.
446 2335 500 2376 13,
517 2335 549 2369 4.

171 2437 193 2470 2
209 2437 365 2471 nominet
384 2438 446 2471 W·
541 2438 563 2472 4
582 2438 762 2482 simplitas
781 2439 831 2472 W
915 2439 1046 2473 uestito
1062 2439 1099 2473 D
1184 2440 1206 2473 5
1223 2439 1319 2483 quid]
1340 2440 1399 2483 qui
1421 2440 1466 2473 M
1473 2441 1481 2457 ¹
1578 2450 1614 2471 sc

104 2493 338 2528 christianum
352 2507 383 2535 v,
398 2495 450 2529 ch.
467 2506 502 2528 se
517 2495 637 2529 esseB
700 2496 721 2529 6
735 2495 878 2529 christi.
895 2523 900 2528 .
917 2507 1078 2540 .pergere
1091 2508 1155 2531 om.
1168 2496 1206 2530 D
1270 2497 1313 2530 10
1330 2507 1406 2530 eum
1423 2508 1487 2530 om.
1502 2496 1548 2529 W

106 2550 146 2585 11
165 2551 287 2586 fecerit
304 2555 338 2587 et
356 2552 407 2586 sic
425 2552 586 2586 docuerit
604 2552 794 2588 WDMB:
813 2564 876 2588 em.
895 2554 1034 2588 Vahlen
1105 2554 1148 2588 12
1167 2554 1387 2598 praedicanti
1405 2556 1489 2588 tunc
1510 2555 1542 2589 B

104 2607 147 2642 13
164 2608 350 2653 quodquod
367 2609 420 2643 D¹
495 2611 537 2643 15
555 2609 728 2644 salutaria
745 2611 882 2645 monita
901 2623 922 2646 v
993 2611 1204 2645 seruandum
1224 2622 1311 2655 quae
1332 2612 1381 2645 W
1380 2612 1418 2645 D
1490 2612 1531 2645 17
1550 2621 1612 2644 nos

104 2675 239 2710 quoque
255 2677 317 2701 nos
338 2668 394 2707 W,
423 2678 483 2701 nos
500 2668 538 2702 D
610 2669 654 2702 18
679 2668 914 2703 intercidente
932 2669 985 2703 D¹
1069 2670 1115 2703 20
1139 2671 1174 2703 et
1193 2680 1257 2703 om.
1275 2670 1321 2703 M
1392 2669 1557 2703 caritatis
1576 2671 1611 2702 et

104 2723 199 2766 pacis
217 2724 264 2758 M
345 2725 388 2758 21
416 2724 600 2759 adseueret
616 2726 672 2760 I)¹
758 2727 803 2761 22
828 2726 1033 2761 elimosinas
1050 2727 1088 2761 D
1159 2727 1390 2761 confessionis
1410 2727 1447 2760 1)
1519 2738 1610 2760 mar-

103 2780 190 2824 tyrii
208 2781 263 2818 D.
288 2782 472 2826 martyriis
491 2783 526 2816 B
619 2783 664 2818 24
691 2783 803 2818 adicit
820 2786 856 2817 et
872 2783 961 2818 dicit
979 2784 1016 2818 D
1111 2785 1349 2827 magnanimis
1370 2784 1405 2817 B
1475 2784 1610 2818 caritas

104 2835 257 2882 benigna
275 2840 329 2873 est
346 2850 411 2873 om.
431 2840 466 2874 B
558 2841 603 2874 25
627 2840 734 2884 zelat]
753 2841 951 2875 aemuletur
967 2841 1006 2876 D
1099 2842 1143 2875 26
1169 2841 1330 2885 quisquis
1351 2853 1369 2875 τ’
1463 2852 1610 2885 magna-

105 2894 210 2928 nimis
228 2895 262 2929 B
330 2896 374 2930 ‘27
401 2897 451 2941 ac]
471 2899 505 2930 et
524 2897 561 2931 D
632 2908 652 2931 a
670 2898 742 2931 zelo
761 2909 799 2932 ac
818 2898 928 2933 liuore
951 2911 967 2933 r
