1838 3152
107 220 190 263 652
637 217 829 253 Caecilii
861 217 1076 262 Cypriani

107 335 206 376 quos
239 322 466 363 excitamus
489 323 529 363 et
549 322 765 363 hortamur
797 322 847 363 ad
878 321 1082 375 proelium
1112 334 1192 362 non
1223 322 1399 363 inermes
1422 322 1462 362 et
1481 322 1609 363 nudos

105 391 400 443 relinquamus
424 390 493 431 sed
514 390 767 443 protectione
790 389 1002 443 sanguinis
1020 390 1059 430 et
1077 389 1254 442 corporis
1273 388 1426 430 Christi
1448 390 1610 431 munia-

106 472 211 509 mus,
245 459 285 499 et
307 470 400 499 cum
431 459 482 500 ad
511 459 586 500 hoc
615 458 686 500 fiat
716 458 965 500 eucharistia
987 459 1034 498 ut
1055 458 1185 510 possit
1209 458 1502 510 accipientibus
1526 470 1610 499 esse

107 527 253 576 tutela,
287 539 386 580 quos
408 528 518 569 tutos
541 540 626 569 esse
649 529 789 568 contra
811 527 1094 568 aduersarium
1116 527 1323 577 uolumus,
1354 527 1610 567 munimento

105 595 335 637 dominicae
357 596 590 637 saturitatis
612 608 829 637 armemus.
863 608 959 637 nam
982 596 1181 648 quomodo
1204 595 1395 636 docemus
1418 595 1490 635 aut
1512 606 1606 647 pro-
1623 609 1637 633 5

106 676 301 706 uocamus
327 676 392 706 eos
414 665 456 706 in
478 664 726 705 confessione
749 664 926 705 nominis
950 664 1193 718 sanguinem
1215 676 1337 704 suum
1361 663 1542 713 fundere,
1579 663 1614 704 si

107 733 165 774 eis
194 733 439 775 militaturis
462 732 614 774 Christi
646 733 890 787 sanguinem
921 734 1199 787 denegamus?
1238 732 1309 772 aut
1338 732 1539 784 quomodo
1563 732 1614 773 ad

106 802 297 855 martyrii
319 802 513 855 poculum
534 802 701 843 idoneos
721 801 910 852 facimus,
934 801 969 842 si
991 812 1070 842 non
1093 814 1158 842 eos
1180 801 1294 854 prius
1317 801 1367 842 ad
1388 800 1613 841 bibendum

106 871 150 912 in
177 871 346 912 ecclesia
375 871 569 923 poculum
591 870 758 911 Domini
788 870 875 911 iure
906 869 1289 911 communicationis
1319 870 1613 912 admittimus?

166 940 367 981 Interesse
397 939 530 989 debet,
562 940 691 980 frater
721 938 941 988 carissime,
975 938 1082 979 inter
1111 950 1176 979 eos
1209 938 1278 991 qui
1308 939 1374 980 uel
1404 940 1612 991 apostata·
1628 953 1661 977 10

108 1008 255 1049 uerunt
268 1009 308 1048 et
322 1007 373 1048 ad
387 1007 597 1048 saeculum
615 1007 681 1048 cui
698 1007 1035 1048 renuntiauerant
1051 1007 1206 1048 reuersi
1224 1008 1435 1061 gentiliter
1452 1008 1614 1058 uiuunt,

108 1077 177 1118 uel
206 1077 258 1118 ad
284 1076 509 1117 haereticos
539 1076 776 1130 transfugae
809 1076 907 1117 facti
941 1077 1079 1117 contra
1110 1076 1324 1118 ecclesiam
1353 1076 1617 1129 parricidalia

110 1145 259 1186 cotidie
289 1158 404 1186 arma
426 1145 670 1199 suscipiunt,
707 1146 747 1186 et
769 1145 877 1186 inter
899 1156 965 1186 eos
988 1145 1059 1198 qui
1083 1145 1133 1186 ab
1156 1145 1348 1187 ecclesiae
1370 1146 1515 1186 limine
1537 1157 1616 1187 non

108 1214 343 1256 recedentes
377 1216 417 1255 et
446 1214 700 1268 inplorantes
731 1214 887 1268 iugiter
917 1227 964 1255 ac
996 1214 1179 1255 dolenter
1210 1214 1351 1256 diuina
1380 1216 1419 1256 et
1449 1216 1617 1268 paterna.

109 1283 258 1325 solacia
282 1296 387 1324 nunc
404 1295 445 1323 se
463 1284 513 1324 ad
531 1296 713 1337 pugnam
735 1283 898 1336 paratos
921 1295 1006 1324 esse
1025 1283 1065 1324 et
1080 1295 1152 1336 pro
1174 1282 1343 1324 Domini
1365 1284 1429 1325 sui
1451 1284 1614 1326 nomine
1631 1299 1661 1323 15

110 1365 156 1394 ac
173 1364 244 1405 pro
262 1365 332 1394 sna
351 1354 484 1394 salute
507 1353 614 1393 stare
636 1352 801 1393 fortiter
818 1353 857 1393 et
876 1364 1057 1406 pugnare
1079 1352 1336 1405 profitentur.
1358 1353 1491 1394 hocin
1509 1354 1616 1394 tem-

108 1434 204 1476 pore
221 1434 365 1475 pacem
382 1433 452 1462 nos
474 1435 554 1463 non
576 1421 878 1463 dormientibus
901 1421 971 1463 sed
994 1421 1270 1475 uigilantibus
1293 1422 1451 1472 damus,
1475 1434 1617 1475 pacem

108 1503 188 1532 non
224 1491 383 1532 deliciis
422 1492 492 1532 sed
530 1492 656 1533 armis
693 1491 851 1541 damus,
890 1503 1032 1544 pacem
1064 1502 1142 1531 non
1172 1490 1224 1531 ad
1253 1490 1434 1543 quietem
1466 1490 1536 1532 sed
1566 1491 1617 1532 ad

109 1561 238 1602 aciem
261 1561 419 1602 damus.
444 1561 479 1602 si
497 1560 720 1602 secundum
743 1561 851 1613 quod
872 1572 938 1601 eos
956 1559 1146 1601 audimus
1163 1561 1203 1600 et
1220 1560 1410 1612 optamus
1428 1560 1467 1600 et
1485 1559 1617 1600 credi-

109 1642 203 1670 mus
233 1629 395 1671 fortiter
425 1630 618 1671 steterint
648 1630 687 1670 et
717 1630 1001 1671 aduersarium
1031 1629 1244 1671 nobiscum
1267 1629 1309 1670 in
1332 1629 1660 1683 congressionem

108 1699 418 1750 prostrauerint,
442 1710 521 1739 non
542 1698 724 1751 paenitet
746 1711 888 1751 pacem
912 1697 1155 1739 concessisse
1172 1698 1260 1738 tam
1277 1697 1464 1748 fortibus,
1490 1697 1617 1738 immo

110 1766 368 1820 episcopatus
408 1767 538 1809 nostri
574 1767 703 1808 honor
740 1767 907 1822 grandis
944 1767 984 1809 et
1013 1767 1144 1821 gloria
1181 1767 1242 1808 est
1277 1779 1420 1819 pacem
1457 1766 1617 1808 dedisse

109 1836 376 1889 martyribus,
408 1837 455 1877 ut
487 1836 713 1878 sacerdotes
745 1836 815 1889 qui
847 1835 1047 1877 sacrificia
1069 1835 1144 1877 Dei
1177 1835 1326 1877 cotidie
1359 1835 1614 1876 celebramus

109 1905 264 1946 hostias
288 1906 372 1946 Deo
403 1907 444 1946 et
474 1905 670 1947 uictimas
700 1917 1003 1958 praeparemus.
1035 1905 1070 1946 si
1101 1905 1253 1955 autem,
1286 1904 1393 1957 quod
1415 1904 1616 1945 Dominus

109 1976 271 2016 auertat
293 1987 314 2015 a
337 1975 535 2016 fratribus
564 1974 730 2025 nostris,
762 1974 912 2027 aliquis
933 1974 1142 2027 lapsorum
1164 1973 1372 2024 fefellerit,
1405 1976 1451 2015 ut
1472 1985 1615 2026 pacem
1630 1985 1662 2011 25

181 2100 199 2133 1
219 2101 254 2134 et
271 2110 336 2134 om.
357 2100 390 2134 L
522 2099 699 2133 inhermes
718 2099 769 2133 L¹
909 2099 930 2133 3
949 2099 1202 2133 eucharistiam
1221 2098 1255 2133 L
1390 2098 1443 2143 ut]
1464 2099 1525 2132 aut
1546 2097 1574 2143 Q

111 2175 134 2208 4
150 2174 273 2219 putela
290 2174 340 2208 L¹
467 2184 534 2217 quo
551 2174 597 2214 R,
615 2175 669 2218 qis
688 2185 732 2208 ex
749 2184 809 2208 cus
834 2174 863 2209 C
977 2175 1076 2207 totus
1101 2173 1144 2208 C¹
1253 2174 1345 2207 essct
1367 2173 1396 2207 C
1505 2171 1620 2206 uolui-

112 2243 190 2266 mus
214 2232 243 2267 C
362 2234 580 2266 mssnssmento
601 2231 641 2277 Q,
659 2233 927 2266 monumentum
944 2232 993 2266 M
1112 2231 1134 2265 ὃ
1153 2241 1329 2265 armemur
1352 2230 1381 2265 C
1495 2231 1557 2264 aut
1575 2239 1618 2263 ea:

112 2289 165 2323 ait
189 2289 218 2324 C
337 2290 355 2323 7
376 2289 438 2333 eis]
457 2289 514 2323 his
534 2300 577 2323 ex
595 2289 625 2323 is
645 2290 678 2323 L
795 2289 1009 2323 militatusis
1027 2289 1074 2330 R,
1092 2289 1155 2333 qui
1172 2288 1413 2322 militauerint
1435 2288 1464 2323 Ο
1479 2287 1540 2322 secl
1559 2286 1622 2331 qui

109 2356 139 2380 s.
158 2347 179 2380 l.
199 2358 242 2380 m.
263 2349 288 2381 2
399 2346 443 2380 ἃᾶ
466 2347 495 2381 C
510 2358 535 2381 s.
555 2347 576 2381 l.
596 2358 638 2381 w.
659 2349 684 2381 2
799 2348 820 2382 8
838 2346 980 2381 idoneos
1004 2347 1033 2382 G
1048 2358 1092 2381 m.
1111 2348 1136 2381 2
1153 2347 1194 2380 in
1211 2356 1282 2380 ras.
1391 2345 1540 2379 facimus
1561 2371 1568 2378 .
1586 2373 1591 2379 .
1607 2371 1615 2378 .

113 2405 136 2440 Z.
155 2407 177 2439 9
202 2404 336 2439 domini
365 2415 430 2438 om.
456 2405 510 2446 0¹,
541 2404 626 2439 add.
646 2415 688 2438 m.
708 2407 732 2438 2
755 2405 796 2438 in
820 2415 933 2449 mary.
1076 2404 1120 2438 10
1138 2403 1280 2438 deberet
1306 2414 1350 2438 ex
1375 2402 1480 2437 debet
1505 2403 1533 2438 O

112 2451 317 2503 fiffilffiso'
334 2451 421 2496 ksnss
434 2462 470 2497 R
486 2463 499 2496 i
517 2473 608 2496 eras.
704 2461 989 2506 apostatauerint
1012 2461 1042 2497 C
1047 2463 1057 2479 ¹
1151 2461 1193 2494 11
1212 2460 1399 2505 gentiliter
1416 2470 1460 2494 ex
1477 2469 1621 2504 genera-

112 2520 196 2554 h'ter
220 2520 249 2555 G
357 2521 400 2555 12
418 2520 507 2555 facti
525 2532 568 2555 ex
585 2520 652 2554 fati
673 2531 692 2554 a
717 2520 746 2556 G
836 2520 1026 2554 aecclesiae
1047 2520 1091 2555 0¹
1201 2519 1244 2553 13
1262 2518 1506 2563 suscipiuntur
1525 2517 1575 2551 L¹

113 2577 158 2611 14
172 2588 211 2612 ac
225 2577 385 2612 dolentes
400 2578 532 2619 LP02,
548 2589 612 2612 om.
635 2577 714 2623 0¹4),
785 2578 828 2612 16
842 2579 935 2612 state
954 2577 998 2612 Ο*
1069 2587 1264 2621 repugnare
1284 2576 1314 2621 Q
1327 2577 1500 2620 (pugnare
1514 2575 1576 2619 M)

113 2636 157 2669 19
176 2635 378 2669 audiuimus
402 2635 463 2680 OQ
572 2637 608 2670 et
627 2636 790 2680 optamus
808 2638 844 2668 et
862 2634 1036 2669 credimus
1054 2645 1118 2669 om.
1143 2634 1283 2679 (JQRV
1386 2633 1432 2668 20
1449 2623 1559 2667 steter
1576 2632 1623 2667 M

115 2693 297 2736 (steterint
319 2693 362 2738 Q)
502 2693 539 2727 in
558 2703 622 2727 om.
649 2692 678 2727 C
815 2692 1034 2736 ingressione
1058 2692 1103 2728 C¹
1242 2692 1286 2726 21
1305 2691 1523 2735 congessisse
1541 2691 1575 2725 L

112 2750 158 2784 22
176 2750 359 2794 episcopus
377 2750 429 2785 L'
553 2750 598 2784 23
615 2750 679 2784 deo
704 2750 769 2785 GR
893 2749 1023 2784 cotidie
1042 2760 1068 2784 c.
1089 2749 1123 2783 11.
1142 2749 1206 2783 deo
1225 2759 1291 2783 om.
1310 2748 1346 2783 R
1470 2748 1622 2782 celebre-

114 2818 192 2841 mus
214 2807 258 2842 0¹
396 2808 442 2842 24
459 2807 608 2842 uictima
626 2808 671 2841 M
693 2807 872 2849 (uictimas
894 2806 936 2852 Q)
1077 2807 1121 2841 25
1140 2806 1293 2850 auertat]
1320 2805 1470 2849 repellat
1493 2805 1527 2840 V

111 2864 227 2909 aliqui
251 2865 295 2900 C¹
389 2865 572 2910 fefellerit]
594 2864 790 2910 obrepserit
812 2864 846 2899 V
