1912 3152
523 264 581 298 De
606 263 766 298 habitu
792 262 1025 307 uirginum
1050 272 1076 296 c.
1105 262 1264 298 21-23.
1554 262 1637 304 203

133 370 263 420 DeuS‚
296 367 561 410 tristitias
591 368 705 408 tuas
737 368 786 408 et
815 366 1043 420 gemitus
1074 367 1211 414 tuOS‚
1243 366 1292 407 et
1322 365 1372 406 in
1401 365 1639 407 tristitia

130 438 296 492 paries
328 436 478 478 filios
495 469 504 486 ‚
535 437 583 478 et
614 435 883 478 conuersio
905 435 991 475 tua
1011 434 1070 476 ad
1092 434 1263 475 uirum
1285 434 1432 474 tuum
1455 433 1638 486 etipse

130 507 207 548 tui
238 505 609 547 dominabitur.
644 517 716 546 uos
738 504 788 546 ab
811 504 886 545 hac
908 503 1110 545 sententia
1130 503 1286 545 liberae
1307 494 1426 552 estis,
1451 514 1523 544 uos
1546 515 1638 543 mu-

129 575 273 617 lierum
298 574 492 616 tristitias
514 574 554 615 et
576 573 755 628 gemitus
785 584 864 613 non
895 572 1075 622 timetis,
1117 571 1256 613 nullus
1288 571 1405 612 uobis
1436 571 1486 612 de
1517 572 1638 624 partu

102 643 236 685 scirea
257 643 362 684 filios
383 643 518 684 metus
548 643 630 684 est:
662 654 734 683 nec
765 641 939 683 maritus
971 640 1186 690 dominus,
1219 640 1412 681 dominus
1441 640 1577 681 uester
1599 640 1639 680 et

130 713 252 765 caput
274 710 461 752 Christus
484 711 545 751 est
566 711 618 752 ad
639 711 770 752 instar
790 710 831 750 et
854 710 988 751 uicem
1009 709 1205 759 masculi,
1236 721 1321 750 sors
1342 708 1460 750 uobis
1483 709 1524 749 et
1545 720 1639 749 con-

129 780 234 821 dicio
257 779 485 820 communis
505 780 580 820 est.
615 778 782 820 Domini
805 791 882 820 uox
904 779 966 820 est
988 778 1061 820 illa
1081 778 1275 819 dicentis:
1308 777 1420 819 filii
1442 776 1639 818 saeculi

129 848 287 890 huius
318 849 567 902 generant
598 848 649 888 et
670 848 1011 902 generantur:
1044 847 1129 900 qui
1158 847 1333 889 autem
1360 846 1640 887 habuerint

132 917 491 971 dignationem
524 916 732 958 saeculi
763 916 920 957 illius
952 916 1001 957 et
1030 915 1450 957 resurrectionis
1472 928 1495 956 a
1516 925 1639 955 mor-

84 986 260 1036 1otuis‚
304 997 402 1026 non
432 985 634 1026 nubunt
665 997 829 1037 neque
860 984 1256 1026 matrimonium
1289 984 1512 1026 faciunt:
1561 996 1640 1024 ne-

131 1067 224 1108 que
255 1054 386 1095 enim
425 1053 692 1106 incipiunt
737 1053 885 1094 mori.
933 1053 1182 1106 aequales
1224 1053 1355 1094 enim
1403 1053 1522 1093 sunt
1561 1064 1640 1092 an-

130 1123 263 1178 gelis
294 1122 409 1172 Dei,
443 1134 551 1163 cum
582 1122 689 1163 sint
732 1121 847 1163 filii
894 1121 1311 1163 resurrectionis.
1365 1120 1472 1174 quod
1509 1120 1640 1161 futuri

131 1204 293 1241 sumuS‚
325 1191 408 1232 iam
430 1202 502 1232 uos
523 1203 610 1232 esse
632 1190 836 1243 coepistis.
869 1202 942 1232 uos
969 1190 1276 1232 resurrectionis
1299 1190 1475 1243 gloriam
1497 1189 1539 1230 in
1560 1189 1640 1230 isto

131 1259 291 1302 saeculo
323 1259 406 1300 iam
437 1259 607 1309 tenetis,
638 1272 710 1313 per
731 1259 940 1301 saeculum
964 1259 1050 1301 sine
1072 1258 1224 1300 saeculi
1245 1259 1485 1312 contagione
1507 1259 1641 1299 trans-

86 1339 118 1363 15
130 1330 225 1371 itis:
268 1341 362 1370 cum
383 1329 518 1370 castae
538 1328 812 1381 perseueratis
828 1329 870 1369 et
886 1328 1082 1382 uirgines,
1105 1327 1262 1382 angelis
1279 1327 1357 1369 Dei
1374 1327 1475 1369 estis
1493 1340 1642 1380 aequa-

129 1398 201 1439 les.
234 1397 399 1438 tantum
428 1398 594 1438 maneat
631 1397 672 1438 et
702 1397 823 1438 duret
852 1396 982 1438 solida
1013 1398 1054 1438 et
1085 1396 1239 1438 inlaesa
1270 1396 1493 1451 uirginitas
1524 1397 1565 1437 et
1595 1397 1643 1437 ut

131 1465 265 1519 coepit
300 1465 482 1517 fortiter,
533 1466 688 1520 iugiter
722 1467 955 1519 perseueret
990 1478 1062 1507 nec
1098 1465 1317 1507 monilium
1353 1466 1426 1506 aut
1462 1465 1644 1506 uestium

132 1535 302 1588 quaerat
336 1535 576 1577 ornamenta
610 1535 681 1577 sed
717 1547 891 1577 morum.
934 1535 1069 1577 Deum
1091 1535 1249 1588 spectet
1269 1535 1311 1576 et
1332 1534 1491 1576 caelum
1515 1547 1645 1587 neque

134 1603 272 1646 oculos
307 1603 359 1645 ad
394 1604 571 1646 sublime
591 1605 796 1659 porrectos
818 1604 869 1646 ad
891 1605 1023 1647 carnis
1045 1605 1086 1646 et
1106 1605 1251 1647 mundi
1274 1603 1645 1657 concupiscentiam

86 1682 120 1707 20
134 1673 359 1727 deprimat,
391 1673 442 1715 ad
462 1674 623 1715 terrena
644 1673 831 1726 deponat.

191 1741 335 1784 Prima
355 1742 558 1784 sententia
579 1754 756 1784 crescere
778 1744 819 1784 et
841 1742 1113 1795 multiplicari
1142 1741 1371 1795 praecepit,
1406 1740 1584 1782 secunda
1605 1741 1646 1781 et
1661 1737 1716 1777 23

136 1810 428 1852 continentiam
450 1811 593 1853 suasit.
627 1811 727 1852 dum
749 1811 882 1853 adhuc
903 1810 1017 1853 rudis
1040 1810 1218 1852 mundus
1240 1811 1282 1852 et
1303 1810 1435 1851 inanis
1459 1811 1546 1859 est,
1579 1822 1645 1850 co-

135 1879 247 1932 piam
269 1878 520 1921 fecunditate
536 1880 777 1934 generantes
799 1891 1075 1934 propagamur
1097 1880 1137 1921 et
1160 1878 1381 1920 crescimus
1402 1879 1453 1920 ad
1475 1878 1645 1920 humani

136 1947 294 2002 generis
317 1949 608 2001 augmentum:
641 1960 734 1989 cum
756 1949 840 1989 iam
861 1948 1035 1989 refertus
1066 1949 1129 1989 est
1164 1948 1273 1989 orbis
1309 1948 1350 1988 et
1372 1947 1550 1989 mundus
1581 1947 1644 1987 in-

86 2030 120 2058 25
133 2016 269 2069 pletus
285 2048 294 2066 ‚
341 2016 411 2068 qui
448 2028 590 2069 capere
635 2017 933 2058 continentiam
968 2018 1138 2069 possunt
1168 2017 1397 2070 spadonum
1432 2028 1543 2058 more
1579 2015 1644 2057 ui-

133 2085 274 2126 uentes
311 2087 542 2127 castrantur
577 2086 628 2127 ad
664 2099 849 2140 regnum.
883 2098 956 2127 nec
991 2085 1066 2126 hoc
1102 2085 1216 2127 iubet
1237 2085 1437 2127 Dominus
1459 2085 1530 2126 sed
1550 2085 1645 2126 hor-

135 2154 268 2205 tatur,
299 2166 371 2195 nec
394 2154 540 2210 iugum
561 2155 817 2197 necessitatis
840 2154 1018 2207 inponit,
1051 2154 1210 2208 quando
1233 2156 1397 2197 maneat
1419 2154 1646 2196 uoluntatis

280 2279 299 2314 7
325 2279 408 2314 Luc.
427 2280 481 2322 20,
499 2280 544 2314 34
562 2291 612 2324 sq.

205 2395 225 2428 1
244 2394 281 2429 in
299 2395 472 2429 tristitias
482 2394 518 2435 S,
535 2405 613 2429 cum
628 2395 785 2429 tristitia
797 2394 830 2429 V
897 2394 918 2429 3
938 2393 1028 2429 hanc
1043 2394 1257 2429 sententiam
1274 2394 1304 2429 S
1371 2394 1393 2428 4
1412 2393 1646 2428 sentristitias

136 2451 166 2486 S
171 2453 179 2473 ¹
260 2452 302 2486 dc
319 2463 383 2487 om.
399 2453 437 2486 I)
518 2453 539 2486 5
556 2453 707 2487 maritus
721 2455 774 2486 cst
789 2453 860 2488 Wv
942 2453 1100 2487 alterum
1112 2452 1274 2487 dominus
1286 2462 1351 2486 om.
1368 2451 1404 2493 S,
1421 2450 1480 2485 sed
1497 2451 1544 2494 (P)
1561 2450 1647 2485 deus

142 2509 182 2550 V,
207 2509 267 2543 sed
284 2509 446 2544 dominus
465 2510 653 2545 Pamelius
725 2511 744 2544 7
764 2510 1004 2545 dicensted
1022 2522 1062 2545 ns
1077 2521 1121 2545 esc
1135 2520 1225 2545 corr.
1300 2508 1352 2543 fili
1371 2508 1438 2543 SD
1507 2509 1528 2541 8
1546 2507 1647 2542 illius

135 2575 180 2600 ex
197 2566 302 2600 huius
321 2566 351 2601 S
365 2578 407 2601 m.
424 2570 444 2601 1
527 2566 693 2602 habuerit
715 2567 765 2603 W
849 2569 892 2601 10
916 2567 1098 2602 nubuntur
1116 2567 1146 2602 S
1220 2567 1353 2601 sacient
1371 2567 1411 2602 D
1492 2567 1533 2599 11
1560 2565 1647 2599 inci-

135 2623 235 2667 pient
248 2624 298 2659 W
302 2624 380 2659 2Βυ
450 2624 493 2658 12
518 2624 571 2659 fili
588 2625 627 2659 D
698 2625 740 2659 13
765 2625 932 2670 gloriaD
1004 2626 1047 2660 14
1070 2625 1250 2659 trenssitis
1268 2625 1318 2660 W
1386 2624 1432 2658 20
1456 2622 1646 2668 deprimat]

136 2680 221 2714 add.
241 2682 277 2714 et
293 2681 353 2715 uel
370 2682 432 2715 aut
448 2691 469 2716 v
537 2682 580 2716 21
607 2682 847 2727 multiplicare
862 2682 892 2717 S
899 2709 906 2724 ,
924 2693 1091 2727 generare
1109 2682 1234 2722 WDv;
1253 2679 1458 2720 αι’«ξάνεσθε
1476 2683 1538 2714 καὶ
1556 2681 1647 2721 πλη-

135 2735 297 2771 assumas
319 2737 407 2772 Gen.
427 2741 457 2779 1,
474 2740 525 2774 23
595 2739 680 2773 dous
696 2739 877 2784 praecepit
892 2740 931 2774 1)
1003 2742 1039 2774 et
1055 2750 1120 2774 om.
1140 2751 1161 2774 v
1231 2739 1275 2773 22
1292 2737 1532 2774 continentias
1552 2736 1580 2771 S

135 2792 218 2828 dum
233 2793 277 2836 S,
303 2805 380 2828 cum
400 2794 509 2829 WDv
601 2797 694 2830 esset
710 2808 731 2831 v
833 2796 877 2830 ad
895 2796 1030 2841 copiam
1049 2796 1278 2830 fecunditatis
1302 2795 1336 2830 V
1445 2795 1489 2828 23
1514 2803 1648 2828 cresca-

137 2860 214 2885 mus
231 2851 282 2886 W
350 2851 394 2885 24
420 2853 458 2885 at
474 2862 553 2886 cum
571 2853 605 2887 V
671 2853 823 2887 resectus
847 2854 896 2889 W
967 2854 1011 2889 26
1037 2853 1102 2888 hoc
1119 2864 1184 2888 om.
1206 2854 1255 2889 W
