1838 3152
248 202 332 243 468
776 199 974 235 Caecilii
1005 199 1217 244 Cypriani

250 304 370 346 uinae
390 316 462 345 nec
483 303 744 358 euangelicae
772 304 1011 356 disciplinae
1044 315 1286 358 congruere,
1319 305 1366 346 ut
1395 304 1523 357 pudor
1550 305 1590 346 et
1618 305 1746 348 honor

249 372 440 414 ecclesiae
471 372 558 413 tam
587 373 698 425 turpi
721 374 761 414 et
780 372 925 414 infami
959 372 1196 426 contagione
1229 372 1424 414 foedetur.
1467 386 1561 416 nam
1592 386 1685 415 cum
1705 374 1749 416 in

250 441 339 495 lege
366 440 657 493 prohibeantur
685 440 765 481 uiri
796 441 963 482 induere
997 440 1243 482 muliebrem
1274 442 1432 483 uestem
1461 443 1502 483 et
1537 442 1749 485 maledicti

251 509 451 551 eiusmodi
481 508 731 559 iudicentur,
773 510 924 561 quanto
954 510 1120 550 maioris
1157 511 1219 551 est
1256 510 1441 551 criminis
1477 522 1554 552 non
1583 512 1749 553 tantum

250 577 468 619 muliebria
488 577 727 619 indumenta
740 578 920 630 accipere
938 578 1008 619 sed
1025 578 1065 619 et
1079 578 1199 632 gestu
1217 590 1374 631 quoque
1393 580 1531 632 turpes
1549 580 1589 620 et
1604 580 1751 622 molles
1763 594 1780 619 5

251 648 291 688 et
311 647 534 688 muliebres
554 647 790 701 magisterio
807 647 1023 700 inpudicae
1052 647 1152 688 artis
1185 648 1439 701 exprimere?

215 722 238 761 2
308 715 392 757 Nec
422 716 585 758 excuset
615 728 657 757 se
686 716 902 769 quisquam
939 716 974 756 si
1009 728 1032 757 a
1060 716 1220 758 theatro
1250 716 1335 769 ipse
1373 717 1617 768 cessauerit⁷
1658 729 1752 758 cum

253 784 390 825 tamen
419 784 493 825 hoc
525 785 677 826 ceteros
707 785 859 827 doceat.
913 796 990 826 non
1021 786 1156 838 potest
1186 785 1295 826 enim
1318 785 1450 827 uideri
1473 798 1649 827 cessasse
1681 786 1751 839 qui

252 853 425 895 uicarios
456 853 673 895 substituit
703 854 742 895 et
763 854 833 906 qui
861 865 931 907 pro
954 866 995 896 se
1017 865 1095 895 11110
1118 854 1254 907 plures
1283 854 1543 896 succidaneos
1565 854 1751 909 suggerit

252 922 392 963 contra
422 921 725 964 institutionem
746 922 824 964 Dei
855 923 1044 964 erudiens
1066 923 1106 964 et
1128 922 1272 964 docens
1303 923 1647 976 quemadmodum
1663 935 1753 964 ma·
1765 937 1792 962 ιο

252 991 389 1032 sculus
418 990 633 1045 frangatur
654 991 696 1033 in
718 990 913 1033 feminam
936 993 977 1033 et
998 1004 1116 1033 sexus
1134 993 1220 1033 arte
1238 993 1423 1033 mutetur
1444 993 1485 1034 et
1505 992 1668 1034 diabolo
1691 991 1754 1033 di-

251 1059 394 1100 uinum
414 1060 574 1112 plasma
593 1059 819 1102 maculanti
840 1073 911 1113 per
932 1061 1112 1113 corrupti
1135 1061 1265 1114 adque
1283 1061 1464 1102 eneruati
1486 1061 1662 1114 corporis
1684 1060 1755 1103 (10-

251 1127 352 1170 licta
371 1129 591 1181 placeatur.
644 1128 752 1182 quod
773 1129 808 1170 si
829 1129 1070 1182 paenuriam
1092 1129 1190 1171 talis
1212 1131 1252 1171 et
1273 1129 1560 1171 necessitatem
1580 1141 1753 1183 pauper—

251 1197 353 1239 tatis
384 1197 592 1250 optendit⁷
614 1198 749 1250 potest
770 1198 878 1239 inter
908 1200 1062 1240 ceteros
1092 1199 1161 1251 qui
1183 1198 1375 1239 ecclesiae
1397 1198 1606 1240 alimentis
1629 1198 1753 1240 susti-

251 1267 398 1308 nentur
419 1266 540 1308 huius
569 1279 727 1320 quoque
748 1268 972 1310 necessitas
994 1268 1203 1318 adiuuari,
1237 1269 1271 1309 si
1292 1277 1432 1310 tamen
1454 1269 1667 1310 contentus
1699 1268 1753 1310 sit
1765 1278 1790 1303 1⁵

253 1334 548 1390 frugalioribus
571 1336 611 1377 et
631 1336 916 1378 innocentibus
939 1336 1041 1378 cibis
1068 1350 1141 1378 nec
1162 1338 1282 1390 putet
1304 1337 1453 1379 salario
1475 1350 1517 1379 se
1539 1350 1626 1379 esse
1647 1337 1755 1378 redi-

253 1405 448 1446 mendum
480 1406 528 1446 ut
557 1417 580 1446 a
607 1406 786 1459 peccatis
823 1407 971 1457 cesset⁷
1011 1406 1172 1460 quando
1201 1406 1275 1447 hoc
1310 1418 1387 1448 non
1423 1406 1539 1448 nobis
1577 1405 1646 1448 sed
1677 1405 1756 1448 sibi

251 1475 442 1528 praestet.
486 1474 665 1515 ceterum
691 1475 891 1528 quantum
922 1475 1014 1516 uult
1042 1475 1137 1516 inde
1166 1475 1346 1528 quaerat,
1395 1475 1528 1528 qualis
1562 1475 1755 1528 quaestus

254 1545 315 1586 est
343 1543 413 1596 qui
435 1544 483 1584 de
505 1543 693 1585 conuiuio
715 1544 928 1586 Abraham
957 1545 998 1585 et
1019 1543 1133 1586 Isaac
1156 1545 1195 1585 et
1225 1544 1344 1585 Iacob
1367 1543 1552 1586 homines
1577 1544 1686 1597 rapit
1717 1544 1756 1585 et

253 1613 359 1654 male
384 1624 430 1653 ac
451 1612 674 1665 perniciose
696 1613 738 1654 in
760 1614 919 1655 saeculo
941 1613 1150 1668 saginatos
1173 1613 1224 1655 ad
1246 1614 1432 1655 aeternae
1453 1612 1575 1654 famis
1598 1625 1644 1654 ac
1665 1612 1787 1655 3111311(

254 1681 456 1735 supplicia
485 1680 663 1723 deducit.
716 1683 756 1723 et
788 1682 877 1724 ideo
900 1683 1099 1735 quantum
1129 1683 1244 1735 potes
1266 1683 1314 1723 ab
1338 1682 1413 1724 hac
1435 1695 1529 1723 eum
1549 1682 1754 1735 prauitate

254 1753 294 1792 et
316 1750 508 1792 dedecore
527 1751 577 1791 ad
599 1751 711 1792 uiam
729 1751 984 1793 innocentiae
1002 1751 1133 1804 adque
1154 1751 1204 1792 ad
1222 1765 1336 1805 spem
1355 1751 1464 1793 uitae
1484 1764 1580 1793 suae
1602 1763 1755 1802 reuoca,

254 1821 301 1861 ut
322 1820 376 1861 sit
398 1820 609 1861 contentus
643 1820 835 1862 ecclesiae
866 1820 1102 1873 sumptibus
1122 1820 1374 1873 parcioribus
1403 1820 1567 1873 quidem
1601 1820 1671 1861 sed
1696 1831 1758 1861 sa-

254 1889 470 1930 lutaribus.
488 1889 595 1942 quod
612 1889 646 1931 si
662 1888 750 1930 illic
767 1889 934 1930 ecclesia
950 1900 1029 1930 non
1046 1889 1200 1931 sufficit
1217 1891 1264 1930 ut
1281 1889 1564 1931 laborantibus
1581 1888 1759 1942 praestet

303 2063 320 2096 1
346 2073 409 2096 nec
434 2061 637 2106 euangelice
662 2060 870 2105 disciplinae
894 2061 987 2095 Mm.
1007 2063 1032 2094 2
1057 2061 1142 2095 add.
1171 2062 1208 2095 ιή
1232 2062 1395 2105 mccryz'ne
1465 2061 1486 2094 2
1512 2060 1549 2094 111
1575 2070 1639 2095 om.
1664 2061 1693 2096 G

255 2120 275 2154 3
300 2120 483 2154 mulierem
514 2120 580 2164 QR
672 2119 694 2153 4
719 2119 866 2153 maiores
893 2119 961 2160 L1,
998 2120 1108 2153 maior
1133 2119 1244 2163 NPQ
1338 2118 1359 2152 5
1384 2118 1549 2153 muliebri
1576 2118 1611 2152 R
1682 2117 1751 2162 sed]
1816 2154 1817 2158 ,

255 2178 285 2211 11
310 2177 346 2212 R
417 2179 540 2222 gestus
571 2176 657 2212 ORv
737 2176 756 2210 6
782 2176 947 2210 mulieres
971 2177 1015 2210 N
1096 2176 1271 2220 impudice
1298 2176 1367 2220 LQ
1454 2177 1475 2209 8
1500 2175 1618 2209 uidere
1644 2174 1688 2208 N

255 2236 276 2269 9
301 2235 433 2270 uieario
452 2235 498 2276 R,
532 2235 644 2269 carios
674 2234 704 2269 Ο
773 2234 976 2277 substituit]
1003 2234 1200 2268 substrauit
1231 2234 1259 2268 C
1328 2235 1364 2267 et
1389 2243 1455 2267 om.
1474 2233 1523 2267 M
1545 2233 1638 2275 (eaeh.
1663 2231 1704 2277 Q)

256 2304 291 2327 se
316 2293 396 2336 11110]
424 2293 572 2327 3001111(10
590 2283 635 2333 'L‚
663 2302 729 2326 uno
755 2292 784 2327 G
845 2292 1073 2325 succedaneos
1099 2291 1216 2335 PQR,
1244 2290 1431 2324 succedant
1456 2300 1512 2324 eos
1535 2290 1564 2324 G
1626 2289 1667 2323 10
1684 2298 1754 2323 ma-

257 2351 391 2385 sculum
414 2351 443 2386 C
489 2350 530 2384 11
557 2351 591 2384 et
609 2349 658 2394 d.]
684 2361 723 2384 ex
741 2350 772 2384 d.
798 2349 827 2384 C
885 2349 927 2383 12
945 2349 1114 2383 maculati
1133 2348 1203 2392 ΡΩ
1250 2347 1401 2392 correpti
1426 2347 1468 2382 C¹
1517 2346 1696 2381 enceruati
1713 2344 1754 2381 C¹

257 2409 299 2443 13
323 2408 487 2452 poenoria
511 2407 540 2443 C'
628 2407 671 2442 14
695 2407 875 2441 obstendit
900 2407 945 2448 L,
983 2406 1140 2440 ostendit
1161 2406 1196 2440 P
1294 2406 1423 2449 potest]
1450 2406 1568 2448 potest
1594 2405 1654 2449 qui
1686 2402 1714 2448 Q

259 2466 442 2501 alimentis
469 2466 633 2500 ecclesiae
665 2465 729 2500 CR
819 2465 1032 2498 siistineiit**
1049 2465 1084 2498 P
1170 2464 1211 2497 16
1238 2463 1285 2508 et]
1306 2463 1364 2497 sed
1382 2463 1426 2497 N
1499 2462 1627 2496 salario
1647 2461 1681 2496 L
1696 2458 1755 2495 sed

256 2525 286 2557 ri
312 2534 415 2564 corr.9
442 2523 551 2557 saluti
577 2533 620 2557 eoe
648 2523 775 2557 salatio
799 2522 828 2557 Ο
866 2522 995 2556 salario
1090 2522 1200 2555 cesset
1226 2531 1289 2555 om.
1310 2521 1345 2555 R
1417 2531 1451 2554 30
1469 2530 1547 2563 exp.
1580 2520 1609 2554 G
1669 2517 1755 2552 redi-

256 2584 414 2616 mentum
439 2581 521 2616 C¹P
531 2581 546 2622 ¹,
574 2580 767 2615 remedium
790 2580 833 2615 Ο2
906 2580 945 2613 17
975 2590 995 2613 11
1013 2580 1049 2613 P
1064 2590 1089 2613 s.
1106 2579 1127 2613 l.
1146 2581 1226 2613 1112
1305 2578 1471 2622 peccatis]
1498 2577 1665 2621 spectatis
1687 2576 1714 2611 0
1808 2615 1811 2619 ¹
1836 2615 1838 2618 .

257 2640 301 2674 18
326 2639 417 2682 uult]
443 2639 534 2673 uelit
557 2638 622 2673 CR
702 2637 783 2672 inde
809 2637 967 2681 quaerat]
994 2636 1161 2681 adquirat
1192 2636 1255 2671 CR
1354 2636 1395 2669 19
1421 2634 1572 2670 abrahae
1597 2634 1632 2668 P
1722 2632 1755 2666 et
1809 2651 1811 2658 r

258 2699 359 2741 (ante
385 2696 493 2739 isaac)
519 2706 582 2730 om.
609 2695 638 2731 G
729 2695 774 2729 20
800 2695 958 2738 sagnitos
977 2694 1039 2735 R¹‚
1068 2694 1226 2738 signatos
1251 2693 1279 2728 C
1371 2693 1414 2726 21
1441 2691 1624 2736 supplucia
1650 2691 1684 2725 L
1808 2691 1812 2730 ζ

258 2756 375 2798 potest
398 2754 479 2794 CM,
506 2755 623 2798 potes*
647 2753 675 2798 Q
738 2753 829 2796 eum]
857 2763 935 2786 cum
959 2751 987 2787 G
1071 2752 1114 2785 22
1142 2751 1239 2795 suae]
1267 2754 1427 2785 aeternae
1447 2762 1465 2785 v
1551 2749 1688 2783 reuocet
1713 2756 1753 2781 ex
1814 2747 1838 2781 ᾖ

257 2829 439 2863 reuocauit
463 2829 492 2864 C
574 2828 617 2862 23
635 2830 675 2862 111
693 2838 755 2863 om.
781 2828 819 2871 G,
843 2827 872 2861 si
893 2827 928 2861 P
1005 2804 1201 2870 pabioribus
1223 2825 1251 2860 C
1327 2824 1468 2868 quidam
1489 2824 1518 2868 Q
1595 2820 1710 2856 241111
1728 2818 1754 2855 0
1806 2812 1823 2855 J*
