1838 3152
195 216 279 258 642
732 213 925 250 Caecilii
951 215 1162 259 Cypriani

169 347 171 349 μ
192 319 324 360 tentia
346 320 417 360 sed
438 319 584 361 mortis
606 319 792 374 urgentis
815 318 1040 361 admonitio
1064 319 1272 373 conpellit,
1306 332 1380 361 1100
1402 319 1554 374 dignus
1577 320 1638 361 est
1659 320 1703 362 in

193 388 325 428 morte
346 387 525 441 accipere
547 388 745 429 solacium
766 388 837 441 qui
858 400 900 429 se
922 400 1001 429 non
1023 388 1223 442 cogitauit
1244 400 1331 430 esse
1353 389 1615 430 moriturum.

126 459 179 499 24
251 455 368 506 Quod
398 468 492 498 uero
521 457 573 498 ad
603 457 828 499 Nouatiani
860 468 1074 509 personam
1104 457 1296 509 pertinet,
1327 458 1453 499 frater
1481 458 1703 509 carissime,

194 525 242 566 de
264 537 342 578 quo
373 525 616 567 desiderasti
637 526 716 567 tibi
737 526 863 567 scribi
885 538 1010 579 quam
1031 526 1235 568 haeresim
1256 526 1564 580 introduxisset,
1596 527 1701 568 scias

191 605 265 635 nos
293 594 427 646 primo
448 594 491 635 in
512 595 599 635 loco
629 605 701 636 nec
731 595 909 636 curiosos
933 607 1018 636 esse
1040 595 1186 636 debere
1209 595 1307 648 quid
1328 595 1400 636 ille
1421 596 1575 645 doceat,
1607 608 1701 637 cum
1718 609 1732 632 5

192 661 291 703 foris
314 662 469 704 doceat.
493 663 665 716 quisque
688 663 759 704 1110
781 664 902 705 estet
923 663 1235 717 qualiscumque
1259 664 1333 715 est,
1357 664 1603 705 christianus
1625 676 1704 705 non

192 733 254 773 est
276 732 347 785 qui
369 732 412 773 in
434 731 588 774 Christi
611 732 781 774 ecclesia
802 744 881 774 11011
904 734 978 774 est.
1008 733 1134 774 iactet
1156 745 1198 774 se
1219 733 1318 774 licet
1339 732 1380 773 et
1401 732 1704 786 philosophiam

191 800 258 842 uel
279 802 555 854 eloquentiam
579 814 698 843 suam
720 802 907 854 superbis
928 802 1099 843 uocibus
1121 801 1338 854 praedicet,
1371 801 1440 854 qui
1462 814 1535 843 nec
1558 801 1706 843 frater-

191 882 289 911 nam
325 871 542 912 caritatem
573 883 647 912 nec
678 871 1001 912 ecclesiasticam
1036 871 1242 913 unitatem
1272 871 1407 912 tenuit
1438 871 1565 912 etiam
1597 871 1706 923 quod

191 940 306 992 prius
335 939 471 981 fuerat
493 940 647 981 amisit.
678 941 758 982 nisi
780 941 815 981 si
838 941 1051 994 episcopus
1073 940 1152 981 tibi
1174 940 1340 981 uidetur
1361 940 1431 993 qui
1453 940 1639 994 episcopo
1661 940 1705 982 in
1720 951 1752 976 10

192 1008 365 1050 ecclesia
385 1022 409 1049 a
429 1009 607 1050 sedecim
640 1010 888 1063 coepiscopis
910 1010 1019 1051 facto
1042 1010 1206 1051 adulter
1227 1009 1359 1062 adque
1382 1010 1598 1050 extraneus
1620 1010 1706 1062 epi-

191 1090 336 1131 scopus
372 1077 461 1119 fieri
490 1091 514 1119 a
542 1079 819 1121 desertoribus
854 1091 927 1132 per
962 1078 1170 1120 ambitum
1201 1078 1363 1129 nititur,
1402 1079 1442 1120 et
1474 1091 1568 1119 cum
1599 1079 1654 1120 sit
1683 1091 1706 1120 a

192 1147 355 1188 Christo
378 1161 459 1189 una
479 1148 651 1190 ecclesia
672 1160 744 1200 per
765 1148 902 1189 totum
924 1149 1127 1190 mundum
1143 1148 1187 1189 in
1202 1147 1338 1189 multa
1355 1147 1539 1188 membra
1557 1146 1704 1197 diuisa,

194 1217 297 1258 item
325 1217 583 1270 episcopatus
613 1230 717 1258 unus
749 1218 1031 1271 episcoporum
1053 1217 1282 1258 multorum
1306 1216 1493 1257 concordi
1515 1228 1705 1257 numero-

190 1286 314 1328 sitate
344 1286 531 1336 diffusus,
560 1287 632 1328 1110
660 1287 752 1340 post
781 1287 858 1328 Dei
889 1286 1169 1338 traditionem,
1199 1287 1292 1340 post
1320 1298 1511 1327 conexam
1541 1286 1581 1327 et
1609 1285 1703 1326 ubi-
1718 1298 1749 1322 15

191 1368 270 1409 que
299 1357 562 1398 coniunctam
593 1356 815 1397 catholicae
845 1355 1036 1397 ecclesiae
1062 1355 1267 1397 unitatem
1289 1356 1514 1396 humanam
1536 1354 1704 1396 conetur

191 1425 409 1467 ecclesiam
438 1426 569 1467 facere
599 1427 639 1466 et
666 1438 737 1478 per
765 1425 966 1478 plurimas
997 1425 1191 1466 ciuitates
1219 1436 1345 1466 1101103
1375 1424 1581 1477 apostolos
1610 1434 1704 1464 suos

190 1495 348 1545 mittat,
378 1495 425 1535 ut
446 1495 646 1547 quaedam
677 1494 856 1536 recentia
885 1493 1161 1535 institutionis
1191 1506 1285 1534 suae
1314 1493 1580 1534 fundamenta
1610 1504 1704 1533 con-

190 1564 352 1614 stituat,
383 1576 555 1616 cumque
584 1564 671 1605 iam
700 1563 861 1616 pridem
890 1576 962 1617 per
992 1574 1132 1604 omnes
1160 1562 1392 1616 prouincias
1423 1563 1463 1603 et
1483 1574 1555 1614 per
1582 1561 1702 1602 urbes

189 1632 374 1687 singulas
403 1633 581 1674 ordinati
611 1633 695 1674 sint
726 1633 905 1686 episcopi
926 1632 969 1673 in
991 1633 1125 1674 aetate
1157 1631 1330 1684 antiqui,
1362 1632 1407 1672 in
1430 1631 1508 1672 fide
1530 1630 1696 1685 integri,
1713 1643 1749 1669 20

188 1702 230 1743 in
267 1715 458 1755 pressura
493 1702 668 1755 probati,
706 1703 747 1743 in
783 1702 1064 1755 persecutione
1099 1702 1331 1754 proscripti,
1368 1701 1441 1742 ille
1479 1712 1600 1753 super
1637 1711 1702 1741 eos

189 1783 325 1813 creare
347 1772 449 1813 alios
466 1772 830 1825 pseudoepiscopos
847 1771 1016 1812 audeat:
1040 1770 1156 1823 quasi
1173 1770 1304 1824 possit
1321 1770 1392 1811 aut
1408 1770 1544 1810 totum
1561 1769 1702 1810 orbem

190 1841 287 1881 noui
329 1841 498 1882 conatus
539 1840 813 1882 obstinatione
853 1852 1067 1894 peragrare
1109 1840 1180 1881 aut
1217 1839 1482 1881 ecclesiastici
1524 1838 1702 1891 corporis

189 1910 460 1964 conpaginem
510 1909 735 1951 discordiae
776 1921 873 1951 suae
915 1909 1184 1951 seminatione
1225 1908 1466 1958 rescindere,
1516 1908 1701 1950 nesciens

259 2151 278 2184 1
297 2150 442 2194 urgenti
466 2150 504 2191 G,
531 2151 721 2194 urguentes
742 2150 778 2184 Β
918 2150 939 2183 3
957 2149 1191 2183 nouatianum
1215 2149 1245 2184 G
1382 2137 1461 2182 kffii‘
1477 2149 1523 2183 M
1546 2149 1592 2190 (k.
1615 2149 1658 2194 Q)

185 2208 209 2242 4
221 2207 401 2242 desideras
418 2208 452 2241 Β
531 2208 657 2242 scribsi
671 2209 706 2242 Β
791 2209 812 2242 5
829 2218 907 2241 cum
925 2208 949 2241 f.
967 2208 1091 2242 doceat
1110 2219 1174 2242 om.
1197 2208 1230 2242 V
1313 2208 1333 2241 6
1352 2207 1515 2252 quisquis
1538 2218 1556 2242 v
1635 2217 1703 2241 non

187 2275 232 2299 eac
249 2275 312 2299 nos
337 2265 366 2300 C
474 2266 492 2299 ἶ
512 2266 561 2309 ct]
581 2266 611 2299 31
632 2266 666 2299 Β
775 2266 795 2299 9
814 2265 982 2299 ecclesiae
1000 2276 1045 2299 eac
1062 2266 1246 2300 ecclesiam
1270 2265 1300 2300 G
1393 2265 1515 2309 etiam]
1537 2267 1571 2298 et
1596 2264 1659 2299 CR

189 2323 233 2357 io
261 2323 292 2356 31
325 2333 391 2357 om.
428 2323 586 2368 CL¹RQ
615 2324 709 2366 (emh.
741 2324 800 2366 M)
942 2323 1121 2367 episcopos
1143 2323 1172 2367 Q
1312 2323 1382 2357 tibi
1486 2322 1701 2366 coepiscopis

186 2390 251 2414 om.
276 2381 307 2415 0
430 2381 472 2414 11
490 2381 717 2425 coepiscopis]
738 2381 913 2425 episcopis
936 2380 966 2425 Q
1090 2381 1188 2414 factu
1209 2381 1237 2426 Q
1256 2381 1386 2425 (factus
1405 2382 1477 2423 ΙΙΙ),
1497 2381 1609 2414 factos
1633 2381 1662 2415 G

186 2438 329 2472 adulter
347 2440 454 2482 atque
472 2429 673 2483 extraneus]
700 2439 881 2473 adulterat
899 2449 988 2483 quae
1007 2439 1181 2473 extrarius
1201 2439 1237 2472 Β
1379 2439 1421 2472 12
1440 2440 1541 2472 fieret
1563 2438 1593 2482 Q
1611 2438 1702 2480 (ficri

186 2497 228 2531 in
246 2496 348 2530 fieret
366 2508 459 2531 corr.
479 2497 524 2530 M
538 2508 582 2530 m.
602 2498 637 2541 1)
731 2497 779 2541 ct]
799 2498 839 2530 ut
856 2498 981 2531 *malim
1088 2497 1132 2530 14
1149 2496 1332 2530 concordia
1349 2496 1384 2530 Β
1479 2496 1521 2530 16
1540 2495 1703 2529 0011111110-

186 2554 275 2598 tam]
303 2554 498 2588 coniectarn
517 2554 552 2587 Β
691 2553 897 2598 humanam]
925 2565 1050 2589 *unam
1068 2554 1104 2589 R
1121 2554 1144 2588 11
1163 2565 1253 2588 eras.
1396 2554 1438 2590 17
1457 2564 1537 2587 31103
1562 2555 1702 2597 aposto-

186 2611 239 2645 los
260 2611 290 2656 Q
400 2612 443 2646 18
461 2611 603 2646 imittat
627 2611 656 2647 G
663 2616 670 2634 ¹
778 2612 948 2657 recentia]
967 2612 1115 2646 licentia
1134 2612 1169 2646 Β
1282 2612 1323 2646 19
1342 2612 1461 2656 urbes]
1481 2611 1599 2646 uerbis
1618 2611 1654 2645 Β

185 2669 232 2702 20
248 2668 472 2703 ordinatione
492 2670 528 2704 Β
668 2672 752 2704 sunt
776 2670 857 2705 G¹L
996 2671 1039 2704 21
1059 2670 1252 2714 conscripti
1272 2671 1308 2704 Β
1449 2670 1493 2703 22
1509 2669 1606 2713 posit
1628 2668 1657 2713 Q

187 2728 264 2761 toto
282 2727 365 2761 orbe
388 2727 418 2762 C
533 2728 577 2762 23
594 2727 679 2761 noui
697 2739 763 2762 om.
783 2728 819 2762 Β
936 2738 1105 2772 peragare
1123 2738 1213 2762 corr.
1234 2728 1275 2762 in
1293 2738 1462 2771 peragere
1485 2727 1515 2761 C
1624 2727 1700 2771 aut]

187 2786 228 2818 ut
260 2785 289 2830 Q
320 2787 396 2828 (aut
420 2786 481 2829 M)
622 2786 667 2820 24
697 2786 905 2830 compagine
938 2786 974 2820 Β
1114 2797 1198 2820 suae
1228 2796 1293 2821 om.
1325 2785 1361 2819 B
1500 2795 1644 2818 nescens
1674 2783 1703 2828 Q

185 2843 360 2886 (nesciens
380 2843 450 2887 M),
470 2854 531 2877 1100
551 2843 663 2878 sciens
687 2844 716 2879 C
731 2843 794 2878 sed
812 2844 923 2878 sciens
943 2854 1032 2878 erras.
