1838 3152
143 237 224 278 828
673 234 870 269 Caecilii
896 234 1111 279 Cypriani

141 340 277 390 datur,
309 338 526 379 dilectione
554 338 693 378 tamen
716 339 756 379 et
778 338 927 390 spiritu
957 338 1089 388 uenio,
1121 338 1349 390 exprimens
1378 338 1532 380 litteris
1555 339 1643 380 ani-

140 420 258 449 mum
293 420 432 448 meum
469 419 546 459 quo
579 406 621 446 in
652 406 744 447 istis
777 406 1005 447 uirtutibus
1038 407 1078 447 et
1107 407 1298 448 laudibus
1330 408 1479 448 uestris
1511 408 1644 448 laetus

140 476 289 528 exulto,
321 475 565 528 participem
587 487 653 515 me
675 475 898 527 conputans
921 474 1037 516 uobis
1060 475 1138 516 etsi
1159 487 1238 516 non
1260 475 1445 528 passione
1467 476 1645 529 corporis

141 544 343 586 consortio
366 543 564 584 caritatis.
597 556 649 584 an
671 555 745 596 ego
767 543 922 596 possim
944 543 1077 585 tacere
1099 545 1140 585 et
1161 555 1303 585 uocem
1325 556 1461 585 meam
1482 544 1645 585 silentio

139 625 335 666 premere,
354 625 449 654 cum
465 612 513 653 de
528 612 751 653 carissimis
769 612 872 652 meis
888 613 976 652 tam
994 612 1128 654 multa
1142 613 1182 653 et
1194 612 1371 666 gloriosa
1389 625 1643 666 cognoscam,
1659 629 1673 652 5

139 681 289 734 quibus
312 693 385 722 uos
408 680 550 722 diuina
573 680 760 734 dignatio
783 681 1013 731 honorauit,
1037 682 1085 722 ut
1106 693 1152 722 ex
1174 682 1291 723 uobis
1313 694 1407 735 pars
1429 681 1514 723 iam
1536 694 1646 722 mar-

140 751 239 805 tyrii
257 751 321 792 sui
339 751 691 793 consummatione
712 751 979 804 praecesserit
1000 751 1243 792 meritorum
1265 764 1431 793 suorum
1456 763 1648 793 coronam

141 820 191 861 de
212 814 388 861 Domino
420 820 644 873 receptura,
678 832 770 872 pars
806 820 939 861 adhuc
959 820 1002 860 in
1024 832 1234 861 carcerum
1267 820 1457 861 claustris
1489 820 1575 860 siue
1605 820 1649 861 in

142 888 324 930 metallis
347 889 387 930 et
408 888 585 930 uinculis
616 888 861 939 demoretur,
894 888 1085 930 exhibens
1115 901 1185 941 per
1214 888 1323 942 ipsas
1352 888 1649 942 suppliciorum

142 969 277 998 moras
313 957 622 998 corroborandis
660 957 858 998 fratribus
890 958 930 998 et
951 958 1159 999 armandis
1196 957 1353 998 maiora
1390 957 1647 1008 documenta,
1664 974 1694 999 ιο

143 1025 196 1067 ad
213 1026 455 1067 meritorum
474 1025 620 1067 titulos
638 1025 857 1079 ampliores
880 1027 1182 1067 tormentorum
1203 1026 1401 1068 tarditate
1422 1026 1649 1079 proficiens,

142 1095 326 1136 habituri
361 1095 424 1136 tot
459 1095 665 1136 mercedes
703 1095 746 1135 in
780 1095 1022 1136 caelestibus
1058 1096 1252 1149 praemiis
1292 1096 1390 1148 quot
1424 1108 1531 1137 nunc
1567 1095 1652 1136 dies

142 1164 371 1205 numeratis
388 1164 430 1205 in
446 1164 618 1217 poenis?
641 1177 743 1216 quae
766 1164 933 1216 quidem
956 1165 1086 1214 uobis,
1110 1164 1329 1206 fortissimi
1351 1177 1397 1206 ac
1419 1164 1650 1205 beatissimi

143 1232 302 1283 fratres,
326 1244 397 1285 pro
419 1233 566 1274 merito
590 1233 800 1286 religionis
823 1245 868 1273 ac
884 1232 980 1274 fidei
1004 1234 1165 1274 nestrae
1188 1233 1385 1274 accidisse
1407 1244 1488 1274 non
1509 1232 1648 1284 miror,

142 1302 189 1342 ut
209 1313 282 1342 uos
304 1301 362 1343 sic
374 1301 575 1343 Dominus
593 1301 645 1343 ad
661 1301 885 1356 gloriarum
906 1302 1084 1343 sublime
1106 1301 1324 1356 fastigium
1346 1301 1651 1343 clarificationis
1667 1316 1696 1340 15

144 1383 241 1413 suae
275 1371 426 1412 honore
460 1372 705 1424 prouexerit,
744 1371 813 1424 qui
848 1384 1007 1425 semper
1036 1371 1078 1412 in
1102 1371 1272 1413 ecclesia
1305 1371 1392 1412 eius
1426 1370 1654 1412 custoditae

142 1440 238 1481 fidei
270 1441 407 1482 tenore
441 1440 652 1495 uiguistis,
689 1441 975 1482 conseruantes
1005 1440 1180 1481 firmiter
1210 1440 1414 1481 dominica
1444 1439 1651 1494 mandata,

142 1509 185 1550 in
214 1509 484 1563 simplicitate
514 1510 805 1561 innocentiam,
838 1511 879 1551 in
902 1510 1073 1551 caritate
1103 1509 1371 1560 concordiam,
1404 1508 1652 1551 modestiam

143 1578 185 1619 in
222 1578 473 1628 humilitate,
513 1578 778 1633 diligentiam
817 1579 860 1619 in
891 1578 1266 1628 administratione,
1303 1577 1572 1632 uigilantiam
1609 1577 1652 1618 in

143 1647 389 1689 adiuuandis
418 1648 719 1699 laborantibus,
754 1648 1077 1689 misericordiam
1107 1647 1150 1688 in
1172 1646 1359 1688 fouendis
1387 1646 1649 1699 pauperibus,
1667 1662 1699 1688 20

143 1716 186 1757 in
204 1716 456 1758 defendenda
478 1717 653 1758 ueritate
675 1716 961 1767 constantiam,
986 1717 1029 1757 in
1051 1716 1293 1770 disciplinae
1316 1715 1536 1757 seueritate
1560 1727 1652 1756 cen-

143 1798 295 1827 suram.
330 1798 377 1827 ac
397 1799 447 1827 ne
469 1785 629 1838 aliquid
652 1787 703 1827 ad
726 1786 961 1839 exemplum
985 1786 1184 1827 bonorum
1206 1784 1408 1826 factorum
1431 1785 1590 1825 deesset
1611 1783 1654 1825 in

143 1854 274 1905 uobis,
306 1854 434 1895 etiam
463 1854 505 1895 in
528 1854 777 1896 confessione
807 1867 914 1896 nunc
942 1854 1056 1896 uocis
1086 1855 1127 1895 et
1147 1853 1332 1907 passione
1363 1853 1542 1907 corporis
1571 1852 1654 1893 fra-

142 1923 256 1964 trum
285 1924 442 1964 mentes
464 1923 514 1964 ad
538 1924 679 1965 diuina
708 1924 909 1977 martyria
930 1923 1161 1976 prouocatis
1184 1923 1306 1964 duces
1329 1934 1401 1963 uos
1424 1922 1651 1963 exhibendo

143 1992 394 2034 uirtutibus:
430 1993 477 2033 ut
511 1992 611 2033 dum
648 2005 744 2046 grex
780 1994 961 2046 pastores
1000 2004 1093 2033 suos
1130 1992 1316 2045 sequitur
1350 1992 1390 2032 et
1419 1991 1525 2044 quod
1561 1990 1650 2031 fieri
1665 2006 1698 2031 25

213 2117 230 2151 1
251 2117 387 2151 litteris
406 2117 494 2151 meis
512 2117 562 2151 M
742 2118 763 2151 2
781 2127 848 2161 quo
866 2117 917 2162 in]
937 2117 998 2161 qui
1016 2129 1035 2151 v
1213 2117 1236 2150 4
1253 2116 1382 2160 tacere]
1402 2117 1515 2150 iacere
1533 2115 1609 2150 NP

142 2175 164 2210 5
181 2185 339 2219 promere
356 2175 517 2209 LMNP
695 2176 716 2208 8
733 2175 786 2219 de]
807 2186 826 2208 a
845 2175 888 2210 N
899 2175 940 2209 in
959 2186 1030 2209 ras.
1208 2163 1278 2208 dfffd
1294 2185 1337 2208 ea:
1355 2162 1481 2215 d‘ffsN,
1514 2164 1559 2207 do
1576 2173 1610 2206 P

143 2245 224 2278 pars
243 2244 286 2268 ecc
303 2245 407 2279 passa
431 2234 459 2269 C
604 2233 742 2268 adhunc
760 2233 812 2268 R¹
960 2243 1134 2267 carcerem
1152 2232 1206 2273 M,
1225 2242 1361 2266 carcere
1385 2232 1414 2266 C
1564 2230 1585 2264 9
1603 2230 1652 2275 et]

144 2293 180 2326 et
197 2292 234 2325 in
258 2291 288 2327 O
425 2291 542 2326 exibes
561 2292 596 2326 R
737 2291 815 2335 ipsa
832 2291 866 2324 L
1021 2290 1064 2324 10
1081 2289 1282 2324 docimenta
1302 2290 1336 2323 P
1491 2288 1534 2322 12
1551 2287 1655 2322 habi-

143 2350 227 2383 tura
245 2349 295 2384 Cv
505 2349 596 2392 quod
624 2348 827 2384 G¹LMPR
1036 2348 1079 2381 13
1102 2347 1299 2381 numeratis
1316 2346 1365 2388 N,
1392 2347 1555 2380 numerat
1574 2346 1654 2385 LP,

143 2408 376 2441 numerantur
407 2407 560 2449 GMRv;
590 2407 675 2449 fort.
707 2408 793 2450 quot
823 2407 906 2439 sunt
936 2405 967 2439 d.
998 2404 1178 2439 numerati
1386 2414 1426 2438 ac
1454 2401 1656 2437 beatissimi

143 2475 209 2498 om.
234 2464 299 2499 GR
424 2464 467 2498 15
485 2453 567 2498 (11ιῖ
576 2464 605 2499 G
723 2463 908 2507 fastigium
929 2462 1095 2507 ela{[diter
1113 2453 1171 2495 drfi
1189 2461 1313 2495 timere
1331 2465 1391 2496 etc.
1412 2460 1468 2504 L;
1486 2463 1658 2494 secuntur

143 2533 235 2565 quscw
252 2526 341 2557 sunt
359 2522 459 2565 epist.
476 2524 524 2556 60
532 2533 570 2565 p.
587 2523 722 2565 692,13
740 2520 834 2555 diter
854 2546 860 2552 .
877 2547 883 2553 .
900 2547 906 2553 .
929 2522 1061 2563 694‚14
1075 2519 1172 2553 nomi
1185 2519 1242 2553 hic
1255 2519 1396 2553 inserta
1483 2517 1526 2551 16
1541 2518 1658 2551 custo-

143 2578 220 2613 dito
237 2591 258 2614 v
398 2580 439 2613 17
457 2579 609 2613 firmiter
627 2590 693 2613 om.
716 2578 748 2612 V
879 2577 1015 2611 domini
1033 2577 1068 2612 R
1207 2577 1250 2611 18
1267 2576 1304 2609 in
1321 2574 1562 2609 innocentiam
1586 2574 1615 2609 Ο

145 2638 188 2672 19
207 2637 397 2682 diligentia
415 2638 462 2671 M
565 2636 912 2670 administrationem
935 2636 964 2671 C
970 2638 979 2653 ¹
1088 2635 1134 2669 20
1150 2624 1322 2668 fratribus
1341 2637 1425 2667 ante
1442 2623 1657 2676 pauperibus

145 2706 236 2730 eras.
254 2696 292 2730 in
309 2695 344 2729 P
501 2695 545 2729 21
564 2694 799 2729 constantiam
823 2722 829 2727 .
845 2722 851 2727 .
869 2720 874 2725 .
896 2693 1087 2728 seueritate
1105 2703 1170 2727 om.
1191 2692 1225 2727 R
1379 2689 1608 2734 disciplinact
1631 2688 1661 2723 G

144 2754 161 2787 t
178 2764 203 2787 s.
223 2753 243 2787 l.
385 2753 429 2787 22
447 2752 491 2786 ad
508 2763 572 2786 om.
593 2752 629 2787 R
772 2751 816 2785 23
834 2751 1085 2785 confessionem
1102 2751 1151 2785 M
1287 2759 1379 2782 nunc
1396 2759 1428 2781 u.
1448 2758 1475 2781 e.
1493 2746 1657 2791 passione

145 2821 210 2845 om.
230 2810 265 2845 R
424 2809 621 2854 passionom
639 2810 687 2844 M
842 2809 1019 2843 fratruum
1038 2808 1121 2843 LM
1280 2806 1326 2841 24
1342 2805 1558 2850 prouocastis
1576 2804 1613 2839 R

144 2868 189 2902 25
206 2867 356 2902 uirtutis
376 2868 464 2903 GRv
603 2868 656 2912 ut]
676 2868 711 2901 et
729 2867 764 2902 R
903 2866 1000 2910 grex]
1019 2876 1073 2899 res
1092 2865 1127 2900 R
1266 2865 1424 2908 pastores
1442 2872 1521 2896 suos
1540 2872 1604 2896 om.
1630 2861 1660 2897 C
