1838 3152
606 266 842 311 Epistulae
871 265 1030 301 LXIII.
1055 278 1083 302 c.
1108 269 1232 302 9-11,
1581 270 1663 313 709

162 369 491 413 adnuntiatis
547 370 706 422 quoad
719 381 877 422 usque
928 369 1112 411 ueniat.
1174 372 1281 424 quod
1331 372 1365 413 si
1416 385 1439 413 a
1489 371 1663 414 Domino

166 438 416 493 praecipitur
454 439 494 479 et
531 437 580 479 ab
619 437 800 492 apostolo
839 436 926 478 eius
964 437 1039 479 hoc
1070 437 1179 479 idem
1210 439 1477 481 confirmatur
1507 441 1548 481 et
1579 441 1664 481 tra-

164 506 294 556 ditur,
346 507 392 547 ut
440 505 801 560 quotienscumque
853 505 1099 558 biberimus,
1151 507 1193 547 in
1235 508 1663 550 commemorationem

168 574 335 616 Domini
373 574 447 615 hoc
485 573 683 615 faciamus
722 574 827 628 quod
867 574 965 616 fecit
996 575 1037 615 et
1067 574 1281 624 Dominus,
1321 575 1554 617 inuenimus
1585 588 1663 618 non

137 658 152 683 ⁵
169 642 375 685 obseruari
413 655 436 683 a
475 642 590 683 nobis
630 643 737 695 quod
776 642 1016 684 mandatum
1050 642 1124 692 est,
1165 643 1244 684 nisi
1276 643 1417 684 eadem
1448 657 1552 697 quae
1581 644 1663 686 Do-

162 711 299 753 minus
320 710 420 751 fecit
441 722 512 751 nos
534 723 691 763 quoque
713 711 911 752 faciamus
934 712 974 751 et
995 710 1163 752 calicem
1186 711 1274 763 pari
1306 711 1461 752 ratione
1488 713 1663 753 miscen-

166 779 227 820 tes
260 791 283 820 a
313 778 453 819 diuino
489 778 727 833 magisterio
766 791 845 820 non
877 779 1123 820 recedamus.
1156 779 1206 820 ab
1238 779 1487 834 euangelicis
1526 782 1663 822 autem

163 847 392 900 praeceptis
421 859 484 888 om
491 859 584 888 nino
606 859 684 889 non
706 847 974 889 recedendum
997 860 1082 889 esse
1104 848 1144 889 et
1166 847 1309 890 eadem
1337 861 1439 901 quae
1467 850 1664 903 magister

166 916 306 958 docuit
327 918 368 957 et
388 915 486 957 fecit
518 915 741 969 discipulos
764 928 922 969 quoque
943 916 1158 957 obseruare
1180 918 1222 957 et
1243 916 1375 958 facere
1396 917 1540 958 debere
1569 929 1663 958 con-

115 1002 153 1027 10
169 984 347 1026 stantius
379 986 419 1025 et
450 983 598 1025 fortius
638 984 718 1025 alio
751 984 791 1025 in
822 984 911 1026 loco
941 984 1087 1026 beatus
1118 986 1327 1037 apostolus
1359 986 1475 1027 docet
1505 985 1665 1027 dicens:

164 1053 320 1094 miror
358 1053 485 1107 quod
523 1052 596 1093 sic
633 1053 736 1093 tam
769 1051 872 1094 cito
904 1052 1241 1094 demutamini
1273 1053 1329 1094 ab
1362 1066 1414 1095 eo
1452 1055 1540 1107 qui
1580 1067 1666 1096 uos

165 1121 372 1163 uocauit
401 1120 460 1162 ad
489 1121 733 1175 gratiam,
766 1121 825 1162 ad
855 1121 1000 1162 aliud
1029 1121 1379 1175 euangelium,
1412 1123 1541 1175 quod
1572 1136 1665 1165 non

167 1191 242 1232 est
273 1189 437 1239 aliud,
486 1189 587 1231 nisi
619 1190 660 1231 si
692 1191 811 1231 sunt
843 1189 1008 1243 aliqui
1039 1190 1123 1242 qui
1155 1203 1241 1231 uos
1274 1191 1587 1233 conturbant
1619 1193 1667 1233 et

165 1259 346 1300 uolunt
398 1260 696 1300 conuertere
748 1259 1079 1312 euangelium
1130 1258 1342 1301 Christi.
1406 1259 1490 1301 sed
1539 1259 1665 1301 licet

117 1344 151 1369 ιε
165 1339 251 1368 nos
290 1328 375 1367 aut
418 1327 632 1381 angelus
671 1327 726 1368 de
766 1327 908 1368 caelo
948 1327 1402 1381 euangelizauerit
1441 1330 1666 1380 praeter-

165 1408 310 1449 quam
351 1395 481 1447 quod
521 1395 946 1436 adnuntiauimus
979 1395 1144 1445 uobis,
1177 1396 1446 1438 anathema
1477 1397 1558 1437 sit.
1602 1397 1667 1438 si-

165 1465 250 1506 cut
280 1463 654 1517 praediximus,
698 1465 745 1505 et
775 1476 905 1505 nunc
936 1464 1131 1505 iterum
1164 1463 1296 1506 dico:
1328 1465 1370 1505 si
1401 1465 1487 1517 qui
1518 1466 1667 1507 uobis

165 1533 449 1575 adnuntiau
462 1533 563 1574 erit
611 1534 976 1585 praeterquam
1024 1532 1153 1584 quod
1193 1545 1216 1574 a
1231 1533 1502 1587 ccepistis‚
1554 1547 1667 1576 ana-

166 1602 220 1643 th
230 1614 250 1643 e
261 1615 302 1643 m
312 1614 335 1643 a
365 1602 406 1643 si
417 1603 447 1643 t.

116 1690 153 1717 20
224 1669 327 1712 Cum
363 1682 458 1725 ergo
490 1683 619 1723 neque
650 1669 737 1723 ipse
769 1669 979 1723 apostolus
1010 1681 1138 1721 neque
1170 1669 1340 1724 angelus
1372 1669 1421 1711 de
1452 1670 1562 1712 caelo
1595 1671 1668 1713 ad·
1689 1667 1704 1707 Ι
1718 1667 1736 1707 l

166 1739 354 1780 nuntiare
398 1739 527 1793 possit
576 1739 699 1780 aliter
745 1738 817 1779 aut
868 1737 1009 1778 docere
1055 1738 1338 1790 praeterquam
1384 1739 1491 1791 quod
1541 1739 1668 1781 semel

170 1806 357 1849 Christus
379 1807 518 1849 docuit
538 1808 580 1848 et
601 1806 776 1859 apostoli
800 1805 885 1846 eius
908 1805 1269 1856 adnuntiauerunt‚
1294 1806 1421 1848 miror
1442 1807 1543 1848 satis
1559 1796 1666 1849 unde

165 1876 241 1917 hoc
276 1877 521 1928 usurpatum
550 1875 606 1916 sit
634 1876 681 1916 ut
711 1876 854 1916 contra
886 1874 1167 1928 euangelicam
1189 1875 1230 1916 et
1251 1875 1520 1927 apostolicam
1542 1876 1666 1918 disci-

166 1944 324 1998 plinam
353 1944 601 1997 quibusdam
629 1944 672 1984 in
700 1943 800 1984 locis
831 1954 936 1995 aqua
974 1942 1169 1984 offeratur
1203 1943 1246 1984 in
1284 1944 1486 1986 dominico
1522 1945 1662 1995 calice,

307 2069 345 2102 11
375 2067 452 2103 Gal.
482 2068 510 2108 1,
538 2067 638 2101 6—9.

233 2183 251 2216 1
270 2182 494 2216 adnuntiatis
520 2180 808 2225 LMOPQmS'V,
837 2180 1099 2214 adnuntiabitis
1124 2179 1209 2225 9²17,
1234 2180 1452 2224 praecipitur
1475 2180 1664 2215 adnuntia-

163 2241 212 2274 tis
232 2240 268 2274 R
376 2238 579 2283 quodusque
602 2237 668 2272 ΟΒ
782 2237 825 2281 si]
846 2237 876 2270 si
893 2239 930 2271 et
949 2236 1111 2282 LOPQv
1227 2237 1249 2271 ‘2
1265 2237 1505 2281 praecipiatur
1523 2237 1598 2273 SM
1606 2242 1613 2259 ¹

166 2297 334 2342 apostolis
353 2296 382 2331 0
513 2298 547 2329 et
564 2294 721 2328 traditur
737 2305 802 2328 mn.
828 2294 862 2328 V
996 2294 1018 2328 3
1035 2296 1075 2328 ut
1092 2304 1156 2328 om.
1178 2293 1207 2327 S
1336 2295 1666 2329 commemoratione

166 2343 250 2388 dffl
269 2354 304 2389 R
417 2354 441 2388 4
458 2342 543 2387 dnm
559 2352 608 2387 R¹
739 2351 761 2384 5
778 2361 798 2384 a
816 2361 881 2386 om.
902 2350 937 2386 R
1052 2349 1144 2394 quod
1162 2361 1206 2384 ex
1223 2361 1329 2394 quam
1350 2350 1379 2385 S
1392 2362 1436 2384 m.
1454 2354 1477 2385 2
1593 2352 1666 2386 nisi

166 2411 289 2446 eadem
309 2438 315 2444 .
332 2438 338 2444 .
355 2437 361 2444 .
379 2422 416 2455 p.
436 2412 542 2453 715,7
559 2408 747 2443 secundum
765 2419 830 2442 om.
856 2407 886 2443 Ο
993 2396 1130 2442 ἀῐῨὸΕΙ
1254 2407 1276 2441 6
1293 2408 1441 2452 quoquc]
1461 2418 1568 2452 eoque
1586 2409 1622 2443 P

165 2468 323 2513 calicem]
349 2468 483 2502 domini
503 2467 589 2501 add.
610 2466 662 2512 Qv
870 2466 947 2510 pari
965 2465 1116 2509 ratione]
1141 2465 1361 2509 parationem
1382 2465 1418 2505 S,
1444 2465 1617 2499 rationem
1638 2466 1667 2511 Q

165 2526 317 2569 (ratione
336 2525 382 2559 M
385 2530 396 2568 )
582 2524 600 2557 7
619 2535 639 2557 a
664 2534 727 2557 om.
749 2523 779 2557 S
798 2518 801 2523 ’
961 2533 1013 2556 eu.
1033 2522 1163 2566 autem]
1191 2521 1421 2566 euuangelico
1446 2522 1572 2556 saltem
1594 2522 1622 2555 S

165 2585 187 2618 8
203 2583 357 2627 omnino]
383 2593 486 2617 omno
505 2582 542 2622 S,
566 2581 764 2616 omnimodo
784 2581 818 2616 R
935 2579 1162 2614 recedendum
1181 2591 1249 2614 non
1268 2579 1361 2613 LPv
1484 2580 1527 2613 10
1545 2580 1666 2614 beatus

164 2651 229 2676 om.
248 2641 282 2676 R
383 2640 508 2675 docens
525 2639 620 2673 dicet
634 2639 664 2673 S
767 2638 810 2672 12
828 2637 871 2671 ad
885 2637 932 2682 g.]
951 2637 988 2671 in
1007 2648 1039 2681 g.
1055 2637 1089 2672 R
1193 2636 1303 2670 alium
1320 2636 1350 2681 Q
1455 2636 1497 2669 13
1513 2636 1605 2670 alius
1625 2635 1665 2681 Q,

165 2698 276 2732 alium
294 2697 328 2732 L
479 2697 509 2730 si
527 2707 590 2730 om.
611 2695 681 2731 RS
829 2695 902 2728 sint
921 2694 950 2727 S
1092 2694 1153 2738 qui
1171 2704 1236 2728 om.
1257 2693 1314 2727 M·
1327 2692 1372 2738 Q¹
1518 2693 1667 2727 turbant

167 2755 311 2800 LPQR
482 2753 525 2787 14
541 2752 673 2787 christo
692 2753 742 2787 R¹
926 2752 969 2785 15
986 2751 1060 2795 nos]
1079 2752 1141 2784 aut
1159 2760 1220 2783 nos
1238 2761 1258 2784 v
1428 2749 1570 2794 angelos
1591 2749 1622 2795 Q

165 2811 443 2857 euagclizaucrit
469 2811 504 2851 S,
540 2810 647 2845 aliter
677 2811 755 2853 (aut
784 2809 890 2843 aliter
918 2808 962 2854 Q)
990 2807 1176 2842 adnuntiet
1196 2806 1383 2851 LPQRv;
1413 2807 1459 2848 cf.
1486 2808 1557 2840 543
1560 2810 1621 2849 ,20

168 2869 209 2902 17
228 2869 258 2903 si
276 2868 355 2913 quis
377 2867 465 2913 QRz
