1838 3152
505 240 715 285 Epistula
739 241 1214 277 xxxln.-xxxni1.
1515 246 1599 288 569

108 357 330 400 secundum
362 355 469 408 quod
501 355 603 397 mihi
635 356 857 409 scripsistis
886 370 909 398 a
930 356 1098 411 collegis
1130 358 1231 399 meis
1261 360 1420 410 moniti,
1456 374 1503 401 no
1523 360 1601 402 hoc

108 426 298 474 facerent,
334 425 374 466 in
404 425 731 477 praesumptione
753 426 794 466 et
815 425 983 466 audacia
1013 438 1085 466 sua
1112 427 1375 479 pertinaciter
1404 429 1596 481 perstite-

106 495 213 543 runt,
248 492 494 546 decipientes
525 494 721 546 quosdam
753 493 902 535 fratres
933 506 978 534 ex
1011 494 1129 546 plebe
1163 496 1313 545 nostra,
1346 496 1494 548 quibus
1526 510 1596 538 nos

106 561 215 604 omni
245 562 430 603 utilitate
459 562 692 603 consultum
722 562 909 616 cupimus
931 562 971 603 et
993 574 1165 615 quorum
1194 563 1318 604 saluti
1348 576 1426 605 non
1457 565 1596 606 adula-

74 631 212 673 ⁵tione
241 632 429 683 corrupta
455 632 523 672 sed
555 631 708 673 sincera
737 631 816 673 fide
845 631 1126 684 prospicimus,
1159 632 1204 672 ut
1226 644 1321 674 uera
1342 633 1593 685 paenitentia

105 701 146 741 et
167 700 325 753 gemitu
347 713 393 741 ac
415 700 550 741 dolore
571 700 689 753 pleno
711 701 843 742 Deum
866 700 1143 753 deprecentur,
1171 701 1267 754 quia
1289 702 1487 754 scriptum
1512 703 1594 743 est:

102 770 355 809 memento
395 768 524 809 unde
566 768 838 822 cecideris,
887 770 933 810 et
973 781 1063 823 age
1108 769 1509 821 paenitentiam,
1557 771 1597 812 et

101 835 251 877 iterum
281 836 465 889 loquitur
494 837 635 878 diuina
663 837 887 890 scriptura:
920 838 996 878 sic
1025 837 1156 878 dicit
1186 837 1453 879 Dominus:
1488 851 1594 880 cum

101 915 376 946 conuersus
416 905 695 959 gemueris,
742 906 862 947 tunc
903 906 1197 947 saluaberis
1240 907 1287 947 et
1330 906 1466 948 scies
1509 906 1594 947 ubi

56 972 274 1015 infueris.

158 1041 437 1095 Ingemescere
469 1042 606 1083 autem
639 1042 679 1083 et
710 1054 829 1096 agere
860 1042 1156 1095 paenitentiam
1189 1043 1388 1095 quomodo
1424 1044 1633 1095 possunt2

101 1121 271 1163 quorum
293 1109 517 1163 gemitibus
539 1111 580 1150 et
601 1110 780 1152 lacrimis
802 1111 1059 1152 intercedunt
1081 1110 1249 1163 quidam
1267 1111 1315 1152 de
1331 1111 1593 1165 presbyteris,

100 1182 147 1220 ut
164 1179 547 1220 communicandum
564 1191 654 1220 cum
675 1179 759 1220 illis
776 1181 930 1221 temere
947 1179 1195 1227 existiment,
1219 1180 1445 1221 nescientes
1465 1179 1594 1233 scrip-

100 1249 190 1289 tum
226 1261 332 1290 esse:
365 1249 567 1301 quinos
598 1249 775 1290 beatos
806 1261 914 1290 esse
945 1248 1145 1299 dicunt,
1177 1249 1225 1289 in
1256 1261 1475 1290 errorem
1508 1261 1594 1290 uos

53 1332 86 1357 ιε»
103 1316 323 1357 mittunt
363 1318 411 1358 et
433 1317 665 1359 semitam
695 1318 879 1371 pedum
910 1318 1199 1359 uestrorum
1230 1317 1459 1358 turbant.
1506 1330 1593 1359 me-

99 1384 180 1425 rito
209 1385 389 1427 salubria
418 1387 558 1427 nostra
578 1387 619 1427 et
641 1399 736 1427 uera
757 1386 925 1428 consilia
947 1386 1051 1427 nihil
1071 1387 1325 1439 promouent,
1354 1386 1454 1427 dum
1476 1386 1594 1428 blan-

100 1453 214 1494 ditiis
250 1455 291 1494 et
327 1454 561 1506 palpatione
595 1454 821 1508 perniciosa
857 1455 1050 1496 salutaris
1087 1455 1241 1496 ueritas
1278 1454 1514 1508 impeditur,
1553 1455 1593 1496 et

98 1522 255 1574 patitur
284 1522 492 1575 lapsorum
524 1523 662 1564 saucia
683 1524 723 1564 et
745 1536 867 1577 aegra
889 1537 1002 1564 mens
1025 1523 1131 1576 quod
1153 1522 1414 1576 corporaliter
1435 1534 1593 1575 quoque

99 1591 210 1643 aegri
232 1592 272 1632 et
293 1591 445 1633 infirmi
475 1605 592 1645 saepe
620 1592 849 1645 patiuntur,
880 1594 926 1633 ut
948 1593 1046 1633 dum
1068 1591 1252 1633 salubres
1275 1591 1385 1633 eibos
1407 1593 1447 1632 et
1470 1592 1592 1632 utiles

53 1660 219 1712 ,opotus
242 1660 357 1712 quasi
379 1672 539 1702 amaros
557 1662 597 1702 et
614 1660 875 1702 abhorrentes
898 1661 1094 1713 respuunt
1116 1661 1156 1701 et
1172 1660 1246 1701 illa
1266 1672 1367 1712 quae
1388 1660 1592 1701 oblectare

99 1729 139 1769 et
162 1728 212 1769 ad
234 1741 424 1781 praesens
452 1729 595 1770 suauia
624 1729 818 1771 uidentur
848 1742 934 1771 esse
965 1729 1175 1782 adpetunt,
1207 1728 1429 1781 perniciem
1451 1728 1529 1770 sibi
1552 1729 1593 1770 et

99 1799 271 1839 mortem
301 1810 373 1851 per
401 1798 699 1840 inaudientiam
721 1799 762 1840 et
783 1798 1141 1852 intemperantiam
1164 1799 1384 1850 prouoeent
1405 1811 1477 1840 nec
1498 1810 1592 1852 pro-

233 1922 253 1955 7
278 1922 383 1966 Apoc.
409 1923 442 1964 2,
467 1923 497 1956 5.
593 1922 614 1956 8
639 1922 695 1957 Es.
721 1923 776 1964 30,
805 1923 858 1958 15.
953 1922 995 1956 14
1020 1922 1076 1956 Es.
1103 1922 1136 1963 3,
1163 1922 1216 1956 12.

168 2047 183 2079 1
204 2058 224 2081 a
241 2058 306 2082 om.
326 2060 353 2090 φ
432 2038 583 2081 amoniti
600 2058 642 2082 ne
659 2059 687 2088 ε,
707 2047 834 2082 moniti
852 2049 891 2081 ut
907 2058 975 2082 non
989 2049 1028 2088 Z,
1048 2047 1240 2081 monitione
1254 2058 1285 2081 w
1356 2047 1421 2081 hoc
1438 2057 1503 2081 om.
1518 2048 1550 2080 Z

95 2104 118 2138 2
135 2094 335 2149 pstiterunt
356 2106 389 2138 T
462 2105 484 2139 4
501 2105 609 2150 omni]
628 2105 697 2149 ipsi
715 2106 745 2138 Z
823 2105 999 2150 utilitate]
1019 2104 1225 2139 subtilitate
1242 2105 1283 2145 Z,
1302 2103 1509 2139 humilitate
1527 2116 1548 2140 v

97 2161 339 2197 adulationem
364 2164 401 2203 T,
421 2162 622 2196 adolatione
638 2163 669 2194 Z
799 2162 820 2196 5
838 2162 1015 2207 corrupta]
1034 2161 1227 2206 composita
1243 2169 1295 2201 zv,
1312 2160 1456 2195 cohorte.
1472 2161 1504 2194 Z

97 2230 217 2254 ueram
240 2219 497 2264 paenitentiam
519 2220 645 2262 anvZ
664 2219 736 2253 nisi
752 2219 847 2263 quod
864 2221 897 2253 Z
911 2219 1067 2253 habeant
1084 2218 1169 2253 add.
1287 2218 1309 2251 6
1327 2220 1381 2264 ac]
1399 2220 1435 2254 et
1453 2229 1504 2261 φυ

97 2276 199 2321 pleno
225 2288 290 2312 om.
310 2288 340 2312 w
471 2277 649 2311 dominum
668 2278 749 2318 sz,
779 2276 913 2311 domini
936 2278 969 2311 Τ
1094 2278 1280 2321 precentur
1296 2288 1338 2318 w,
1368 2276 1593 2321 deprecemur

97 2334 270 2379 supplices
289 2348 316 2379 φ
333 2335 397 2370 sed
414 2334 587 2379 supplices
605 2345 684 2378 ειη).
703 2345 746 2368 m.
765 2336 791 2368 2
889 2334 909 2368 7
928 2329 1081 2369 ¹caederis
1102 2336 1149 2368 Τ1
1240 2335 1262 2369 8
1279 2334 1455 2378 scriptura
1471 2333 1595 2368 diuina

95 2392 212 2435 thwv
319 2391 384 2436 sic]
403 2393 494 2427 sicut
512 2403 574 2436 ‹pw
681 2393 702 2426 9
720 2391 916 2426 saluaueris
937 2393 970 2425 Τ
1071 2392 1185 2427 sciens
1202 2403 1234 2426 w
1351 2392 1394 2426 12
1411 2391 1595 2425 interdunt

101 2459 191 2483 corr.
211 2449 252 2484 in
269 2449 459 2484 intendunt
478 2451 509 2483 T
617 2438 800 2495 compbffs
808 2461 828 2485 z
944 2449 986 2484 13
1003 2460 1083 2484 eum
1099 2460 1164 2484 om.
1179 2450 1210 2482 Z
1323 2449 1407 2493 quia
1424 2449 1594 2492 scriptum

94 2507 150 2540 est
164 2516 205 2540 zv
313 2506 357 2541 14
373 2505 506 2551 beatos]
524 2506 644 2542 felices
660 2518 702 2542 zv
805 2518 880 2542 esse
897 2518 962 2542 om.
980 2507 1052 2542 sz
1143 2516 1256 2541 errore
1273 2517 1291 2540 Ζ
1385 2505 1428 2540 15
1444 2505 1596 2539 mittunt
1619 2502 1626 2508 ”

94 2572 156 2597 uos
177 2565 210 2597 T
297 2564 442 2598 semitas
457 2575 477 2598 z
568 2566 767 2599 nostrorum
785 2565 861 2599 T'w
954 2565 998 2599 16
1014 2563 1162 2598 consilia
1180 2565 1216 2597 et
1233 2573 1316 2597 uera
1334 2576 1361 2605 φ
1458 2561 1595 2596 blandi-

94 2620 224 2655 mentis
241 2622 272 2655 Z
388 2621 428 2655 17
446 2621 712 2666 palpationibus
730 2621 938 2666 perniciosis
954 2622 1025 2657 sz
1152 2621 1195 2655 18
1211 2620 1349 2665 patitur
1365 2620 1426 2660 Zz,
1454 2619 1595 2663 ponitur

99 2678 212 2722 Tqaw‚·
231 2678 367 2723 sopitur
383 2680 468 2721 fort.
579 2679 736 2714 sauciam
754 2681 794 2720 T,
811 2679 992 2714 audaciam
1011 2680 1041 2712 Z
1149 2680 1185 2712 et
1202 2689 1267 2712 om.
1285 2678 1318 2710 Z
1431 2687 1534 2720 aegre
1556 2676 1596 2716 T,

95 2746 179 2781 erga
198 2748 226 2771 w
319 2736 410 2781 quod
427 2748 492 2771 om.
512 2738 549 2777 T,
569 2739 605 2771 et
617 2738 713 2781 erw
807 2738 849 2772 19
867 2737 981 2782 saepe]
1000 2748 1036 2771 se
1050 2737 1081 2770 Z
1174 2737 1214 2770 ut
1230 2746 1296 2769 om.
1314 2745 1345 2768 w
1436 2744 1514 2768 cum
1531 2743 1551 2767 z

93 2793 138 2828 20
153 2794 255 2838 quasi
272 2794 477 2829 aborrentes
489 2795 520 2827 Z
598 2794 702 2839 quae]
720 2805 785 2839 que
803 2797 840 2829 et
853 2795 883 2827 Z
959 2794 1002 2829 21
1021 2793 1209 2838 perniciem
1227 2803 1290 2826 om.
1306 2792 1345 2831 Z,
1366 2790 1501 2835 pnciem
1520 2800 1550 2824 w

92 2850 138 2885 22
153 2862 213 2895 per
229 2863 292 2886 om.
311 2862 331 2886 ε
423 2851 702 2905 inobedienciam
718 2862 738 2886 Ζ
834 2854 1025 2896 prouocant
1048 2853 1080 2884 T
1083 2852 1092 2869 ¹
1186 2849 1347 2894 proficiat
1364 2849 1449 2882 Zwv
