1838 3152
519 252 732 298 Epistula
755 252 1130 288 xxvr—XXVIL
1560 255 1642 298 541

140 357 307 412 quidem
343 357 502 399 calidus
531 357 572 399 et
601 356 758 398 uirtute
791 355 986 398 robustus
1022 356 1093 398 sed
1129 355 1232 398 bene
1265 356 1402 398 minus
1438 356 1646 400 dominica

137 426 313 468 lectione
343 425 553 477 fundatus,
585 426 788 479 quaedam
819 426 986 467 conatus
1009 425 1071 467 est
1092 425 1281 478 inperite,
1315 425 1399 467 iam
1421 426 1582 480 pridem
1603 438 1647 468 se

138 495 347 537 auctorem
368 494 636 544 constituam,
664 494 712 535 ut
731 506 856 535 manu
877 493 964 535 eius
985 493 1129 546 scripti
1150 493 1284 535 libelli
1306 494 1512 549 gregatim
1534 495 1647 536 mul-

136 563 193 605 tis
222 563 386 604 nomine
414 562 537 604 Pauli
574 562 783 616 darentur,
819 573 913 603 cum
934 561 1192 615 Mappalicus
1229 563 1389 616 martyr
1424 564 1570 605 cautus
1605 564 1647 604 et

110 642 124 666 ⁵
137 630 404 685 uerecunduS‚
428 631 534 685 legis
550 643 597 673 ac
614 630 857 685 disciplinae
872 642 1042 684 memor,
1064 630 1202 673 nullas
1220 631 1361 672 contra
1377 632 1643 686 euangelium

136 700 301 742 litteras
322 699 476 754 fecerit,
506 700 577 742 sed
597 700 763 742 tantum
784 700 1008 742 domestica
1028 699 1184 754 pietate
1206 700 1435 742 commotus
1456 701 1583 742 matri
1604 701 1648 742 et

137 769 264 811 sorori
295 780 391 811 suae
420 781 523 822 quae
551 768 688 822 lapsae
717 768 881 810 fuerant
909 767 1172 810 mandauerit
1199 780 1343 822 pacem
1366 768 1468 819 dari,
1503 767 1647 810 Satur-

137 837 259 879 ninus
287 849 449 891 quoque
476 838 570 891 post
598 838 805 879 tormenta
832 837 967 879 adhuc
988 837 1032 878 in
1054 849 1212 879 carcere
1234 836 1487 879 constitutus
1508 837 1649 880 nullas

138 906 340 949 eiusmodi
369 906 531 948 litteras
553 906 750 948 emiserit.
781 906 990 948 Lucianus
1011 917 1108 948 uero
1130 917 1210 948 non
1232 906 1400 948 tantum
1420 905 1552 947 Paulo
1573 905 1648 946 ad-

90 975 217 1017 1011110
245 975 288 1017 in
316 987 475 1017 carcere
510 975 643 1028 posito
680 975 845 1017 nomine
877 975 965 1017 eius
999 974 1166 1017 libellos
1202 987 1327 1016 manu
1363 987 1438 1016 sua
1473 974 1649 1027 scriptos

138 1045 292 1100 passim
322 1043 450 1095 dedit,
482 1043 552 1086 sed
575 1044 616 1086 et
638 1045 731 1098 post
760 1043 848 1086 eius
876 1055 1089 1086 excessum
1119 1044 1262 1085 eadem
1290 1042 1424 1085 facere
1451 1042 1528 1084 sub
1560 1042 1650 1085 eius

138 1113 301 1155 nomine
334 1113 629 1167 perseuerauit,
663 1112 801 1155 dicens
833 1111 910 1154 hoc
940 1112 1021 1155 sibi
1042 1112 1093 1154 ab
1115 1112 1190 1154 illo
1219 1124 1306 1154 esse
1340 1111 1586 1154 mandatum
1608 1111 1650 1153 et

138 1182 320 1224 nesciens
342 1181 521 1223 Domino
551 1181 686 1235 magis
716 1194 842 1235 quam
870 1193 1064 1223 conseruo
1086 1180 1468 1235 obtemperandum.
1502 1180 1650 1223 Aureli

139 1263 299 1304 quoque
329 1250 606 1292 adulescentis
636 1251 845 1292 tormenta
870 1249 1053 1304 perpessi
1075 1250 1239 1291 nomine
1259 1249 1393 1292 libelli
1414 1249 1539 1292 multi
1560 1249 1650 1292 dati

17 1347 19 1354 ,
93 1329 124 1354 1⁵
139 1320 236 1362 sunt
257 1319 442 1361 eiusdem
459 1319 636 1361 Luciani
657 1331 784 1361 manu
805 1319 964 1373 scripti,
988 1318 1097 1372 quod
1116 1318 1280 1361 litteras
1300 1318 1374 1361 ille
1394 1331 1471 1361 non
1496 1320 1649 1361 nosset.

196 1387 271 1430 Cui
300 1388 358 1430 rei
380 1389 428 1430 ut
448 1388 708 1442 aliquantum
738 1389 877 1442 posset
907 1388 1070 1439 obsisti,
1101 1387 1266 1431 litteras
1288 1389 1341 1430 ad
1362 1400 1428 1430 eos
1450 1387 1528 1430 feci
1550 1400 1650 1441 quas
1666 1395 1690 1435 z

141 1456 192 1498 ad
222 1469 297 1498 uos
327 1456 403 1498 sub
433 1456 609 1511 epistola
640 1456 775 1511 priore
808 1456 1036 1508 transmisi,
1074 1456 1224 1510 quibus
1257 1458 1395 1510 petere
1417 1458 1458 1499 et
1479 1457 1651 1500 suadere

142 1536 222 1567 non
251 1525 396 1568 destiti
418 1526 465 1567 ut
487 1525 718 1568 dominicae
747 1525 853 1581 legis
876 1527 917 1568 et
938 1525 1144 1581 euangelii
1173 1525 1281 1569 ratio
1302 1526 1523 1569 teneretur.
1557 1526 1652 1579 post

214 1719 233 1752 1
253 1718 396 1762 quidem
414 1729 480 1754 om.
497 1730 528 1764 z,
547 1719 609 1764 qui
627 1720 663 1754 et
679 1730 699 1754 r
792 1720 945 1755 callidus
968 1719 1032 1754 TZ
1123 1720 1212 1755 bene
1230 1730 1296 1755 om.
1315 1720 1438 1765 Ζεμνυ
1545 1720 1567 1755 2
1584 1720 1653 1755 lec-

141 1775 274 1810 tionem
297 1776 337 1818 T,
354 1776 547 1812 dilectione
564 1787 584 1812 z
699 1777 854 1822 quadam
871 1788 901 1820 z,
920 1777 1006 1822 quia
1022 1777 1064 1812 (10
1083 1788 1122 1812 00
1140 1791 1177 1823 μ,
1197 1778 1258 1822 qui
1275 1777 1317 1812 de
1334 1788 1373 1812 00
1390 1788 1420 1819 r,
1451 1777 1513 1822 qui
1530 1778 1655 1813 contra

143 1821 231 1868 dffn‘
244 1833 277 1868 Z
383 1834 537 1880 inperite
558 1835 665 1881 TVw,
690 1835 882 1880 inperitate
899 1846 927 1877 ε,
951 1835 1111 1880 imperiti
1129 1846 1208 1880 μνυ,
1227 1835 1410 1880 imperitia
1427 1835 1460 1869 Z
1565 1835 1653 1880 iam]

144 1901 208 1925 sua
225 1891 266 1935 Z,
285 1901 350 1926 om.
371 1902 391 1926 r
522 1892 659 1938 pridem
678 1903 742 1928 om.
768 1893 821 1928 Vr
952 1904 988 1928 se
1015 1893 1136 1939 Vqu),
1166 1904 1202 1928 se
1218 1893 1322 1938 uulgi
1338 1904 1417 1938 μνυ,
1441 1903 1510 1928 om.
1533 1892 1566 1927 T

142 1949 165 1982 3
185 1950 346 1984 auctores
371 1951 411 1991 T,
429 1951 572 1985 auctore
589 1951 624 1985 Z
725 1950 871 1985 libellus
889 1951 1045 1996 scriptus
1061 1961 1092 1995 ε,
1110 1951 1228 1985 libelli
1245 1951 1410 1995 scrupulo
1427 1950 1460 1984 Z
1561 1950 1655 1984 mul-

143 2005 207 2051 tis]
237 2009 349 2042 rustis
374 2008 415 2049 Z,
449 2008 562 2042 ruetis
591 2021 616 2053 μ
644 2008 707 2043 sed
735 2008 863 2043 tinctis
892 2019 936 2043 m.
967 2010 990 2043 2
1016 2009 1059 2044 in
1086 2019 1213 2054 mary„
1245 2007 1384 2043 cunctis
1412 2018 1433 2042 r
1563 2007 1587 2043 4
1615 2007 1655 2042 in

143 2064 285 2099 nomine
302 2065 335 2099 Z
448 2065 594 2100 daretur
611 2066 662 2100 Zz
778 2066 919 2111 cautus]
944 2067 1087 2101 coactus
1105 2066 1139 2100 Z
1251 2065 1273 2100 5
1290 2065 1346 2110 ac]
1363 2066 1401 2100 ct
1416 2075 1436 2100 z
1552 2066 1574 2100 6
1592 2064 1655 2100 sed

142 2131 208 2157 om.
227 2133 247 2157 z
363 2124 400 2158 et
417 2123 528 2158 sorori
545 2133 611 2159 om.
629 2124 752 2169 Ζεμνυ
881 2124 900 2158 7
918 2123 1040 2169 elapsa
1057 2134 1087 2167 Ζ,
1104 2123 1207 2169 lapsa
1223 2123 1326 2169 Ζμνυ
1450 2122 1595 2157 fuerunt
1611 2134 1653 2168 φ,

142 2179 260 2214 fuerat
276 2181 400 2225 Ζεμνυ
506 2181 741 2217 mandauerat
758 2195 784 2227 μ
901 2182 923 2216 8
940 2192 1078 2226 quoque
1095 2191 1160 2216 om.
1176 2191 1198 2216 z
1306 2180 1422 2215 adhuc
1438 2180 1477 2216 in
1492 2190 1558 2216 om.
1577 2180 1611 2215 Z

143 2246 318 2272 carcerem
339 2237 409 2282 Τφ,
427 2238 579 2273 carceris
596 2238 631 2273 Z
731 2238 852 2274 nullus
869 2239 923 2273 Zr
1026 2239 1048 2273 9
1064 2238 1270 2274 huiusmodi
1287 2249 1344 2284 μν,
1363 2238 1438 2273 01113
1454 2249 1473 2273 z
1566 2237 1654 2273 emi-

142 2294 255 2329 serint
275 2295 312 2336 T,
329 2294 452 2330 emisit
468 2306 528 2341 μν,
547 2296 687 2331 miserit
701 2306 721 2332 z
825 2297 870 2331 10
885 2306 1059 2332 carcerem
1077 2296 1110 2331 Z
1212 2296 1251 2331 in
1268 2296 1408 2331 nomine
1425 2296 1458 2331 Z
1561 2295 1654 2339 eius]

143 2351 243 2386 illius
260 2352 360 2398 ΖΖμυ
464 2353 581 2388 libelli
598 2364 646 2399 μγ
740 2364 804 2389 sua
821 2364 887 2390 om.
906 2364 954 2399 m·
1056 2354 1276 2399 subscriptos
1294 2353 1334 2396 Z,
1353 2354 1543 2399 rescriptas
1560 2364 1608 2399 μν

142 2409 186 2443 11
203 2410 350 2455 passim]
367 2421 489 2456 pacem
506 2411 540 2446 Z
646 2412 690 2447 12
706 2412 860 2457 nomine]
879 2411 974 2447 modi
991 2411 1172 2447 occasione
1189 2422 1238 2457 μν
1345 2411 1590 2457 perseuerabit
1611 2411 1654 2455 T,

142 2469 425 2511 perseuerauerit
441 2479 462 2503 r
594 2480 670 2505 esse
686 2480 752 2505 om.
770 2481 792 2506 v
920 2471 956 2505 et
973 2480 1038 2505 om.
1056 2480 1149 2516 Ζμνυ
1282 2469 1326 2504 13
1342 2469 1524 2505 (1011111111111
1545 2470 1610 2504 ΤΖ

143 2533 249 2569 quam
267 2526 445 2571 conseruo]
470 2537 571 2562 seruo
584 2527 619 2562 Z
710 2529 773 2562 aut
788 2528 924 2573 relique
944 2538 1011 2572 que
1029 2527 1063 2562 Z
1166 2527 1209 2562 14
1225 2527 1401 2563 adulescis
1418 2529 1562 2564 nomine
1578 2528 1610 2563 Z

142 2592 325 2627 perpessos
344 2584 383 2625 Z,
413 2583 563 2629 professi
579 2595 599 2620 z
730 2585 887 2630 nomine]
917 2595 1031 2621 nonne
1049 2598 1077 2629 φ
1212 2595 1274 2629 pro
1302 2586 1428 2621 multis
1446 2600 1472 2630 μ,
1500 2585 1564 2621 sed
1592 2595 1655 2629 pro

142 2650 169 2675 s.
185 2640 207 2675 l.
226 2651 268 2675 m.
284 2643 320 2685 2,
350 2641 477 2676 multis
495 2652 515 2676 r
648 2643 692 2678 15
721 2642 891 2689 eiusdem]
923 2631 1078 2680 0111εωῖ1
1090 2655 1148 2689 μν,
1177 2644 1253 2679 01113
1270 2644 1305 2678 Ζ
1431 2653 1538 2677 manu
1567 2642 1653 2677 sub-

145 2698 272 2743 scripti
289 2698 330 2740 Z,
347 2698 466 2733 minus
482 2699 610 2745 scripsi
631 2701 664 2734 T
787 2701 870 2747 non]
889 2711 932 2736 ne
949 2702 980 2736 Z
1112 2702 1155 2736 16
1173 2700 1440 2747 aliquantulum
1458 2714 1499 2745 φ,
1516 2699 1654 2745 aliqua-

143 2755 247 2789 tenus
260 2755 382 2800 Ζεμνυ
475 2756 518 2791 17
536 2756 665 2803 priore]
683 2757 726 2793 ad
744 2768 807 2793 1103
822 2771 851 2803 φ
947 2759 990 2794 18
1007 2760 1062 2805 ut]
1081 2759 1132 2794 310
1148 2770 1168 2794 r
1261 2760 1298 2794 et
1313 2769 1381 2794 om.
1397 2771 1425 2802 φ
1521 2767 1654 2792 euuan-

143 2812 257 2857 gelice
274 2812 482 2848 tradicionis
499 2813 691 2860 disciplina
707 2815 740 2850 Z
874 2818 956 2862 post
973 2827 1080 2862 quam
1098 2817 1188 2863 Ζμν,
1208 2818 1247 2852 at
1264 2817 1346 2862 post
1362 2826 1467 2861 quam
1486 2814 1530 2850 ad
1547 2825 1605 2849 eos
1621 2825 1651 2860 z,

143 2871 225 2915 post
241 2880 347 2915 quam
366 2881 448 2907 uero
466 2870 511 2906 ad
529 2882 587 2907 eos
603 2882 625 2908 υ
