1912 3152
755 257 934 292 Testim.
962 258 991 299 1,
1021 257 1127 294 1—2.
1637 259 1694 301 39

179 363 390 418 Aegypto,
423 362 521 415 quid
551 362 587 403 ei
622 361 838 411 acciderit,
869 373 948 403 non
976 361 1141 403 scimus
1183 361 1314 403 Item
1347 362 1467 404 illic
1496 362 1695 418 Moyses

179 435 237 476 ad
268 434 555 475 Dominum:
588 432 756 482 Precor,
788 430 975 481 Domine,
999 430 1175 484 deliquit
1203 431 1378 485 populus
1406 432 1474 475 hic
1495 433 1694 476 delictum

179 503 342 558 grande.
366 501 550 544 fecerunt
571 500 652 541 sibi
674 501 768 541 deos
790 511 932 541 aureos
964 501 1004 541 et
1035 500 1271 554 argenteos:
1304 501 1345 542 et
1366 514 1472 543 nunc
1493 502 1527 543 si
1550 502 1695 544 dimit-

178 572 233 613 tis
263 571 320 613 eis
359 570 570 619 delictum,
605 568 790 609 dimitte:
837 569 900 610 sin
936 570 1096 619 autem,
1128 568 1218 610 dele
1256 581 1322 610 me
1358 571 1406 611 de
1438 570 1542 613 libro
1573 585 1695 625 quem

133 659 147 683 s
179 639 391 694 scripsisti.
430 641 470 680 et
499 639 699 680 Dominus
720 637 826 679 dixit
848 637 899 678 ad
920 637 1110 691 Moysen:
1143 637 1178 678 si
1200 637 1270 691 qui
1293 638 1468 692 deliquit
1489 642 1584 681 ante
1613 653 1692 691 me,

179 710 338 752 deleam
360 722 454 751 eum
477 708 526 750 de
556 708 662 750 libro
686 720 790 750 meo.
824 707 956 749 Item
988 707 1039 748 in
1070 706 1495 749 Deuteronomio:
1528 708 1693 751 Sacrifi-

179 778 373 820 cauerunt
408 777 633 819 daemoniis
655 778 695 819 et
715 789 795 818 non
815 776 912 818 Deo.
947 776 1076 818 Item
1107 776 1158 817 in
1189 776 1323 817 libro
1349 777 1603 820 Indicum:
1640 779 1695 820 Et

178 848 362 889 fecerunt
392 847 468 888 filii
498 846 625 888 Israel
660 846 893 901 malignum
921 847 1062 887 contra
1091 845 1316 887 Dominum
1353 846 1489 888 Deum
1525 848 1693 900 patrum

178 930 358 967 suorum,
382 917 452 970 qui
474 916 594 958 eiecit
615 928 682 958 eos
699 916 749 958 de
765 917 873 957 terra
882 914 1078 969 Aegypti,
1102 916 1143 957 et
1164 915 1291 956 secuti
1314 916 1410 956 sunt
1431 915 1526 957 deos
1548 928 1572 956 a
1592 928 1692 971 gen-

132 1005 164 1029 10
177 986 309 1035 tibus,
345 999 447 1040 quae
468 986 575 1028 circa
596 985 690 1027 illos
712 986 826 1035 sunt,
853 986 894 1026 et
923 984 1179 1026 offenderunt
1208 983 1432 1025 Dominum
1454 984 1495 1026 et
1516 984 1694 1038 relique-

176 1056 273 1097 runt
282 1055 415 1096 Deum
431 1055 471 1096 et
485 1053 714 1096 seruierimt
722 1053 836 1095 Baal.
856 1053 985 1094 Item
1002 1052 1140 1094 illic:
1159 1053 1214 1094 Et
1229 1053 1465 1096 adiecerunt
1478 1053 1554 1095 filii
1564 1054 1694 1096 Israel

176 1125 327 1167 iterum
347 1123 478 1165 facere
493 1122 726 1177 malignum
741 1123 882 1164 contra
890 1121 1117 1163 Dominum
1135 1123 1176 1164 et
1193 1123 1423 1165 seruierunt
1439 1123 1540 1164 Baal
1557 1124 1598 1165 et
1614 1123 1694 1165 diis

177 1194 500 1248 alienigenarum
537 1193 579 1233 et
615 1191 870 1244 reliquerunt
906 1190 1133 1232 Dominum
1163 1192 1204 1233 et
1235 1203 1315 1233 non
1345 1193 1575 1234 seruierunt
1614 1192 1693 1234 illi.

180 1261 342 1320 [Apud
373 1260 708 1303 Malachiam:
741 1259 974 1301 Derelictus
996 1260 1058 1300 est
1089 1259 1206 1310 Iuda,
1239 1261 1281 1302 et
1309 1261 1561 1303 abominatio
1582 1261 1693 1304 facta

132 1346 163 1371 15
177 1332 240 1374 est
260 1331 303 1372 in
323 1330 452 1372 Israel
472 1331 513 1371 et
534 1329 577 1371 in
597 1328 883 1378 Hierusalem,
916 1328 1109 1381 quoniam
1137 1328 1373 1382 profanauit
1397 1330 1521 1372 Iudas
1552 1331 1694 1372 sancta

177 1399 365 1451 Domini,
388 1399 431 1442 in
452 1398 601 1452 quibus
622 1397 766 1439 dilexit
788 1398 829 1439 et
851 1396 1065 1439 affectauit
1087 1397 1182 1439 deos
1203 1397 1368 1439 alienos.
1403 1399 1693 1441 exterminabit

177 1469 378 1511 Dominus
398 1467 609 1510 hominem
636 1466 707 1520 qui
743 1465 843 1508 facit
879 1465 977 1508 haec
1009 1467 1050 1508 et
1070 1467 1242 1509 humilis
1264 1466 1466 1509 efficietur
1486 1468 1529 1509 in
1558 1468 1695 1510 taber-

176 1538 335 1580 naculis
357 1535 507 1593 Iacob].

219 1617 351 1670 Qvon
368 1629 624 1660 PROPHETIS
641 1629 735 1659 NON
752 1628 1067 1659 CREmDEmNT
1089 1629 1146 1658 ET
1168 1629 1252 1659 Eos
1268 1630 1651 1661 INTERFECERINT.

128 1719 162 1745 20
232 1699 378 1752 Apud
416 1698 732 1740 Hieremiam
770 1697 1017 1739 Dominus
1063 1697 1215 1740 dicit:
1266 1698 1364 1739 Misi
1405 1699 1456 1740 ad
1496 1710 1569 1741 uos
1610 1709 1734 1748 ser-z

175 1780 247 1809 uos
278 1780 390 1809 meos
423 1768 654 1821 prophetas
686 1768 779 1809 ante
811 1765 944 1808 lucem
975 1766 1221 1818 mittebam,
1268 1768 1309 1809 et
1346 1779 1425 1809 non
1463 1768 1695 1811 audiebatis

313 1895 336 1931 2
363 1894 423 1928 Ex.
442 1895 504 1933 32,
523 1893 570 1930 31
594 1904 643 1937 sq.
720 1892 742 1928 6
767 1892 873 1926 Dent.
893 1891 954 1933 32,
976 1891 1034 1928 17.
1125 1891 1147 1928 7
1173 1891 1252 1926 Iud.
1271 1892 1306 1933 2,
1328 1893 1373 1929 11
1398 1903 1449 1937 sq.
1532 1893 1582 1930 14
1605 1894 1692 1928 Mal.

175 1955 210 1995 2,
232 1955 278 1990 11
299 1964 349 1998 sq.
435 1951 487 1987 20
511 1951 607 1985 Hier.
628 1950 691 1990 25,
708 1950 733 1985 4
752 1961 802 1994 sq.

242 2069 265 2104 2
292 2066 488 2110 dominum]
506 2065 610 2100 d1nB
696 2074 818 2108 precor
835 2063 888 2098 ait
905 2063 973 2098 Mv
1058 2063 1198 2098 dominc
1217 2074 1280 2098 om.
1300 2065 1336 2098 A
1430 2063 1590 2110 deliquid
1607 2066 1640 2100 A
1659 2070 1692 2101 et

171 2126 224 2160 sic
239 2125 388 2169 saepius
460 2123 484 2160 3
509 2122 674 2157 dimittas
705 2121 741 2155 Β
835 2121 860 2157 4
886 2121 936 2155 eis
950 2121 1041 2162 AM,
1061 2121 1093 2155 ci
1112 2121 1180 2162 Lv,
1200 2121 1276 2155 illis
1295 2121 1330 2155 Β
1407 2121 1558 2158 demitte
1586 2124 1622 2157 A

171 2183 195 2221 5
220 2182 312 2217 dixit
329 2181 492 2216 dominus
511 2179 653 2215 LMBv
725 2179 804 2223 quis
822 2178 926 2213 MBv
998 2178 1020 2214 6
1040 2189 1119 2213 eum
1138 2179 1259 2220 ALB,
1277 2179 1381 2214 illum
1396 2180 1444 2214 M
1446 2192 1463 2215 v
1534 2180 1558 2216 8
1584 2181 1690 2216 israel

170 2240 256 2274 Ms.
276 2239 297 2273 l.
317 2250 360 2273 m.
379 2240 423 2278 2,
449 2237 581 2271 israhel
600 2237 635 2271 L
652 2237 720 2280 (sic
736 2238 816 2280 fere
841 2237 1014 2280 semper),
1034 2235 1184 2270 istrahel
1209 2237 1245 2270 A
1269 2237 1336 2280 (sie
1361 2238 1440 2280 fere
1463 2239 1620 2282 semper)

170 2297 369 2341 malignum
398 2298 433 2329 A
446 2322 454 2335 ,
484 2295 737 2339 uamalignum
761 2294 823 2336 M,
858 2293 952 2339 quod
980 2293 1180 2337 111alignum
1206 2293 1257 2336 L,
1285 2295 1378 2339 quod
1407 2295 1605 2339 malignum
1635 2298 1690 2331 est

170 2355 260 2399 (erat
279 2355 312 2399 v)
330 2353 404 2394 Bm
422 2352 463 2386 τὸ
485 2349 651 2398 πονηρόν
665 2351 783 2387 LXX
851 2354 972 2386 contra
989 2340 1071 2387 (iffi
1097 2351 1155 2386 dm
1173 2351 1299 2393 ALB,
1325 2363 1440 2387 coram
1457 2344 1526 2387 dn'o
1543 2352 1587 2387 do
1606 2353 1689 2395 Mv3

169 2409 329 2446 ἐνώπιον
355 2415 486 2458 κυρίου
503 2410 622 2445 LXX
643 2410 828 2453 (ἐναντίον
845 2414 974 2456 κυρίου
1015 2410 1092 2446 cod.
1110 2410 1231 2452 Aleoe.)
1331 2410 1354 2447 9
1380 2410 1442 2455 qui
1459 2411 1578 2455 eiecit]
1604 2411 1689 2456 quid

169 2468 253 2503 eicit
268 2468 305 2503 A
391 2468 472 2503 deos
490 2479 555 2503 om.
575 2468 620 2502 M
705 2478 726 2501 a
743 2467 911 2512 gentibus
929 2468 1040 2502 ALB
1047 2468 1092 2509 V,
1121 2468 1282 2512 gentium
1307 2468 1418 2502 ritum
1435 2469 1481 2502 M
1495 2468 1559 2503 sed
1576 2468 1688 2503 ritum

168 2536 195 2560 s.
215 2526 236 2560 l.
256 2538 296 2560 m.
315 2528 350 2570 2,
369 2526 528 2570 gentium
554 2536 589 2567 v;
615 2523 878 2572 ἐπορεύθησαν
895 2525 1019 2559 ὀπίσω
1038 2527 1135 2559 θεῶν
1157 2524 1290 2571 ἑτέρων
1313 2525 1389 2559 ἀπὸ
1408 2527 1481 2559 τῶν
1498 2527 1597 2560 θεῶν
1615 2527 1688 2560 τῶν

169 2583 289 2618 ἐθνῶν
299 2583 413 2617 LXX
422 2597 430 2623 ;
447 2582 528 2618 deos
542 2583 631 2617 alios
641 2594 662 2617 a
676 2583 843 2627 gentibus
855 2583 1045 2628 leyendum
1062 2586 1181 2617 censet
1188 2582 1378 2617 Panaetius
1443 2582 1492 2619 10
1509 2583 1619 2627 queA

169 2651 273 2685 quae.
289 2642 389 2675 .sunt
406 2651 470 2675 om⁴
484 2641 531 2675 111
609 2642 692 2675 sunt
709 2651 773 2675 om.
793 2640 828 2674 A
928 2641 974 2676 11
1002 2639 1246 2674 bahal-AMB
1334 2640 1382 2678 12
1412 2640 1553 2684 iterum]
1571 2641 1621 2674 ite
1640 2640 1687 2682 B,

169 2709 235 2732 om.
256 2698 290 2731 A
362 2698 496 2743 contra]
515 2710 630 2733 coram
648 2699 715 2734 *Mo
790 2687 1029 2740 ‹ffifiALnst
1055 2698 1100 2734 do
1109 2699 1157 2733 M
1161 2701 1180 2742 ¹,
1202 2686 1286 2734 ‹lffui
1303 2699 1362 2734 din
1376 2699 1412 2734 Β
1485 2697 1530 2733 13
1556 2697 1687 2742 aliege-

169 2766 294 2789 narum
314 2756 349 2789 A
361 2757 369 2773 ¹
446 2756 495 2792 14
512 2756 604 2801 apud
615 2757 834 2791 Malachiam
850 2784 856 2791 .
873 2784 880 2791 .
896 2784 903 2790 .
919 2784 925 2791 .
942 2757 963 2791 l.
980 2760 1025 2792 18
1043 2757 1148 2791 Iacob
1168 2768 1232 2792 om..
1244 2756 1400 2792 ALMB
1409 2756 1436 2805 V
1449 2770 1465 2804 ς·
1477 2756 1510 2789 L
1530 2755 1568 2789 in
1587 2765 1685 2788 mar-

167 2813 254 2857 yine
281 2812 383 2858 signo
412 2815 446 2846 A
474 2813 642 2857 adposito
659 2814 778 2849 deesse
807 2814 951 2859 aliquid
983 2815 1153 2850 indicare
1170 2815 1320 2849 uidetur
1408 2813 1453 2849 19
1480 2813 1566 2847 item
1593 2811 1686 2856 quod

171 2869 276 2909 LBv,
302 2869 433 2904 iterum
455 2870 608 2915 quodM
674 2871 901 2906 crediderunt
919 2872 1002 2906 ΜΒ
1050 2871 1402 2907 interfeceruntMB
1472 2870 1524 2907 20
1542 2869 1684 2914 apum,

172 2931 206 2963 et
224 2927 277 2962 ita
294 2928 442 2971 saepius
513 2929 613 2962 misit
631 2928 666 2963 A
1034 2925 1039 2933 ¹
1693 2930 1696 2933 ⁴
1714 2940 1721 2945 ·
