1912 3152
570 262 629 297 De
652 261 937 296 mortalitate
962 271 989 296 c.
1017 261 1161 295 11—14.
1527 260 1615 303 305

112 368 198 412 dari
219 379 260 410 se
280 365 382 408 dicit
402 364 608 417 aduersis,
640 367 688 408 ut
715 364 815 407 dum
842 364 1010 420 grauius
1044 364 1257 420 adfligitur
1292 364 1429 406 uerius
1463 364 1611 417 proba-

111 440 233 480 retur.
278 436 432 478 datus
463 435 540 477 est
569 435 717 487 mihi,
763 434 920 489 inquit,
966 433 1220 476 stimulus
1251 433 1422 475 carnis
1452 445 1609 483 meae,

111 505 326 561 angelus
357 505 573 547 satanae
611 504 698 558 qui
739 516 812 545 me
851 502 1099 545 colafizet
1139 503 1195 544 ut
1231 513 1326 544 non
1366 501 1608 543 extollar.

109 573 476 628 propterquod
507 574 586 615 ter
616 571 886 614 Dominum
938 570 1118 626 rogaui
1165 571 1219 612 ut
1250 569 1548 613 discederet
1587 583 1612 611 a

0 693 1 703 ἵ
65 656 81 681 s
109 654 203 693 me,
250 643 299 684 et
329 641 471 684 dixit
500 641 651 683 mihi:
695 640 910 684 sufficit
948 639 1050 683 tibi
1081 639 1255 695 gratia
1285 652 1403 681 mea.
1436 639 1610 681 uirtus

109 710 238 754 enim
270 710 318 752 in
349 709 676 752 infirmitate
718 708 1014 764 perficitur.
1062 709 1222 762 quando
1258 720 1352 763 ergo
1388 708 1611 750 infirmitas

108 780 150 822 et
183 779 431 821 inbecillitas
463 780 505 821 et
540 779 716 821 uastitas
752 778 891 832 aliqua
925 778 1157 833 grassatur,
1198 778 1296 819 tunc
1316 777 1450 818 uirtus
1471 777 1612 819 nostra

108 848 337 903 perficitur,
381 850 480 891 tunc
517 847 616 890 fides
652 848 687 889 si
720 848 925 902 temptata
959 846 1187 900 perstiterit
1223 846 1456 896 coronatur,
1502 846 1611 888 sicut

110 918 307 971 scriptum
329 918 410 959 est:
459 929 583 959 uasa
627 916 789 972 figuli
834 917 1019 971 probat
1063 916 1238 959 fornax
1283 918 1334 959 et
1379 915 1613 958 homines

64 987 276 1029 10iust0s
308 986 587 1041 temptatio
617 986 1002 1029 tribulationis
1036 986 1111 1028 hoc
1139 986 1314 1039 denique
1342 986 1449 1027 inter
1477 995 1549 1025 nos
1570 986 1613 1027 et

109 1056 260 1098 ceteros
281 1055 454 1097 interest
474 1055 544 1108 qui
565 1056 700 1097 Deum
721 1055 930 1106 nesciunt,
953 1055 1060 1108 quod
1081 1055 1146 1096 illi
1167 1055 1209 1097 in
1230 1054 1413 1097 aduersis
1434 1066 1613 1108 querun-

108 1126 176 1167 tur
197 1125 238 1166 et
258 1125 544 1175 murmurant,
576 1136 648 1166 nos
679 1124 851 1166 aduersa
878 1135 957 1165 non
988 1124 1161 1166 auocant
1191 1136 1214 1165 a
1244 1124 1415 1166 uirtutis
1446 1124 1487 1165 et
1517 1121 1613 1164 fidei

109 1193 305 1243 ueritate,
339 1194 409 1235 sed
432 1193 682 1247 conprobant
703 1192 746 1235 in
768 1193 920 1236 dolore.

165 1262 255 1304 Hoc
276 1262 383 1315 quod
418 1275 525 1304 nunc
555 1262 731 1316 corporis
763 1262 871 1305 uires
902 1262 1059 1304 solutus
1090 1262 1133 1304 111
1162 1262 1319 1304 fluxum
1350 1263 1493 1304 uenter
1524 1261 1682 1311 eui-14

66 1357 97 1383 15
110 1332 254 1382 scerat,
277 1331 383 1385 quod
405 1331 446 1373 in
469 1331 650 1374 faucium
672 1332 842 1374 uulnera
864 1333 1081 1386 conceptus
1102 1331 1344 1373 medullitus
1365 1331 1474 1386 ignis
1495 1344 1612 1374 exae-

111 1402 243 1451 stuat,
275 1400 382 1454 quod
404 1400 574 1443 adsiduo
597 1401 758 1442 uomitu
779 1400 977 1443 intestina
997 1401 1260 1454 quatiuntur,
1293 1401 1399 1454 quod
1428 1400 1536 1442 oculi
1569 1401 1613 1442 ui

109 1468 321 1523 sanguinis
351 1468 633 1520 inardescunt,
674 1469 781 1522 quod
813 1469 1067 1523 quorundam
1098 1469 1164 1511 uel
1195 1469 1318 1524 pedes
1348 1470 1415 1511 uel
1446 1469 1610 1523 aliquae

108 1538 386 1580 membrorum
422 1539 559 1591 partes
596 1539 783 1593 contagio
819 1538 1028 1581 morbidae
1063 1539 1292 1593 putredinis
1329 1539 1612 1592 amputantur,

108 1607 214 1660 quod
235 1619 306 1660 per
326 1607 505 1649 iacturas
527 1608 568 1650 et
588 1608 738 1649 damna
759 1619 974 1662 corporum
1003 1608 1294 1662 prorumpente
1326 1608 1521 1662 languore
1542 1607 1612 1649 uel

63 1690 97 1717 ιο
108 1674 349 1717 debilitatur
370 1675 550 1718 incessus
571 1676 639 1717 uel
660 1676 825 1718 auditus
847 1676 1076 1719 obstruitur
1098 1677 1163 1718 uel
1185 1678 1373 1719 caecatur
1405 1677 1609 1730 aspectus,

109 1744 159 1786 ad
195 1743 486 1787 documentum
521 1744 683 1798 proficit
717 1745 823 1787 fidei.
858 1747 997 1787 contra
1032 1746 1095 1787 tot
1126 1745 1289 1799 inpetus
1324 1745 1535 1787 uastitatis
1571 1746 1613 1787 et

109 1813 252 1855 mortis
302 1813 552 1856 inconcussis
588 1814 715 1864 animi
761 1814 990 1857 uirtutibus
1022 1814 1214 1869 congredi
1252 1815 1406 1868 quanta
1436 1814 1612 1868 pectoris

108 1882 350 1937 magnitudo
386 1884 470 1934 est,
518 1885 672 1937 quanta
707 1884 946 1927 sublimitas
992 1885 1033 1926 in
1078 1884 1207 1926 ruinis
1244 1883 1414 1926 humani
1451 1883 1612 1937 generis

109 1953 214 1993 stare
235 1953 393 1994 rectum
414 1964 487 1994 nec
507 1965 600 1994 cum
623 1953 681 1995 eis
703 1954 850 2007 quibus
880 1966 971 2007 spes
1002 1954 1044 1995 111
1074 1954 1208 1995 Deum
1240 1953 1356 1995 nulla
1388 1954 1449 1994 est
1479 1953 1612 1994 iacere

0 2012 2 2025 ι
64 2036 97 2063 2⁵
108 2022 358 2073 prostratum
377 2022 418 2063 et
436 2021 637 2076 gratulari
654 2022 788 2077 magis
805 2023 846 2064 et
873 2022 1069 2076 temporis
1087 2035 1236 2064 munus
1265 2021 1475 2075 amplecti,
1503 2021 1611 2074 quod

109 2087 207 2130 dum
242 2091 424 2132 nostram
460 2091 583 2134 fidem
619 2091 792 2134 firmiter
828 2091 1056 2145 promimus
1100 2092 1140 2133 et
1174 2091 1311 2133 labore
1347 2090 1522 2133 tolerato
1558 2090 1610 2131 ad

241 2227 263 2260 2
288 2227 325 2261 11
343 2227 418 2263 Cor.
441 2229 493 2269 12,
513 2228 532 2262 7
551 2239 602 2273 sq.
675 2230 696 2263 9
722 2229 787 2264 sir.
806 2229 859 2271 27,
878 2230 909 2264 5.

174 2341 191 2374 1
218 2341 254 2375 111
270 2342 429 2377 aduersis
453 2343 503 2383 G,
528 2343 697 2379 aduersus
721 2345 765 2379 0¹
844 2344 1087 2389 comprobetur
1108 2356 1125 2379 0
1212 2344 1233 2378 ⁶2
1260 2343 1378 2388 inquit
1398 2343 1486 2377 mihi
1509 2343 1542 2377 G

105 2397 127 2432 3
150 2398 346 2444 colaphicct
365 2412 382 2436 υ
467 2402 489 2436 4
506 2401 564 2436 dm
584 2403 613 2437 ()
683 2403 806 2447 rogaui
823 2404 904 2439 'Ws.
920 2403 940 2437 I.
957 2414 999 2437 m.
1015 2405 1041 2437 2
1127 2403 1149 2437 ἵ)
1165 2413 1246 2436 1111111
1264 2402 1381 2435 uirtus
1397 2401 1543 2437 OWGv

106 2457 127 2490 6
151 2457 336 2500 perficetur
359 2459 389 2494 0
460 2460 478 2493 7
507 2462 542 2494 et
560 2460 778 2495 inbecillitas
796 2472 859 2495 om.
882 2462 911 2495 S
990 2462 1012 2495 8
1036 2462 1213 2505 temptata
1231 2460 1261 2493 si
1285 2460 1317 2494 G
1406 2458 1610 2503 persteterit

107 2514 329 2550 coronabitur
351 2516 381 2551 Ο
475 2517 518 2551 13
543 2518 772 2563 conprobant]
793 2519 1020 2553 corroborant
1036 2529 1056 2552 v
1166 2519 1210 2552 14
1235 2517 1325 2552 uiris
1343 2517 1374 2551 S
1464 2533 1497 2551 *ηε
1514 2516 1551 2549 111
1576 2515 1610 2550 G

106 2570 156 2613 (ct
173 2574 280 2617 eras.)
351 2573 444 2608 fluxu
465 2574 494 2609 S
579 2576 622 2610 15
648 2576 792 2610 uulnere
817 2576 846 2611 O
933 2577 975 2610 16
1001 2576 1113 2611 oculis
1137 2575 1166 2610 O
1250 2575 1292 2609 18
1317 2574 1475 2608 morbide
1492 2572 1609 2617 putri-

107 2627 199 2663 dinis
223 2631 252 2665 0
323 2632 366 2665 19
392 2632 528 2667 iactura
547 2633 575 2667 S
657 2636 947 2678 corporumpcntc
971 2635 1015 2669 0¹
1039 2635 1097 2678 (po
1115 2644 1205 2668 eras.
1225 2645 1269 2667 m.
1288 2635 1325 2678 2)
1406 2632 1451 2666 20
1476 2630 1609 2664 obirui-

106 2688 164 2720 tur
181 2687 224 2728 S,
251 2688 464 2724 obstituitur
487 2690 516 2725 O
615 2693 796 2735 asspectus
820 2692 853 2726 G
969 2692 1012 2726 21
1040 2691 1193 2726 uastitas
1217 2691 1261 2732 Ο,
1290 2689 1502 2724 uastationis
1523 2700 1540 2723 v

107 2743 150 2778 22
170 2744 368 2780 inconcussi
388 2759 407 2781 v
471 2748 630 2782 concredi
651 2748 736 2783 OG¹
807 2750 851 2783 23
869 2751 924 2783 est
938 2749 1069 2785 etWG
1132 2749 1169 2782 in
1188 2748 1300 2782 ruinis
1318 2748 1354 2788 S,
1375 2747 1467 2781 inter
1484 2746 1607 2780 ruinas

109 2802 192 2857 (LW
201 2803 254 2838 Gv
323 2805 460 2848 generis
477 2806 622 2840 humani
643 2818 661 2841 υ
744 2806 788 2840 24
813 2809 947 2841 rectum
966 2806 1179 2842 SOWGV.
1205 2807 1360 2839 erectum
1379 2815 1399 2838 v
1470 2814 1548 2848 spes
1565 2813 1611 2837 ex

107 2870 165 2902 sps
187 2861 218 2894 G
237 2872 278 2895 m.
297 2863 322 2895 2
437 2864 481 2897 25
506 2866 541 2897 ct
559 2864 596 2907 S,
615 2875 679 2899 om.
702 2866 730 2898 Ο
742 2865 785 2899 W
792 2864 846 2899 Gv
974 2864 1088 2908 magis
1105 2865 1243 2907 oportet
1263 2874 1280 2897 v
1351 2862 1396 2896 20
1421 2872 1498 2896 cum
1514 2861 1543 2896 S

108 2918 266 2963 firmiter]
286 2919 426 2954 fortiter
446 2931 463 2954 υ
534 2933 730 2965 promemus
755 2922 784 2956 Ο

240 2979 306 3008 111.
1280 2980 1336 3020 20
