1838 3152
243 251 325 291 704
770 247 964 282 Caecilii
990 247 1203 291 Cypriani

242 353 312 405 qui
351 364 397 394 ex
437 351 516 393 fide
558 353 653 393 sunt
692 350 898 392 benedicti
939 352 1035 391 sunt
1078 363 1171 391 cum
1212 351 1324 392 fideli
1365 350 1589 393 Abraham.
1644 352 1749 393 unde

242 422 284 462 in
318 420 532 474 euangelio
563 419 797 461 inuenimus
831 420 879 460 de
910 418 1118 471 lapidibus
1151 420 1320 461 excitari
1351 420 1395 461 id
1425 421 1487 461 est
1528 433 1573 461 ex
1615 421 1751 474 genti-

241 489 318 530 bus
351 488 491 541 colligi
522 487 628 529 filios
660 487 864 529 Abrahae.
904 488 944 528 et
983 500 1077 528 cum
1109 488 1345 529 Zachaeum
1386 489 1575 530 laudaret
1606 489 1751 530 Domi-

242 570 332 607 nus,
377 557 585 609 respondit
625 558 665 598 et
704 556 828 597 dixit:
869 556 1009 597 salus
1056 557 1204 598 hodie
1244 558 1413 598 domui
1452 558 1571 598 huic
1613 558 1753 599 facta

246 627 342 676 est,
376 626 495 679 quia
526 626 685 667 ethic
715 625 870 666 filius
903 625 980 665 est
1012 624 1255 666 Abrahae.
1296 626 1343 666 ut
1383 637 1477 680 ergo
1517 626 1560 667 in
1600 625 1774 668 Genesi5

240 708 312 749 per
342 695 641 736 Melchisedech
673 694 925 735 sacerdotem
956 694 1185 735 benedictio
1218 694 1326 735 circa
1363 694 1574 735 Abraham
1614 696 1750 747 posset

244 765 322 805 rite
355 764 572 813 celebrari,
614 762 822 815 praecedit
854 764 949 804 ante
981 762 1119 816 imago
1152 763 1342 822 sacrificii
1374 763 1416 804 in
1448 776 1551 816 pane
1583 764 1624 804 et
1654 764 1749 805 uino

244 834 404 875 scilicet
435 833 679 874 constituta:
713 844 837 884 quam
866 844 949 873 rem
984 832 1197 885 perficiens
1229 833 1269 873 et
1299 832 1528 884 adimplens
1550 832 1752 873 Dominus

242 915 389 955 panem
412 903 452 943 et
474 901 642 943 calicem
664 901 843 942 mixtum
864 901 959 942 uino
983 901 1150 954 optulit,
1175 901 1215 942 et
1237 901 1307 953 qui
1331 901 1626 953 estplenitudo
1643 900 1753 941 ueri-

245 973 376 1012 tatem
397 971 695 1024 praefiguratae
717 970 913 1024 imaginis
936 970 1195 1022 adimpleuit.
1766 984 1802 1008 10

208 1044 230 1083 5
303 1039 380 1080 Sed
404 1040 445 1080 et
466 1052 538 1091 per
560 1039 821 1080 Salomonem
845 1038 1016 1091 spiritus
1039 1039 1203 1079 sanctus
1227 1039 1374 1092 typum
1397 1037 1594 1079 dominici
1627 1037 1754 1078 sacri-

245 1108 328 1150 ficii
351 1109 444 1150 ante
466 1109 780 1161 praemonstrat,
803 1107 1044 1148 immolatae
1065 1107 1225 1148 hostiae
1247 1109 1287 1147 et
1308 1107 1427 1160 panis
1450 1108 1490 1148 et
1512 1107 1599 1148 uini
1622 1106 1692 1147 sed
1714 1106 1755 1147 et

245 1177 390 1219 altaris
419 1177 459 1218 et
489 1177 769 1230 apostolorum
799 1175 952 1217 faciens
981 1176 1246 1217 mentionem.
1280 1175 1566 1228 sapientia,
1599 1175 1748 1228 inquit,

246 1246 558 1288 aedificauit
607 1245 805 1286 domum
852 1244 1188 1286 et‘subdidit
1235 1245 1498 1285 columnas
1548 1245 1753 1296 septem.

248 1315 510 1357 mactauit
555 1326 671 1356 suas
717 1313 937 1362 hostias,
984 1314 1197 1355 miscuit
1243 1313 1292 1354 in
1332 1313 1537 1354 cratera
1575 1313 1801 1354 uinum1⁵

248 1396 393 1425 suum
434 1385 482 1425 et
521 1383 737 1436 parauit
776 1395 917 1424 suam
956 1393 1194 1423 mensam.
1237 1383 1289 1423 et
1328 1382 1474 1423 misit
1507 1393 1624 1423 suos
1657 1393 1757 1422 ser-

247 1466 357 1504 uos,
397 1464 683 1495 conuocans
724 1465 833 1493 cum
874 1451 1077 1493 excelsa
1115 1451 1515 1504 praedicatione
1562 1450 1620 1491 ad
1652 1463 1757 1491 cra-

247 1524 410 1564 terem
444 1522 642 1564 dicens:
683 1521 768 1574 qui
801 1522 880 1562 est
920 1520 1181 1573 insipiens
1221 1520 1446 1562 declinet
1486 1520 1544 1561 ad
1583 1533 1668 1561 me.
1710 1521 1758 1561 et

250 1592 531 1647 egentibus
563 1603 713 1632 sensu
746 1590 902 1631 dixit:
935 1590 1114 1631 uenite
1148 1591 1196 1631 et
1227 1589 1365 1630 edite
1410 1589 1466 1630 de
1507 1589 1634 1630 meis
1676 1601 1757 1641 pa-

248 1661 399 1702 nibus
446 1662 498 1702 et
542 1659 716 1701 bibite
763 1659 937 1700 uinum
984 1659 1118 1711 quod
1163 1658 1352 1700 miscui
1395 1658 1557 1699 uobis.
1606 1658 1811 1698 uinumw

247 1730 426 1772 mixtum
459 1729 659 1778 declarat,
701 1728 744 1769 id
776 1729 858 1777 est,
899 1727 1069 1768 calicem
1101 1727 1269 1769 Domini
1313 1740 1419 1780 aqua
1451 1728 1491 1768 et
1523 1726 1618 1767 uino
1650 1727 1757 1768 mix-

247 1801 337 1840 tum
369 1799 607 1852 prophetica
631 1809 729 1838 uoce
750 1796 1034 1850 praenuntiat,
1068 1797 1115 1837 ut
1137 1796 1327 1849 adpareat
1349 1797 1392 1837 in
1412 1796 1599 1848 passione
1623 1795 1755 1836 domi-

246 1869 338 1910 nica
359 1869 402 1909 id
434 1880 520 1909 esse
552 1868 716 1922 gestum
749 1866 856 1919 quod
888 1866 1022 1907 fuerat
1053 1867 1147 1907 ante
1178 1866 1448 1919 praedictum.

384 2028 403 2062 1
431 2027 473 2062 cf.
500 2027 631 2062 Matth.
659 2027 690 2065 3,
718 2027 748 2061 9.
844 2027 866 2061 4
891 2026 973 2061 Luc.
1002 2027 1055 2068 19,
1081 2027 1112 2061 9.
1209 2026 1251 2059 13
1279 2026 1380 2059 Prou.
1409 2026 1440 2065 9,
1468 2026 1566 2060 1—5.

317 2179 332 2212 1
350 2177 529 2212 benedicti
547 2177 641 2221 sunt]
656 2176 905 2211 benedicentur
921 2177 956 2211 R
1028 2177 1049 2210 2
1064 2176 1217 2210 excitare
1238 2176 1267 2210 ζ)
1337 2186 1377 2209 ex
1396 2175 1430 2216 S,
1451 2175 1492 2209 de
1509 2174 1712 2219 LOPQRv

244 2237 266 2270 3
284 2235 413 2280 collegi
437 2236 465 2270 O
597 2235 789 2268 abrahame
809 2234 837 2268 S
964 2234 1012 2278 et]
1032 2244 1113 2267 nam
1132 2234 1166 2268 R
1299 2233 1483 2267 zaccheum
1503 2232 1715 2277 LOPQRS

245 2294 266 2327 6
283 2294 397 2338 possit
415 2293 444 2337 Q
539 2294 557 2327 7
573 2292 660 2326 ricte
676 2293 735 2326 M·
749 2284 793 2337 Q¹
820 2292 903 2336 (rite
917 2292 980 2325 ΙΙΙ2
993 2291 1059 2335 ῼἿ)
1155 2291 1330 2325 celebrare
1346 2291 1380 2324 P
1472 2291 1590 2334 imago
1608 2290 1665 2323 dci
1684 2289 1713 2334 Q

246 2352 426 2396 sacrificii]
443 2352 569 2386 christi
583 2351 666 2385 add.
685 2363 704 2386 v
797 2362 923 2395 panem
941 2350 970 2395 Q
1063 2350 1084 2383 8
1099 2350 1235 2384 scilicet
1249 2351 1284 2383 et
1300 2350 1332 2383 L
1427 2349 1661 2383 constitutam
1683 2348 1712 2392 Q

246 2420 349 2454 quem
365 2410 413 2444 P¹
576 2410 596 2443 9
614 2409 780 2442 ueritatis
800 2409 991 2442 ueritatem
1005 2420 1026 2443 v
1181 2407 1225 2441 10
1243 2407 1403 2451 adpleuit
1418 2407 1453 2441 R
1607 2406 1648 2439 11
1668 2406 1758 2439 solo-

246 2477 383 2501 monem
402 2466 503 2512 PQS
687 2466 851 2500 sacrificii
880 2470 967 2500 ante
997 2465 1167 2499 dominici
1188 2465 1217 2498 S
1237 2475 1264 2498 s.
1284 2465 1305 2498 Z.
1324 2475 1368 2498 m.
1387 2467 1410 2499 2
1598 2463 1641 2496 12
1658 2473 1757 2506 prae-

246 2525 398 2558 mostrat
417 2524 452 2565 S,
482 2525 768 2568 praemonstrans
793 2535 814 2558 v
999 2523 1225 2556 timmolatae
1253 2522 1281 2556 S
1466 2521 1511 2555 13
1535 2521 1643 2554 facies
1664 2520 1704 2554 S¹

248 2582 290 2615 15
309 2584 440 2616 cratere
461 2583 503 2624 P,
522 2583 695 2616 crateram
719 2581 748 2626 Q
866 2582 908 2614 16
926 2591 1084 2615 mensam
1103 2591 1202 2614 suam
1222 2592 1241 2614 v
1359 2581 1394 2613 et
1414 2590 1477 2613 om.
1501 2578 1529 2612 S
1637 2587 1757 2611 seruos

247 2650 326 2673 suos
350 2639 417 2674 ΟΒ
588 2640 630 2673 18
649 2640 727 2683 quis
746 2639 794 2672 M
808 2639 883 2682 (qui
907 2638 948 2683 Q)
1130 2639 1172 2671 19
1191 2637 1390 2682 egentibus]
1410 2635 1659 2679 indigentibus
1678 2635 1712 2668 R

247 2707 351 2730 censu
370 2697 405 2732 R
590 2698 625 2730 et
643 2696 751 2740 edite]
772 2696 889 2729 aedite
913 2699 952 2735 (J,
971 2695 1066 2729 edite
1086 2695 1212 2739 LPQJJ
1399 2695 1442 2728 21
1463 2693 1665 2727 declar-*at*
1686 2692 1715 2726 S

246 2754 408 2798 calicem]
429 2754 638 2799 sanguinem
658 2754 693 2788 R
867 2742 1002 2788 dfisz¹
1184 2763 1311 2797 aquam
1337 2752 1365 2787 O
1541 2753 1576 2784 et
1594 2761 1659 2784 om.
1685 2749 1713 2784 Ο

247 2811 359 2845 mixto
378 2811 406 2846 S
513 2812 558 2846 22
575 2811 751 2856 profetica
774 2810 945 2854 OPQRS
1036 2810 1294 2854 praenuntians
1313 2809 1411 2850 RSv,
1435 2808 1624 2842 denuntiat
1642 2807 1715 2841 LP

248 2871 396 2913 apparet
415 2868 445 2903 S
582 2869 629 2904 23
647 2868 863 2912 praedicium
883 2868 919 2902 R
