1838 3152
193 221 275 264 526
716 216 914 251 Caecilii
946 215 1170 260 Cypriani

192 322 333 363 libello
374 334 396 363 a
433 320 686 374 martyribus
727 320 891 372 accepto
930 319 1133 361 inuidiam
1173 318 1342 369 faciunt,
1386 319 1577 372 quoniam
1618 332 1697 361 non

193 402 415 444 paucorum
453 401 524 430 nec
564 389 755 430 ecclesiae
794 389 914 429 unius
945 389 1017 429 aut
1050 387 1171 428 unius
1201 387 1435 440 prouinciae
1466 389 1536 429 sed
1568 389 1696 430 totius

194 459 302 500 orbis
343 459 442 500 haec
484 470 606 499 causa-
648 458 722 507 est,
766 456 977 509 expectent
1019 456 1110 497 ante
1153 455 1201 496 de
1238 455 1407 496 Domini
1447 457 1697 509 protectione

194 528 387 569 ecclesiae
428 528 556 580 ipsius
596 526 808 580 publicam
846 537 999 579 pacem.
1042 524 1118 566 hoc
1149 525 1258 565 enim
1289 526 1330 566 et
1360 525 1626 567 uerecundiae
1657 526 1698 567 et

199 595 438 650 disciplinae
471 596 509 637 et
541 595 652 636 uit-ae
690 594 770 648 ipsi
809 594 994 636 omnium
1032 594 1219 634 nostrum
1257 593 1458 644 conuenit,
1497 596 1543 634 ut
1580 607 1726 647 prae-5

194 665 320 717 positi
357 677 449 706 cum
480 665 585 706 clero
617 663 902 706 conuenientes
933 663 1146 715 praesente
1176 662 1302 703 etiam
1333 662 1536 703 stantium
1567 662 1697 714 plebe,

193 733 344 785 quibus
383 734 424 774 et
463 733 563 786 ipsis
603 744 674 786 pro
715 731 795 772 fide
835 731 875 772 et
905 731 1054 772 timore
1095 741 1167 771 suo
1206 730 1333 771 honor
1372 729 1582 771 habendus
1624 731 1697 781 est,

193 801 405 855 disponere
426 801 563 843 omnia
593 800 753 842 consilii
784 799 1011 841 communis
1042 799 1240 851 religione
1270 798 1486 852 possimus.
1520 801 1699 839 ceterum

193 882 318 922 quam
338 870 623 923 inreligiosum
646 870 708 910 est
730 869 770 910 et
791 868 893 922 ipsis
915 879 1073 921 quoque
1102 867 1394 908 festinantibus
1425 866 1697 920 perniciosum

193 938 240 979 ut
271 950 365 979 cum
405 939 582 979 extorres
623 937 723 979 facti
754 937 795 978 et
826 936 960 989 patria
997 936 1107 989 pulsi
1145 949 1191 977 ac
1229 935 1346 977 bonis
1385 935 1470 976 suis
1509 935 1697 976 omnibus
1713 949 1745 973 10

196 1006 363 1058 spoliati
389 1007 571 1048 nondum
603 1006 654 1048 ad
685 1005 900 1047 ecclesiam
930 1005 1140 1055 redierint,
1174 1004 1342 1057 quidam
1371 1004 1420 1045 de
1448 1003 1575 1057 lapsis
1608 1015 1701 1045 con-

195 1074 368 1116 fessores
398 1074 508 1129 ipsos
539 1074 779 1129 praeuenire
802 1074 843 1115 et
864 1074 957 1115 ante
980 1074 1031 1115 ad
1053 1073 1270 1115 ecclesiam
1292 1073 1460 1114 introire
1489 1072 1698 1114 festinent.

195 1143 266 1196 qui
296 1143 331 1185 si
359 1143 536 1184 nimium
565 1144 795 1196 properant,
826 1142 980 1184 habent
1010 1142 1052 1183 in
1084 1154 1157 1184 sua
1187 1142 1392 1196 potestate
1423 1142 1529 1194 quod
1558 1142 1701 1194 postu-

195 1212 284 1253 lant
324 1213 506 1265 tempore
547 1212 635 1265 ipso
677 1212 758 1253 sibi
794 1212 888 1266 plus
929 1224 1053 1264 quam
1092 1211 1199 1264 quod
1237 1199 1448 1265 postulant
1486 1210 1698 1264 largiente.

195 1281 301 1322 acies
323 1281 454 1322 adhuc
475 1281 632 1336 geritur
654 1281 694 1322 et
716 1292 820 1335 agon
851 1280 1001 1322 cotidie
1032 1279 1276 1321 celebratur.
1309 1279 1343 1319 si
1366 1278 1575 1320 commissi
1605 1290 1700 1320 uere
1715 1294 1747 1318 15

194 1350 235 1390 et
265 1349 439 1391 firmiter
476 1349 685 1402 paenitent
717 1350 757 1391 et
788 1348 883 1390 fidei
923 1348 1031 1390 calor
1067 1347 1290 1401 praeualet,
1330 1347 1400 1400 qui
1433 1346 1588 1388 differri
1619 1360 1698 1388 non

196 1419 332 1472 potest
362 1419 499 1472 potest
530 1418 726 1460 coronari.
760 1419 854 1471 opto
876 1429 961 1468 uos,
994 1417 1140 1458 fratres
1172 1416 1388 1467 carissimi,
1421 1428 1581 1469 semper
1600 1416 1701 1458 bene

195 1487 330 1528 ualere
353 1488 393 1528 et
414 1486 544 1528 nostri
565 1487 813 1535 meminisse,
847 1486 1151 1528 fraternitatem
1173 1485 1405 1527 uniuersam
1428 1496 1518 1526 meo
1539 1484 1701 1527 nomine

194 1556 376 1598 salutate
408 1557 449 1597 et
479 1557 526 1598 ut
557 1556 688 1597 nostri
717 1568 918 1598 memores
950 1555 1033 1597 sint
1064 1555 1290 1596 admonete.
1323 1554 1470 1596 ualete.

264 1753 285 1786 3
311 1754 392 1786 ante
418 1762 482 1786 om.
502 1762 523 1786 v
632 1750 673 1784 de
699 1761 764 1785 om.
783 1750 904 1785 ΕΤοω
1013 1739 1099 1784 dffifi
1115 1750 1175 1783 M¹
1191 1748 1283 1794 Q¹T
1305 1738 1461 1794 (thQae
1488 1739 1655 1794 ᾶῖΓὸΆΡ)

194 1810 426 1855 protectione]
453 1810 596 1853 reliqua
613 1819 677 1843 om.
701 1808 739 1853 Q,
765 1809 806 1842 in
822 1819 892 1852 quo
914 1809 1079 1852 sequitur
1103 1807 1276 1843 continuo
1300 1807 1453 1851 legimus
1479 1809 1620 1842 litteras
1638 1812 1702 1843 etc.

197 1878 289 1911 quae
306 1870 391 1901 sunt
411 1867 588 1910 epistulae
606 1869 661 1900 70.
755 1865 778 1900 4
794 1865 1009 1900 uerecundae
1023 1866 1063 1899 E
1152 1867 1173 1901 5
1191 1853 1295 1901 nffiu
1313 1865 1362 1899 M
1460 1866 1624 1901 conuenit
1644 1893 1650 1898 .
1667 1892 1673 1898 .
1689 1892 1696 1899 .

196 1924 290 1959 clero
315 1934 379 1958 om.
407 1923 540 1958 EMom
648 1923 669 1957 6
693 1922 794 1967 plebe
819 1923 993 1956 stantium
1019 1933 1038 1957 o
1148 1923 1167 1957 7
1194 1924 1259 1968 est]
1287 1925 1323 1958 et
1345 1925 1378 1959 T
1483 1924 1504 1958 8
1529 1923 1704 1958 communi

197 1982 348 2016 EMo¹w
441 1981 461 2015 9
488 1991 593 2024 quain
617 1991 681 2014 om.
705 1981 738 2014 T
829 1980 871 2014 11
896 1979 1075 2014 redierunt
1096 1982 1141 2015 Τ1
1242 1981 1285 2015 12
1311 1981 1407 2026 ante]
1434 1982 1515 2015 ante
1534 1992 1589 2015 eos
1608 1991 1656 2014 mv

197 2039 241 2072 13
267 2038 329 2082 (1111
354 2038 385 2071 si
409 2038 561 2071 nimium
668 2037 689 2071 l.
717 2039 762 2071 17
794 2038 912 2081 potest
944 2037 1102 2071 coronari
1134 2037 1259 2081 adfert
1289 2039 1499 2083 Cyprianus
1531 2039 1632 2082 epist.
1659 2040 1705 2073 55

197 2106 225 2129 e.
245 2097 268 2129 3
361 2095 548 2129 minimum
566 2105 585 2129 ο
680 2094 837 2128 habeant
855 2094 894 2128 E
899 2095 964 2128 ¹M
967 2096 1025 2129 Τω
1120 2095 1164 2130 14
1187 2097 1342 2140 tempore
1363 2121 1369 2127 .
1387 2122 1392 2127 .
1408 2123 1414 2129 .
1434 2096 1620 2140 postulant
1638 2106 1703 2130 om.

197 2153 331 2187 ΕΜοω
425 2163 531 2196 quam
556 2151 649 2196 quod
670 2152 702 2187 T
724 2155 757 2186 et
780 2152 887 2196 Cypr.
913 2152 935 2186 Ζ.
960 2162 999 2194 c.,
1027 2163 1132 2197 quam
1156 2164 1177 2188 v
1270 2153 1465 2197 largienter
1490 2153 1575 2188 ΕΜ
1580 2155 1659 2188 Tou>

199 2210 241 2244 15
267 2209 445 2244 commisci
467 2210 499 2244 Τ
628 2209 672 2243 16
696 2209 888 2243 infirmiter
917 2210 950 2245 T
1077 2210 1236 2255 poenitet
1260 2221 1280 2246 z·
1406 2211 1603 2255 praeualet]
1629 2222 1706 2256 per-

194 2269 318 2301 manet
344 2280 370 2300 ω
480 2266 597 2301 differi
627 2268 660 2302 T
764 2278 833 2301 non
859 2278 922 2302 om.
950 2278 970 2302 0
1080 2269 1123 2302 17
1148 2268 1236 2302 bene
1262 2279 1397 2313 semper
1423 2282 1449 2302 ω
1559 2269 1601 2303 18
1626 2269 1705 2303 uni-

200 2335 304 2358 uersa
329 2325 377 2358 M
468 2326 559 2370 meo]
586 2336 624 2359 eo
654 2326 686 2360 T
778 2325 821 2359 19
844 2326 959 2359 salute
984 2325 1032 2360 M
1039 2327 1047 2347 ¹
1145 2337 1277 2360 memor
1302 2326 1392 2361 MT.
1419 2346 1461 2351 —
1479 2326 1644 2370 Epistula
1668 2326 1706 2360 in

199 2392 269 2426 qua
303 2381 467 2416 rescribit
493 2382 689 2426 (rescripsit
718 2383 762 2426 T)
790 2383 879 2416 clero
905 2383 946 2417 de
971 2382 1028 2416 his
1055 2383 1120 2427 (eis
1151 2384 1195 2426 Τ)
1221 2385 1281 2427 (1111
1308 2383 1353 2417 ad
1376 2394 1497 2428 pacem
1531 2383 1706 2418 festinant

197 2439 344 2483 explicit
369 2440 509 2475 EMTo
533 2441 605 2475 nisi
628 2440 723 2485 quod
749 2440 896 2485 explicit
915 2441 1123 2485 praemittit
1148 2451 1178 2482 o,
1206 2452 1269 2476 om.
1299 2454 1335 2475 ω.
1363 2461 1406 2466 -
