1912 3152
689 225 751 261 Ad
775 226 993 261 Donatum
1017 236 1045 262 c.
1071 225 1178 265 5—8.
1597 228 1623 271 9

115 343 208 373 rum
242 329 370 372 moles
391 329 559 372 robusta
591 329 845 385 pinguescit,
877 331 925 372 ut
961 330 1173 385 saginatus
1209 329 1251 372 in
1286 342 1458 385 poenam
1486 329 1620 372 carius

114 399 265 454 pereat.
297 398 418 440 homo
438 398 638 441 occiditur
659 399 702 440 in
722 398 900 440 hominis
922 398 1201 452 uoluptatem,
1233 399 1275 441 et
1302 400 1349 441 ut
1377 399 1468 453 quis
1488 399 1620 453 possit

116 468 314 519 occidere,
344 468 494 521 peritia
514 469 594 519 est,
627 480 725 510 usus
747 469 830 520 est,
862 481 926 510 ars
948 469 1030 510 est:
1062 468 1194 511 scelus
1223 480 1302 511 non
1323 470 1487 510 tantum
1508 467 1618 523 geri-

116 538 185 579 tur
215 537 285 578 sed
320 536 498 579 docetur.
530 536 628 590 quid
655 538 793 591 potest
828 537 1117 588 inhumanius,
1149 537 1249 590 quid
1287 537 1472 579 acerbius
1509 536 1620 578 dici?

89 620 103 645 5
119 605 336 660 disciplina
356 606 438 656 est,
470 606 517 647 ut
538 605 737 659 perimere
758 606 850 659 quis
870 605 1020 659 possit,
1052 606 1094 648 et
1114 606 1245 660 gloria
1267 607 1352 657 est,
1385 605 1492 659 quod
1512 605 1621 658 peri-

118 674 210 716 mit.
243 673 342 727 quid
377 673 502 725 illud,
536 675 685 725 orote,
718 674 838 727 quale
868 674 949 724 est,
981 674 1052 716 ubi
1087 687 1129 716 se
1162 674 1258 716 feris
1286 673 1490 724 obiciunt,
1523 684 1624 727 quos

119 754 236 784 nemo
258 741 492 793 damnauit,
524 743 659 785 aetate
680 742 858 797 integra,
890 742 1060 785 honesta
1087 743 1188 785 satis
1216 743 1366 794 forma,
1398 743 1512 785 ueste
1532 754 1626 796 pre-

119 811 254 852 tiosa?
284 810 472 853 uiuentes
501 811 543 853 in
571 811 803 853 ultroneum
832 812 953 853 funus
984 812 1202 862 ornantur,
1234 810 1356 853 malis
1378 811 1462 853 suis
1483 810 1626 853 miseri

121 880 162 921 et
182 879 424 934 gloriantur.
457 881 643 934 pugnant
664 880 715 921 ad
736 880 889 922 bestias
920 892 1000 922 non
1029 880 1198 922 crimine
1230 880 1301 922 sed
1329 879 1477 922 furore.
1509 891 1624 933 spec-

75 963 107 988 10
121 950 212 990 tant
240 948 346 990 filios
380 960 472 990 suos
499 950 657 1002 patres,
689 948 815 991 frater
845 949 887 991 in
925 961 1048 991 cauea
1079 950 1120 990 et
1148 960 1260 990 soror
1287 949 1448 1002 praesto
1469 949 1555 999 est,
1588 950 1628 990 et

123 1017 346 1071 spectaculi
368 1017 465 1059 licet
484 1018 664 1071 pretium
684 1018 837 1072 largior
858 1018 1037 1059 muneris
1059 1017 1281 1071 adparatus
1302 1016 1548 1071 amplificet,
1580 1018 1628 1058 ut

123 1086 375 1127 maeroribus
397 1086 481 1128 suis
502 1087 634 1128 mater
654 1086 838 1137 intersit,
871 1086 947 1128 hoc
982 1097 1054 1140 pro
1086 1086 1200 1127 dolor
1227 1086 1361 1128 mater
1382 1086 1423 1128 et
1443 1085 1625 1127 redimit.

124 1154 166 1197 et
196 1154 237 1195 in
268 1155 356 1196 tam
386 1154 526 1208 impiis
565 1155 808 1208 spectaculis
850 1155 1019 1208 tamque
1049 1154 1150 1196 diris
1182 1166 1268 1196 esse
1299 1166 1341 1196 se
1371 1165 1450 1195 non
1481 1154 1630 1208 putant

127 1223 255 1265 oculis
276 1222 513 1277 parricidas.

80 1308 110 1333 15
184 1291 380 1334 Conuerte
408 1292 503 1334 hinc
531 1292 673 1335 uultus
701 1292 753 1334 ad
783 1292 936 1334 diuersi
963 1291 1184 1346 spectaculi
1214 1303 1294 1334 non
1323 1291 1460 1333 minus
1490 1289 1631 1344 paeni·
1648 1299 1670 1339 8

126 1362 247 1404 tenda
267 1361 476 1416 contagia:
508 1362 550 1403 in
570 1362 743 1404 theatris
765 1374 923 1415 quoque
945 1361 1187 1415 conspicies,
1211 1361 1318 1415 quod
1338 1360 1418 1402 tibi
1439 1361 1481 1402 et
1501 1359 1631 1401 dolori

128 1430 183 1472 sit
218 1431 258 1472 et
295 1430 452 1484 pudori.
486 1430 706 1472 cothurnus
744 1431 806 1473 est
834 1430 1038 1483 tragicus,
1070 1430 1205 1484 prisca
1244 1430 1422 1472 carmine
1453 1428 1633 1471 facinora

127 1511 352 1541 recensere:
385 1499 434 1540 de
454 1498 687 1552 parricidiis
719 1500 759 1541 et
789 1499 957 1541 incestis
985 1499 1128 1541 horror
1158 1498 1352 1552 antiquus
1374 1509 1560 1551 expressa
1581 1496 1633 1538 ad

126 1568 351 1623 imaginem
372 1569 560 1610 ueritatis
582 1570 741 1612 actione
762 1569 1010 1623 replicatur,
1042 1581 1093 1611 ne
1121 1569 1295 1611 saeculis
1324 1567 1634 1611 transeuntibus

81 1649 114 1674 20
128 1638 326 1679 exolescat
347 1638 454 1690 quod
481 1637 698 1691 aliquando
721 1638 988 1680 commissum
1007 1638 1080 1680 est.
1104 1637 1347 1680 admonetur
1368 1637 1481 1679 aetas
1502 1635 1636 1678 omnis

127 1706 271 1748 auditu
311 1705 399 1748 fieri
437 1719 554 1761 posse
585 1707 692 1760 quod
724 1706 881 1749 factum
920 1707 992 1748 est.
1033 1719 1260 1760 numquam
1297 1705 1388 1748 aeui
1420 1705 1530 1748 senio
1567 1704 1639 1746 de-

126 1774 227 1817 licta
262 1775 512 1826 moriuntur,
544 1789 772 1830 numquam
792 1775 1048 1830 temporibus
1086 1775 1242 1818 crimen
1277 1774 1484 1825 obruitur,
1516 1787 1637 1816 num-

129 1938 170 1969 ut
187 1933 258 1968 tori
275 1937 309 1969 et
325 1935 470 1970 aruinae
487 1935 563 1970 sint
589 1936 753 1980 corporis
780 1935 1039 1981 91adiatorum,
1057 1944 1134 1970 ‘non
1147 1933 1228 1970 cibi'
1251 1933 1464 1969 Gronouius
1477 1932 1638 1968 Diatrib.

128 1992 169 2026 in
188 1992 301 2027 Statii
318 1992 408 2027 Situ.
423 2004 461 2037 p.
482 1994 564 2028 257.
583 1993 638 2028 ed.
662 1993 798 2037 Hand)

200 2061 219 2096 1
248 2061 375 2105 sangui
392 2063 496 2096 natus
522 2062 572 2097 W
653 2072 765 2107 poena
783 2063 818 2097 P
901 2062 924 2096 2
948 2061 1174 2096 uoluntatem
1198 2060 1249 2095 W
1330 2059 1354 2096 3
1377 2060 1495 2105 perita
1512 2059 1562 2094 P¹

129 2118 240 2153 scelos
259 2119 308 2153 P·
400 2119 426 2155 4
451 2118 511 2153 sed
528 2121 565 2154 ct
582 2130 602 2154 v
687 2120 891 2154 inumanius
909 2120 945 2154 P
1029 2119 1190 2154 aceruius
1221 2118 1319 2153 WP¹
1412 2118 1436 2155 5
1461 2126 1639 2162 peremere

136 2176 274 2217 W'¹P¹,
292 2176 545 2221 perhimereM
602 2178 752 2222 peremit
767 2178 887 2212 W¹P¹
910 2187 948 2218 r,
972 2177 1123 2221 perimet
1138 2175 1187 2210 M
1195 2176 1201 2195 ¹
1276 2175 1299 2212 6
1324 2185 1384 2210 oro
1400 2176 1436 2209 te
1453 2184 1517 2209 om.
1538 2174 1574 2208 P

129 2232 188 2267 hic
205 2232 266 2267 ubi
291 2234 373 2268 WB
458 2234 477 2268 7
503 2234 750 2269 condemnauit
773 2234 817 2269 ad
848 2234 984 2269 bestias
1002 2245 1022 2269 r
1107 2233 1131 2270 8
1157 2233 1263 2268 funus
1282 2243 1327 2267 ex
1343 2232 1417 2267 fms
1435 2232 1471 2266 P
1485 2242 1528 2266 m.
1548 2232 1574 2265 2

130 2290 152 2327 9
172 2292 209 2324 et
225 2301 289 2325 om.
306 2302 327 2326 v
396 2291 541 2326 crimine
559 2291 618 2326 scd
635 2292 807 2326 furoreM
814 2293 821 2311 ¹
894 2291 943 2328 10
968 2291 1078 2326 frater
1095 2301 1139 2325 ex
1155 2290 1304 2324 fratrem
1317 2289 1366 2323 M
1377 2300 1421 2323 m.
1440 2289 1466 2322 2
1536 2297 1643 2322 cauea

130 2349 184 2381 est
200 2358 221 2382 υ
308 2348 354 2384 11
381 2349 560 2393 praecium
578 2350 613 2384 P
697 2349 894 2394 amplificat
911 2349 962 2390 P,
989 2347 1194 2393 amplefecit
1211 2347 1273 2382 M·
1371 2345 1420 2382 12
1445 2344 1643 2380 meroribus

140 2405 270 2439 WPM
361 2408 397 2440 et
413 2406 462 2440 M
473 2417 499 2441 8.
519 2407 539 2441 l.
557 2417 601 2441 m.
621 2408 646 2441 2
716 2406 867 2441 redemit
885 2407 941 2441 Pr
1012 2406 1059 2442 13
1084 2404 1123 2439 in
1141 2404 1195 2439 M.
1215 2414 1241 2439 8.
1262 2404 1283 2438 l.
1303 2415 1346 2438 m.
1366 2404 1391 2438 2
1473 2404 1643 2446 tanquam

131 2459 281 2496 diuersis
297 2472 317 2496 r
387 2462 476 2497 diris
493 2465 530 2498 et
546 2463 696 2498 funestis
714 2475 735 2499 v
806 2463 854 2500 14
877 2463 969 2498 oculi
986 2473 1007 2498 v
1081 2463 1129 2502 15
1154 2461 1278 2496 uultus
1294 2462 1375 2495 tuos
1394 2459 1514 2495 PMB
1583 2456 1643 2502 ad]

134 2527 172 2551 a*
191 2518 235 2552 M
318 2519 469 2554 diuersis
487 2521 696 2565 spectaculis
715 2521 768 2562 M,
795 2521 940 2555 diuersa
953 2519 1155 2565 spectacula
1169 2520 1219 2554 Ρι
1300 2518 1348 2555 16
1368 2516 1460 2562 quod
1473 2526 1553 2560 sup.
1568 2525 1640 2550 ras.

134 2575 170 2609 P
184 2586 227 2609 m.
246 2577 272 2610 2
350 2576 395 2612 17
421 2579 592 2612 coturnus
616 2578 698 2613 WB
788 2580 843 2612 est
860 2578 907 2612 M
920 2588 946 2612 s.
966 2578 988 2612 l.
1007 2588 1052 2612 m.
1069 2579 1095 2611 2
1181 2575 1336 2611 carmine
1354 2574 1512 2609 facinora
1534 2573 1644 2614 WB¹‚

134 2631 290 2666 facinora
326 2634 480 2668 carmine
513 2646 548 2675 v,
591 2635 788 2669 carminum
827 2635 986 2669 facinora
1016 2634 1167 2676 PMB²;
1208 2634 1277 2676 cfr.
1314 2631 1477 2667 Gronou.
1508 2630 1644 2665 obseru.

130 2699 168 2733 p.
186 2691 274 2731 569;
293 2691 446 2725 carmine
462 2692 547 2734 fort.
567 2692 762 2727 delendum
835 2692 883 2728 18
916 2694 952 2726 ct
969 2691 1011 2726 de
1034 2691 1084 2726 W
1144 2689 1333 2735 parricidis
1354 2688 1444 2723 lV¹r
1506 2685 1645 2731 horror]

135 2755 230 2779 error
247 2747 375 2781 maluit
399 2747 609 2783 Gronouius
633 2749 654 2784 l.
674 2760 701 2784 c.
774 2749 944 2793 antiquus
962 2759 1007 2783 ex
1025 2748 1145 2783 antius
1164 2748 1200 2783 P
1215 2759 1258 2781 m.
1277 2748 1303 2781 2
1383 2744 1430 2782 19
1457 2755 1500 2778 ne
1518 2754 1562 2778 ea:
1578 2752 1642 2777 nec

134 2803 181 2837 M
196 2814 237 2837 m·
257 2805 283 2837 2
353 2804 405 2841 20
427 2806 620 2840 exsolescat
644 2807 726 2842 WB
795 2806 845 2843 22
872 2816 1064 2850 numquam
1091 2804 1308 2850 temporibus
1333 2802 1379 2838 ab
1395 2802 1451 2837 his
1467 2801 1599 2845 incipit
1617 2799 1648 2836 S
