1838 3152
589 219 800 264 Epistula
832 218 1089 254 XII—XIII.
1115 231 1142 255 c.
1169 222 1200 255 3.
1557 224 1642 266 505

140 326 312 380 oportet,
355 326 453 366 tunc
491 323 534 364 in
564 323 714 377 gaudio
754 322 962 365 communi
1003 323 1133 365 maior
1173 326 1235 366 est
1275 325 1453 380 episcopi
1494 327 1640 380 portio.

140 393 333 436 ecclcsiae
371 393 479 433 enim
518 392 650 446 gloria
687 391 909 445 praepositi
948 392 1081 446 gloria
1111 394 1184 433 est.
1217 396 1417 445 quantum
1457 395 1642 438 dolemus

139 475 186 505 ex
207 462 292 503 illis
323 473 423 514 quos
454 462 676 513 tempestas
707 460 874 502 inimica
903 460 1142 513 prostrauit.
1174 462 1338 503 tantum
1370 463 1574 505 laetamur
1595 478 1643 506 ex

138 530 256 573 uobis
287 542 386 583 quos
417 529 603 571 diabolus
635 541 824 581 superare
855 540 934 570 non
964 529 1114 581 potuit.

111 619 126 643 ⁵
195 599 422 640 Hortamur
460 600 597 639 tamen
636 609 706 650 per
736 609 996 639 communem
1028 597 1162 644 fidem.
1203 610 1275 650 per
1305 600 1481 652 pectoris
1512 601 1679 643 nostriz

138 681 278 710 ueram
317 668 425 709 circa
464 679 536 708 uos
567 668 608 708 et
639 666 870 719 simplicem
906 666 1135 716 caritatem,
1174 668 1221 708 ut
1251 667 1321 719 qui
1359 668 1641 711 aduersarium

136 737 270 789 prima
310 736 383 777 hac
422 735 704 790 congressione
740 735 900 776 uicistis
931 734 1108 789 gloriam
1139 736 1320 777 uestram
1351 735 1448 778 forti
1481 739 1521 778 et
1551 750 1640 789 per-

137 805 343 848 seueranti
383 805 539 846 uirtute
578 804 766 845 teneatis·
812 802 943 845 adhuc
975 803 1017 844 in
1048 803 1208 845 saeculo
1240 817 1395 854 sumus,
1436 805 1567 847 adhuc
1598 805 1641 846 in

136 874 222 915 acie
253 873 482 927 constituti,
515 873 565 914 de
586 872 674 914 uita
694 874 833 913 nostra
864 872 1034 914 cottidie
1065 872 1323 914 dimicamus.
1358 872 1491 914 danda
1519 886 1641 927 opera

90 959 124 985 10
137 942 212 991 est,
246 943 292 982 ut
322 943 414 994 post
443 941 541 982 haec
571 940 691 981 initia
721 940 771 981 ad
800 940 1051 981 incrementa
1081 952 1239 993 quoque
1270 941 1461 982 ueniatur
1482 943 1524 983 et
1545 954 1640 983 con-

136 1011 366 1052 summetur
386 1011 429 1051 in
450 1009 567 1051 uobis
589 1009 695 1062 quod
717 1009 801 1051 iam
823 1009 1068 1051 rudimentis
1100 1009 1289 1051 felicibus
1319 1023 1405 1052 esse
1435 1011 1639 1065 coepistis.

134 1091 280 1132 parum
319 1081 381 1120 est
412 1078 584 1132 adipisci
616 1078 773 1131 aliquid
804 1078 998 1132 potuisse.
1038 1079 1132 1132 plus
1164 1080 1226 1120 est
1257 1080 1364 1132 quod
1395 1080 1567 1133 adeptus
1599 1093 1641 1122 es

133 1159 250 1201 posse
295 1160 467 1197 seruare,
513 1147 621 1188 sicut
659 1148 700 1188 et
731 1146 830 1188 fides
878 1146 966 1199 ipsa
1005 1148 1046 1188 et
1076 1147 1275 1189 natiuitas
1322 1148 1516 1190 salutaris
1562 1160 1641 1190 non

133 1219 299 1269 accepta
320 1217 391 1258 sed
420 1215 627 1258 custodita
658 1215 855 1257 uiuificat.
886 1228 959 1257 nec
989 1216 1132 1257 statim
1167 1217 1410 1270 consecuti0‚
1443 1217 1513 1258 sed
1544 1230 1641 1259 con-

90 1302 122 1328 15
137 1285 361 1327 summatio
399 1285 607 1327 hominem
637 1284 723 1326 Deo
763 1284 912 1325 seruat.
944 1283 1146 1325 Dominus
1183 1283 1259 1325 hoc
1298 1285 1535 1339 magisterio
1567 1296 1639 1326 suo

134 1354 273 1395 docuit
304 1354 462 1395 dicens:
501 1365 613 1395 ecce
644 1366 798 1394 sanus
830 1352 1000 1394 factus
1031 1365 1100 1403 es,
1133 1353 1235 1394 iam
1266 1353 1373 1395 noli
1403 1366 1638 1406 peccare,

133 1437 189 1465 ne
228 1423 351 1476 quid
391 1422 491 1464 tibi
531 1422 766 1464 deterius
805 1421 916 1463 fiat.
956 1423 1057 1475 puta
1087 1421 1163 1463 hoc
1194 1422 1317 1463 illum
1348 1424 1389 1464 et
1419 1422 1639 1464 confessori

132 1503 204 1533 suo
235 1491 387 1533 dicere:
420 1503 510 1533 ecce
541 1491 745 1533 confessor
775 1490 909 1532 factus
940 1504 994 1541 es,
1025 1491 1109 1532 iam
1139 1491 1224 1532 noli
1254 1503 1430 1544 peccare,
1462 1505 1512 1532 ne
1540 1491 1639 1544 quid

132 1561 210 1602 tibi
255 1561 435 1603 deterius
465 1560 549 1602 fiat.
602 1559 793 1601 Salomon
837 1560 1011 1613 denique
1059 1561 1100 1601 et
1131 1559 1230 1601 Saul
1269 1562 1310 1601 et
1347 1560 1475 1602 ceteri
1514 1560 1638 1601 multi

85 1645 120 1671 πο
133 1629 329 1683 quamdiu
351 1630 393 1671 in
415 1629 494 1671 uiis
515 1629 681 1671 Domini
701 1641 781 1671 non
809 1629 1141 1678 ambulauerunt‚
1174 1629 1316 1670 datam
1348 1629 1426 1671 sibi
1458 1629 1638 1683 gratiam

132 1700 271 1740 tenere
292 1710 370 1740 non
392 1699 634 1752 potuerunt:
658 1698 870 1740 recedente
887 1698 937 1739 ab
955 1697 1019 1739 his
1041 1697 1260 1752 disciplina
1280 1697 1485 1739 dominica
1505 1710 1637 1739 reces-

131 1767 187 1809 sit
218 1769 259 1809 et
290 1767 437 1822 gratia.

187 1836 538 1878 Perseuerandum
568 1836 685 1878 nobis
717 1837 779 1877 est
809 1836 850 1877 in
872 1837 960 1878 arto
982 1837 1086 1878 etin
1117 1837 1291 1890 angusto
1323 1835 1470 1877 itinere
1501 1835 1674 1879 laudis3

131 1905 173 1945 et
193 1904 359 1959 gloriae,
392 1906 551 1946 etcum
582 1904 697 1957 quies
719 1906 760 1946 et
780 1904 997 1947 humilitas
1028 1906 1069 1947 et
1100 1905 1299 1946 bonorum
1330 1916 1491 1946 morum
1522 1906 1635 1946 tran-

269 2076 311 2110 16
338 2076 387 2110 Io.
413 2076 444 2117 5,
473 2076 524 2110 14.

200 2213 218 2247 1
244 2215 405 2257 oporteat
422 2214 479 2249 Rv
541 2216 619 2248 tum
637 2225 657 2248 v
719 2214 741 2248 2
765 2213 961 2258 praepositi
985 2212 1101 2258 gloria
1118 2224 1184 2249 om.
1203 2214 1314 2249 LNP
1383 2214 1404 2248 3
1429 2214 1482 2258 cx]
1501 2215 1538 2248 ct
1556 2214 1590 2248 L

130 2271 282 2305 letemur
301 2271 335 2305 L
438 2272 461 2306 4
485 2282 571 2316 quos
596 2282 708 2316 super
733 2274 774 2305 ut
795 2271 825 2316 Q
853 2273 952 2316 (quos
970 2272 1030 2314 M)
1133 2271 1295 2306 diabulos
1314 2272 1348 2306 L
1454 2272 1476 2306 5
1500 2272 1633 2316 tamen]

129 2330 249 2363 autem
267 2329 303 2364 R
395 2329 560 2373 pectoris]
586 2329 781 2373 peccatoris
801 2329 834 2363 L
940 2329 959 2362 7
985 2328 1069 2363 haaec
1095 2330 1319 2374 congressinc
1337 2329 1371 2365 R
1473 2332 1632 2364 uestram

130 2389 285 2421 uestram
304 2386 335 2422 S
437 2386 521 2420 forti
546 2387 597 2431 et]
623 2386 768 2420 sortiter
792 2386 835 2421 N
935 2387 957 2420 8
982 2387 1019 2420 in
1044 2386 1131 2431 acie]
1158 2387 1232 2421 acie
1259 2387 1289 2421 S
1389 2388 1411 2422 9
1437 2387 1559 2422 debita
1587 2387 1633 2433 Q*

130 2443 187 2487 (de
212 2444 290 2477 uita
308 2443 418 2489 ΜΨ)
511 2454 617 2489 opera
641 2444 707 2488 est]
734 2454 858 2488 operae
875 2444 910 2479 R
1011 2445 1053 2479 12
1079 2455 1202 2489 parum
1226 2446 1292 2490 est]
1318 2456 1443 2490 parum
1463 2445 1492 2480 S
1583 2445 1633 2490 cs]

130 2502 185 2534 est
204 2501 342 2546 LPQS
447 2501 490 2535 13
516 2502 672 2545 potuisse
698 2501 744 2535 M
767 2505 882 2546 (posse
902 2501 945 2547 Q)
1039 2502 1117 2547 ipsa
1141 2503 1189 2547 et]
1216 2503 1293 2548 ipsa
1318 2494 1338 2537 ἔ
1362 2504 1396 2538 J,
1423 2503 1486 2538 sed
1508 2494 1528 2537 e
1557 2514 1584 2538 s.
1611 2504 1632 2537 l.

129 2569 174 2592 m.
200 2561 223 2592 2
318 2558 361 2592 14
385 2558 597 2603 consecutio]
625 2558 797 2593 constitui
814 2559 861 2593 M
883 2560 1095 2602 (consecutio
1117 2560 1160 2605 Q)
1257 2561 1299 2595 15
1324 2561 1401 2606 hoc]
1429 2561 1521 2595 enim
1541 2561 1575 2596 R

130 2615 171 2648 17
197 2615 278 2659 quit
298 2615 336 2660 Q,
364 2615 523 2660 quitquit
541 2615 570 2650 S
674 2618 761 2660 puto
779 2616 823 2657 R,
850 2616 982 2660 putabo
1001 2618 1045 2652 N
1148 2618 1191 2652 19
1217 2619 1373 2652 solomon
1392 2618 1545 2664 PQR¹S

128 2672 175 2707 20
198 2673 234 2706 in
260 2684 324 2708 om.
346 2673 376 2707 S
451 2684 519 2708 non
544 2684 609 2708 om.
630 2675 687 2710 Ro
765 2675 849 2709 data
866 2674 902 2709 R
993 2676 1035 2710 21
1062 2675 1224 2710 detencrc
1244 2676 1274 2710 S
1350 2687 1418 2711 non
1444 2688 1509 2711 om.
1530 2676 1587 2711 Rr

129 2730 326 2775 recedente]
353 2730 492 2765 recedet
517 2733 553 2765 et
570 2732 615 2773 L,
640 2732 787 2766 recessit
812 2734 848 2767 et
865 2733 909 2768 N
1004 2733 1048 2767 ab
1074 2745 1119 2768 ea:
1144 2733 1188 2768 ad
1206 2733 1240 2768 R
1334 2733 1380 2767 iis
1405 2745 1425 2768 v
1529 2734 1574 2768 22
1598 2735 1634 2768 et

129 2787 267 2832 gratia]
291 2788 411 2832 gratia
430 2788 466 2822 P
541 2789 587 2823 23
611 2790 648 2823 in
673 2800 739 2824 om.
757 2790 792 2824 R
868 2790 914 2824 24
938 2801 1017 2824 cum
1042 2791 1142 2835 quies
1169 2792 1239 2825 net
1259 2791 1299 2835 Q,
1326 2791 1387 2835 qui
1411 2801 1490 2825 cum
1516 2790 1633 2835 quies-

130 2845 185 2878 set
202 2844 247 2879 M
263 2844 340 2888 (sed
358 2845 420 2889 qui
438 2856 528 2880 eraS.
549 2858 593 2880 m.
612 2848 663 2889 2),
690 2858 767 2881 cum
785 2847 886 2891 quies
903 2850 958 2882 est
976 2848 1012 2882 P
1104 2848 1284 2892 bonorum]
1311 2848 1480 2882 honorum
1500 2849 1536 2882 ct
1554 2848 1588 2882 P
