1838 3152
539 224 772 268 Epistulae
795 224 957 259 XLIII.
983 235 1009 259 c.
1036 224 1137 259 5-6.
1498 226 1583 268 595

90 342 183 372 cum
215 328 414 382 episcopis
444 339 524 370 non
553 328 636 370 sint
666 327 736 381 qui
767 329 907 370 contra
936 327 1144 381 episcopos
1180 328 1444 380 rebellarunt,
1487 340 1582 370 con-

90 397 303 438 iurationis
343 409 439 439 suae
468 408 615 450 paenas
646 397 721 438 soli
757 396 930 438 subeant
960 395 1029 449 qui
1061 396 1160 441 olim
1191 397 1413 439 secundum
1444 398 1584 439 uestra

88 465 295 519 suffragia,
333 478 439 507 nunc
470 465 692 507 secundum
723 465 799 506 Dei
831 464 983 506 iudicia
1013 464 1260 506 sententiam
1292 465 1582 507 coniurationis

61 576 67 583 ,
93 534 133 575 et
163 533 438 588 malignitatis
469 546 564 576 suae
594 533 731 575 subire
761 533 1009 574 meruerunt.

61 623 76 648 ⁵
144 602 282 644 Monet
302 614 373 644 nos
395 602 596 644 Dominus
616 602 656 643 in
678 601 891 656 euangelio
920 613 991 642 suo
1021 600 1181 642 dicens:
1214 601 1420 644 reicitis
1451 610 1623 650 man-6

87 671 257 713 datum
301 671 393 713 Dei
439 672 493 713 ut
538 671 879 712 traditionem
925 671 1150 712 uestram
1196 671 1463 713 statuatis.
1512 672 1582 724 qui

85 740 326 782 mandatum
347 740 424 781 Dei
455 739 629 782 reiciunt
659 741 700 781 et
731 739 996 781 traditionem
1027 751 1143 781 suam
1175 739 1355 781 statuere
1386 741 1582 796 conantur

88 808 248 851 fortiter
278 821 302 850 a
333 808 448 850 uobis
488 809 528 850 et
565 808 739 849 firmiter
777 808 1032 862 respuantur.
1079 806 1260 850 sufficiat
1298 807 1425 862 lapsis
1464 807 1583 850 ruina

86 890 177 918 una.
224 889 342 919 nemo
387 877 570 919 uolentes
615 889 782 931 surgere
822 889 896 918 sua
934 875 1282 918 circumuentione
1326 876 1579 934 praecipite-t.

42 964 73 990 ιο
85 959 202 988 nemo
233 946 422 996 iacentes,
454 957 524 1000 pro
555 945 702 999 quibus
731 957 803 986 nos
832 956 1023 998 rogamus
1044 945 1092 986 ut
1112 944 1188 986 Dei
1210 957 1333 986 manu
1356 946 1396 987 et
1416 944 1582 987 brachio

85 1014 365 1065 subleuentur‚
397 1015 627 1068 prosternat
658 1013 827 1069 grauius
857 1014 898 1055 et
920 1013 1137 1066 deprimat.
1170 1025 1287 1055 nemo
1319 1013 1581 1055 semianimes

86 1085 127 1126 et
156 1085 204 1125 ut
234 1084 409 1126 salutem
448 1097 565 1126 suam
603 1083 820 1137 pristinam
858 1082 1059 1136 recipiant
1094 1083 1356 1136 deprecantes
1387 1082 1436 1124 ab
1470 1083 1581 1124 omni

83 1165 152 1205 spe
183 1152 329 1194 salutis
361 1153 534 1194 auertat.
566 1164 685 1194 nemo
715 1151 959 1194 nutantibus
990 1151 1130 1204 lapsus
1162 1151 1226 1193 sui
1257 1151 1434 1206 caligine
1459 1164 1579 1194 omne

82 1220 243 1263 itineris
282 1220 476 1263 salutaris
514 1220 653 1262 lumen
693 1220 920 1275 extinguat.
963 1219 1135 1262 instruit
1173 1220 1380 1273 apostolus
1418 1220 1578 1263 dicens:

18 1289 124 1333 ‚usi
155 1290 272 1342 quis
312 1289 469 1331 aliter
506 1288 655 1331 docet
685 1290 734 1330 et
764 1300 856 1330 non
890 1288 1188 1341 adquiescit
1225 1288 1365 1330 sanis
1405 1288 1579 1330 uerbis

81 1358 287 1399 Domini
328 1358 492 1399 nostri
530 1358 646 1399 Iesu
688 1356 886 1399 Christi
926 1358 975 1398 et
1013 1356 1280 1398 doctrinae
1323 1357 1432 1399 eius
1477 1358 1580 1398 stu-

81 1439 197 1481 pore
228 1428 414 1481 elatus,
448 1426 654 1468 discede
685 1426 742 1468 ab
771 1425 1078 1467 huiusmodi.
1112 1426 1325 1468 etiterum
1345 1426 1449 1468 dicit
1470 1426 1576 1479 ipse:

82 1508 221 1538 nemo
253 1508 340 1538 uos
370 1496 605 1549 decipiat
635 1494 878 1537 inanibus
908 1494 1095 1536 uerbis.
1136 1496 1411 1549 propterea
1443 1495 1580 1536 enim

81 1564 223 1606 uenit
261 1565 338 1607 ira
368 1565 458 1606 Dei
497 1577 647 1618 super
677 1564 825 1605 filios
856 1563 1223 1606 contumaciae.
1265 1564 1431 1605 nolite
1462 1575 1578 1619 ergo

37 1646 191 1676 soesse
212 1633 499 1687 participes
523 1644 703 1675 eorum.
736 1644 814 1674 non
836 1633 1026 1686 estquod
1047 1633 1208 1687 decepti
1229 1632 1420 1674 inanibus
1442 1632 1579 1675 uerbis

78 1702 297 1755 prauitatis
336 1714 476 1744 eorum
508 1701 716 1755 incipiatis
747 1714 833 1744 esse
863 1701 1094 1755 participes.
1139 1701 1337 1743 discedite
1367 1714 1391 1743 a
1420 1702 1577 1744 talibus

79 1782 226 1824 quaeso
258 1782 329 1811 uos
361 1772 402 1812 et
431 1770 681 1824 adquiescite
712 1770 893 1812 consiliis
923 1770 1073 1813 nostris
1104 1770 1175 1823 qui
1204 1782 1276 1823 pro
1307 1770 1423 1812 uobis
1455 1770 1578 1812 cotti-

81 1839 145 1881 die
177 1840 389 1882 continuas
420 1840 595 1882 Domino
633 1852 770 1893 preces
810 1840 1034 1893 fundimus,
1075 1840 1145 1892 qui
1178 1851 1250 1880 uos
1281 1839 1332 1882 ad
1363 1831 1602 1882 ecclesiam*

78 1909 258 1951 reuocari
296 1921 367 1962 per
398 1908 563 1951 Domini
596 1908 859 1950 clementiam
889 1909 1091 1962 cupimuS‚
1134 1909 1204 1961 qui
1236 1909 1285 1950 de
1315 1908 1401 1950 Deo
1433 1921 1571 1963 pacem

33 1976 355 2030 25plenissimam
387 1977 519 2030 primo
551 1977 688 2027 matri,
720 1977 821 2019 tunc
844 1978 884 2019 et
904 1977 1002 2018 filiis
1033 1977 1120 2019 eius
1151 1989 1327 2019 oramus.
1360 1989 1454 2019 cum
1483 1990 1577 2030 pre-

212 2153 234 2186 5
258 2153 365 2187 Marc..
392 2154 424 2193 Τ,
450 2154 480 2187 9.
580 2153 621 2187 15
647 2153 663 2187 I
689 2153 780 2188 Tim.
806 2153 837 2193 6,
862 2153 962 2188 3-5.
1058 2153 1102 2187 18
1127 2153 1214 2198 Eph.
1241 2154 1272 2194 5,
1299 2153 1330 2187 6.
1360 2154 1388 2188 7.

144 2314 160 2347 1
180 2313 442 2348 rebellauerunt
460 2314 495 2348 Β
609 2314 630 2348 2
648 2324 729 2348 suae
748 2324 812 2348 om.
834 2313 866 2348 L
981 2324 1093 2358 paena
1112 2313 1147 2348 Β
1263 2314 1350 2348 olim
1368 2324 1433 2349 om.
1455 2314 1490 2348 Β

73 2370 96 2405 3
119 2382 209 2405 nunc
238 2382 327 2405 corr.
358 2372 399 2406 in
428 2382 497 2405 non
517 2370 547 2417 Q
562 2382 605 2405 m.
626 2373 651 2405 2
676 2374 782 2415 (nunc
799 2370 858 2416 M)
990 2371 1012 2405 4
1030 2371 1147 2406 subire
1178 2383 1223 2406 ex
1251 2371 1330 2406 subi
1347 2372 1381 2407 L
1397 2384 1441 2407 m.
1459 2375 1483 2407 2

74 2428 96 2462 5
112 2428 272 2463 dominus
286 2433 369 2473 post
386 2439 448 2464 suo
466 2429 501 2463 Β
606 2429 624 2462 7
644 2440 742 2463 suam
761 2440 825 2463 om.
847 2429 882 2463 Β
988 2430 1010 2464 8
1026 2428 1205 2463 sufficiant
1225 2429 1255 2474 Q
1347 2430 1369 2464 9
1386 2440 1488 2464 nemo
1505 2440 1571 2465 om.

76 2484 186 2520 LNP
300 2486 475 2531 praecipit
491 2488 527 2520 et
545 2486 615 2531 LQ
731 2486 773 2521 13
790 2486 958 2520 abucrtat
975 2486 1019 2521 N
1128 2486 1353 2532 nutantibus]
1373 2487 1572 2521 nuntianti·

75 2541 138 2576 bus
157 2543 191 2577 Β
313 2543 433 2587 lapsus
451 2543 518 2587 sui]
537 2543 654 2578 labsui
673 2544 716 2578 N
834 2543 982 2590 caligite
998 2543 1113 2578 omnis
1131 2544 1165 2578 Β
1294 2544 1335 2578 17
1354 2543 1482 2589 clatus]
1503 2544 1572 2579 ele-

74 2601 186 2642 uatus,
199 2600 237 2646 Q,
256 2600 402 2635 inflatus
420 2601 455 2635 P
545 2599 591 2634 20
607 2599 744 2645 decepti
759 2601 805 2641 Β,
822 2600 938 2647 decipi
952 2600 1096 2646 LNPQ
1188 2601 1231 2635 21
1251 2602 1288 2635 et
1304 2601 1496 2646 prauitatis
1512 2601 1554 2635 N
1558 2615 1571 2644 ,-

0 2659 2 2661 ’
72 2656 243 2699 sortasse.-
270 2657 497 2703 decipiamini
522 2656 688 2692 inanibus
712 2657 830 2692 uerbis
848 2659 885 2692 et
902 2658 1096 2704 prauitatis
1227 2669 1271 2692 ne
1288 2658 1472 2703 incipiatis
1492 2658 1528 2692 P

6 2715 9 2717 ’
73 2715 279 2760 participes]
298 2716 412 2759 parati
431 2714 463 2749 B
578 2707 749 2763 discedite
766 2726 811 2752 ex
828 2710 955 2763 discite
975 2715 1010 2749 P
1131 2715 1175 2749 22
1192 2714 1340 2750 cottidie
1359 2726 1424 2749 om.
1445 2715 1480 2749 Β

0 2767 3 2778 ¹
71 2770 117 2805 23
133 2782 250 2815 preces
274 2761 395 2807 dffo‘B
526 2772 571 2807 24
587 2772 768 2818 cupiamus
787 2773 836 2808 L¹
968 2773 1013 2807 25
1032 2773 1145 2817 primo
1163 2772 1207 2813 L,
1237 2772 1343 2816 primi
1361 2772 1445 2814 NP,
1471 2772 1570 2818 prius

0 2835 2 2841 ·
74 2826 163 2873 BQv
254 2830 362 2864 maeri
381 2830 462 2866 LN
467 2830 509 2865 'P
602 2831 678 2864 tum
697 2830 757 2866 Nv
850 2830 940 2874 cum]
959 2832 1035 2864 tum
1054 2830 1098 2871 P,
1116 2829 1199 2864 dum
1217 2829 1252 2864 L

1201 2899 1296 2940 38*
