1912 3152
636 229 816 263 'res-tim.
846 228 912 264 111.
940 228 1098 267 32-35.
1535 232 1614 273 147

117 348 165 377 se
197 334 311 387 quis
350 333 533 375 debeat
573 345 596 372 a
634 332 877 386 gentibus
923 345 979 375 ne
1015 333 1087 374 sit
1131 334 1301 375 socius
1346 334 1525 388 culpae
1570 335 1619 376 et

117 402 218 444 fiat
255 402 518 456 particeps
559 402 742 456 plagae
780 402 902 444 item
935 402 984 443 in
1016 402 1353 456 Apocalypsi:
1401 403 1455 444 Et
1476 402 1619 445 audiui

115 471 240 512 aliam
263 482 401 512 uocem
425 470 472 511 de
495 471 605 512 caelo
627 470 853 513 dicentem:
901 471 963 512 exi
1000 471 1048 512 de
1084 484 1150 521 ea,
1191 471 1365 525 populus
1400 485 1537 523 meus,
1569 484 1620 513 ne

116 539 316 592 particeps
338 539 393 580 sis
415 539 659 581 delictorum
681 540 768 582 eius
790 541 830 580 et
850 552 898 581 ne
919 540 1207 595 perstringaris
1228 540 1362 595 plagis
1378 540 1485 582 eius:
1518 553 1619 594 quo-

70 627 82 650 ε.
115 608 226 649 niam
249 608 399 649 delicta
419 608 506 649 eius
528 621 655 661 usque
677 609 727 650 ad
750 609 906 650 caelum
936 611 1210 663 peruenerunt
1240 610 1281 650 et
1309 609 1501 651 meminit
1534 610 1618 651 Do-

115 677 251 718 minus
273 677 382 718 Deus
405 677 646 730 iniquitates
666 678 764 719 eius.
799 677 890 719 ideo
912 678 1056 720 reddet
1076 678 1113 719 ei
1136 677 1279 732 dupla,
1313 679 1354 720 et
1382 678 1426 720 in
1447 690 1525 732 quo
1546 690 1618 732 po-

115 745 205 787 culo
226 746 405 795 miscuit,
437 746 609 799 duplum
631 746 852 789 remixtum
874 748 936 788 est
956 748 1013 789 ei:
1045 748 1086 789 et
1115 747 1157 789 in
1179 749 1381 801 quantum
1404 761 1446 790 se
1467 747 1618 790 clarifi-

115 815 225 856 cauit
246 818 287 856 et
309 815 549 857 deliciarum
586 816 752 866 habuit,
786 817 827 857 in
863 817 1028 859 tantum
1064 817 1230 859 dabitur
1265 817 1302 859 ei
1338 817 1541 859 cruciatus
1577 820 1619 860 et

114 884 261 925 luctus.
287 885 475 937 quoniam
499 885 540 926 in
563 885 681 926 corde
702 897 774 927 suo
795 886 916 928 dicit:
940 886 1083 941 regina
1103 898 1196 927 sum
1217 887 1258 928 et
1279 886 1406 928 uidua
1426 899 1505 928 non
1527 899 1619 929 sum

69 968 99 991 ιο
114 966 185 995 nec
207 953 366 995 luctum
390 954 527 995 uisura
548 968 661 1004 sum,
695 956 907 1008 propterea
942 969 1022 997 una
1057 955 1156 997 hora
1190 956 1335 1010 plagae
1371 956 1458 997 eius
1494 956 1620 998 adue-

116 1024 247 1073 nient,
278 1035 408 1072 mors,
441 1023 577 1064 luctus
613 1026 654 1064 et
687 1024 815 1065 fames
831 1057 840 1073 ,
875 1025 915 1065 et
950 1023 1036 1078 igni
1073 1025 1343 1075 cremabitur,
1375 1025 1472 1078 quia
1501 1024 1619 1067 fortis

115 1093 314 1134 Dominus
336 1093 446 1134 Deus
468 1093 537 1146 qui
560 1105 651 1133 eam
673 1092 886 1134 iudicabit.
920 1094 961 1134 et
981 1093 1139 1135 flebunt
1167 1094 1209 1135 et
1229 1093 1425 1146 plangent
1447 1107 1489 1136 se
1509 1094 1552 1135 in
1574 1107 1619 1136 ea

114 1174 228 1217 reges
257 1166 387 1203 terrae
419 1162 488 1215 qui
525 1175 618 1203 cum
654 1175 700 1203 ea
735 1162 925 1204 fornicati
962 1163 1057 1204 sunt
1085 1164 1126 1204 et
1148 1163 1190 1204 in
1211 1162 1370 1204 deliciis
1392 1163 1619 1205 conuersati

114 1237 220 1272 sunt.
270 1231 397 1273 Item
427 1232 557 1285 apud
588 1232 815 1273 Esaiam:
858 1232 979 1274 Exite
1000 1232 1049 1273 de
1070 1231 1205 1274 medio
1227 1244 1386 1282 eorum,
1433 1232 1504 1286 qui
1524 1244 1619 1287 por-

67 1314 98 1337 ιε»
114 1300 212 1342 tatis
234 1313 332 1342 uasa
353 1301 533 1342 Domini.

112 1404 247 1446 DEVM
279 1417 341 1445 AD
372 1416 462 1446 HOC
496 1417 754 1446 PATIEN'PEM
788 1417 893 1447 ESSE
924 1417 982 1447 VT
1013 1416 1098 1447 NOS
1135 1417 1393 1447 PAENITEAT
1429 1417 1622 1448 PECCATI

560 1485 721 1515 NOSTRl
753 1487 811 1515 ΕΤ
844 1486 1168 1516 REFORMEMVR.

168 1555 313 1607 Apud
345 1554 666 1597 Salomonem
698 1555 748 1597 in
779 1555 1180 1597 Ecclesiastico:
1228 1555 1290 1597 Ne
1322 1555 1493 1598 dixeris:
1526 1568 1621 1609 pec·
1636 1560 1687 1600 35

112 1625 221 1674 caui,
255 1626 295 1666 et
331 1625 429 1677 quid
467 1625 618 1667 accidit
653 1625 756 1667 mihi
793 1625 912 1666 triste
926 1628 946 1667 ⁶?
985 1626 1047 1666 est
1067 1625 1178 1667 enim
1206 1626 1438 1667 altissimus
1458 1625 1619 1679 patiens

65 1707 96 1733 20
111 1693 304 1736 redditor.
338 1694 468 1736 Item
501 1695 768 1748 apostolus
800 1695 858 1736 ad
890 1694 1165 1737 Romanos:
1208 1695 1275 1736 An
1295 1694 1498 1748 numquid
1520 1706 1622 1749 opu-

110 1763 280 1805 lentiam
316 1763 512 1805 bonitatis
549 1764 636 1806 eius
672 1766 713 1805 et
746 1765 1041 1806 sustinentiam
1063 1766 1104 1806 et
1124 1765 1369 1818 patientiam
1391 1764 1616 1806 contemnis

110 1831 300 1886 ignorans
335 1832 431 1885 quia
455 1832 614 1876 bonitas
643 1834 719 1875 Dei
741 1834 783 1875 in
804 1834 1097 1886 paenitentiam
1118 1836 1160 1876 te
1181 1834 1378 1876 adducit?
1409 1835 1457 1875 tu
1478 1834 1617 1875 autem

111 1901 332 1942 secundum
355 1901 552 1943 duritiam
575 1903 690 1944 tuam
714 1904 754 1943 et
775 1914 842 1944 cor
863 1903 1117 1957 inpaenitens
1138 1903 1390 1945 thesaurizas
1411 1902 1490 1945 tibi
1513 1902 1619 1944 iram

247 2040 268 2074 2
293 2041 400 2084 Apoc.
422 2041 474 2080 18,
491 2041 514 2074 4
531 2051 582 2084 sq.
655 2041 696 2075 14
716 2041 772 2075 Es.
791 2041 845 2082 52,
867 2042 917 2075 11.
993 2042 1036 2076 18
1054 2041 1120 2076 Sir.
1139 2042 1170 2083 5,
1188 2041 1221 2075 4.
1292 2040 1337 2076 20
1353 2043 1453 2077 Rom.
1471 2041 1503 2082 2,
1520 2041 1544 2075 4
1568 2050 1618 2084 sq.

182 2157 198 2189 1
226 2157 274 2200 se]
294 2156 323 2189 si
341 2157 375 2189 A
482 2155 678 2200 gentilibus
697 2157 839 2191 LMBv
948 2157 969 2190 2
994 2157 1119 2201 plagae
1137 2168 1255 2191 eorum
1274 2158 1344 2192 Wv
1439 2157 1527 2191 item
1551 2167 1615 2190 om.

117 2213 307 2249 WLMBu
375 2214 398 2247 4
416 2213 591 2257 particeps
609 2214 671 2259 sis]
690 2214 881 2258 participes
899 2215 934 2248 A
997 2214 1212 2249 delectorum
1232 2215 1282 2250 W
1342 2214 1619 2259 praestringaris

112 2270 165 2312 M,
185 2271 417 2316 perfringaris
437 2274 465 2304 ,1
540 2283 561 2305 a
577 2271 694 2316 plagis
709 2271 745 2305 Β
803 2272 824 2305 5
841 2271 926 2306 deus
943 2271 1104 2306 dominus
1115 2272 1158 2313 L,
1178 2271 1388 2306 dominusB
1449 2272 1471 2306 6
1489 2272 1619 2316 iniqui-

111 2328 200 2363 tatis
215 2328 306 2370 LM,
326 2328 561 2373 iniquitatum
580 2342 599 2364 v
687 2329 803 2364 reddit
812 2329 856 2370 L,
877 2329 1014 2364 reddite
1029 2331 1085 2371 W,
1105 2329 1260 2364 reddidit
1276 2341 1297 2364 v
1375 2329 1551 2374 dupplaA

111 2390 146 2420 ct
163 2398 225 2420 ont.
248 2386 283 2420 Β
370 2387 387 2419 'c'
406 2387 555 2421 mixtum
575 2387 610 2421 Β
680 2388 712 2421 ei
730 2398 795 2422 om.
815 2388 866 2423 W
973 2390 1009 2422 ct
1026 2387 1063 2421 in
1080 2399 1123 2421 m.
1143 2389 1168 2421 2
1185 2387 1271 2422 add.
1290 2388 1331 2422 in
1353 2388 1404 2423 W
1486 2387 1508 2421 8
1533 2386 1620 2420 ‹leli-

111 2444 182 2478 cias
202 2445 236 2478 Β
307 2445 410 2479 datur
430 2445 609 2486 WLMB,
624 2445 729 2480 datus
747 2448 802 2480 est
821 2457 838 2481 υ
908 2446 952 2491 ei]
970 2446 1003 2480 ei
1018 2448 1055 2480 et
1071 2445 1174 2482 LMv
1245 2446 1266 2479 9
1291 2456 1359 2480 non
1378 2456 1455 2479 sum
1474 2445 1518 2485 A,
1546 2455 1620 2478 esse

111 2513 179 2535 non
198 2513 337 2545 possum
359 2503 405 2538 W
406 2502 547 2538 LMBo
635 2504 679 2537 10
703 2513 779 2537 nco.
796 2515 889 2539 ,sum
907 2514 971 2538 om.
992 2503 1028 2538 B
1100 2504 1207 2549 plaga
1224 2503 1275 2538 M
1341 2502 1488 2537 aduenit
1506 2502 1553 2536 M

113 2560 151 2593 11
180 2562 215 2593 ct
232 2560 349 2594 luctus
368 2563 404 2595 ct
423 2561 456 2594 Β
549 2561 656 2595 famis
675 2562 796 2596 ALM
888 2561 970 2607 igne
988 2561 1024 2595 B
1035 2588 1042 2602 ,
1062 2561 1099 2595 in
1117 2561 1194 2606 igni
1216 2561 1251 2596 L
1345 2560 1512 2605 quoniam
1530 2571 1551 2594 v

112 2616 214 2650 sortis
233 2621 286 2650 est
309 2618 497 2653 WLMBc
570 2619 612 2653 12
638 2619 812 2654 iudicauit
829 2619 863 2653 L
934 2630 970 2653 se
988 2630 1053 2653 om.
1073 2620 1108 2652 A
1196 2619 1238 2652 13
1263 2618 1401 2653 deliciis
1416 2618 1531 2657 AM2,
1558 2616 1617 2651 de·

111 2674 208 2708 lictis
220 2674 378 2709 LBM¹0
448 2679 484 2710 et
502 2676 538 2710 in
556 2676 588 2710 d.
608 2687 635 2711 c.
655 2679 738 2712 sunt
751 2688 816 2711 om.
832 2677 882 2712 W
952 2676 994 2710 14
1012 2676 1163 2721 portatis
1178 2676 1223 2717 A,
1240 2676 1342 2710 fertis
1357 2674 1548 2711 WLMBv

113 2733 155 2766 16
182 2734 233 2777 ut]
252 2736 289 2766 at
308 2734 342 2766 A
432 2734 470 2767 17
496 2736 532 2767 (et
550 2734 601 2768 sic
619 2734 654 2768 Β
733 2734 776 2768 19
800 2734 935 2768 accedit
952 2734 1044 2769 AW
1142 2734 1188 2767 20
1212 2732 1394 2777 apostolus
1412 2733 1464 2772 A,
1491 2731 1619 2776 paulus

116 2790 256 2825 WL20,
284 2802 348 2823 om.
369 2790 502 2824 ,ῚΙΒΙΛι
589 2792 646 2835 an]
666 2795 704 2826 at
722 2791 758 2826 Β
842 2792 884 2825 21
912 2793 947 2825 ct
964 2791 1174 2835 patientiam
1198 2801 1262 2824 om.
1284 2790 1319 2824 Β
1405 2788 1617 2833 contemnis]

112 2849 320 2883 contestinis
340 2848 372 2882 L
431 2849 475 2883 22
489 2849 691 2892 ignoras-12⁴¹
754 2849 921 2893 quoniam
940 2850 975 2884 Β
1039 2849 1087 2893 in]
1107 2848 1151 2882 ad
1172 2848 1254 2884 WB
1317 2848 1361 2882 23
1378 2847 1615 2892 inpaenitens]

114 2907 290 2950 inpatiens
311 2907 343 2940 J,
440 2906 682 2942 thensaurizas
700 2907 786 2942 AM

1262 2965 1345 3005 10*
