1838 3152
492 239 551 273 De
576 238 685 273 bono
710 237 971 282 patientiae
996 248 1023 271 c.
1052 237 1196 272 12—15.
1509 236 1593 280 407

90 346 210 399 nique
230 343 310 386 alio
332 343 374 384 in
395 342 481 384 loco
503 341 613 383 idem
635 341 843 394 apostolus
864 341 995 382 iustos
1018 342 1059 382 et
1080 342 1292 394 operantes
1322 341 1362 382 et
1392 339 1440 382 de
1462 339 1595 382 diuini

91 412 263 457 faenoris
294 411 542 453 incremento
574 410 766 452 caelestes
797 409 877 450 sibi
910 409 1124 451 thesauros
1155 408 1415 451 recondentes
1447 408 1493 449 ut
1522 420 1596 461 pa-

92 482 239 525 tientes
261 492 419 533 quoque
442 479 525 520 sint
546 478 717 520 instruit
748 480 790 520 et
821 478 938 519 docet
969 478 1126 518 dicens:
1173 490 1290 532 ergo
1322 477 1440 518 dum
1470 477 1595 518 tem-

91 563 180 605 pus
218 549 484 598 habemus,
529 559 793 600 operemur
824 545 953 600 quod
993 546 1175 588 bonum
1208 547 1284 588 est
1314 546 1372 587 ad
1403 557 1595 597 omnes,

50 636 64 662 ⁵
92 618 307 662 maxime
338 629 455 659 uero
486 616 545 658 ad
577 616 890 658 domesticos
922 615 1068 657 fidei.
1103 615 1290 656 bonum
1321 615 1493 656 autem
1524 613 1596 657 fa-

92 688 285 731 cientes
316 698 409 727 non
441 685 773 727 deficiamus:
798 686 1023 738 tempore
1055 684 1185 725 enim
1217 696 1303 725 suo
1335 685 1594 726 metemus.

92 756 283 799 admonet
303 767 352 797 ne
374 755 466 808 quis
489 754 694 808 inpatiens
715 754 758 795 in
780 754 1014 807 operatione
1036 752 1221 803 deficiat,
1255 765 1306 794 ne
1337 753 1428 806 quis
1459 754 1596 807 temp-

91 824 316 867 tationibus
347 825 419 866 aut
450 826 646 865 auocatus
678 824 750 864 aut
780 822 918 864 uictus
957 822 1000 864 in
1031 821 1167 864 medio
1198 821 1333 863 laudis
1373 822 1414 863 et
1443 822 1598 876 gloriae

92 895 235 937 itinere
257 893 432 935 desistat
453 895 493 933 et
513 893 680 946 pereant
701 891 947 946 praeterita,
980 891 1079 932 dum
1110 903 1211 944 quae
1243 891 1459 944 coeperant
1490 890 1598 932 desi-

49 979 82 1004 10
93 964 195 1007 nunt
226 974 312 1004 esse
349 960 546 1015 perfecta,
591 961 698 1003 sicut
731 960 930 1013 scriptum
965 961 1044 1002 est:
1094 959 1312 1001 iustitia
1343 959 1475 1002 iusti
1506 972 1600 1002 non

92 1031 354 1075 liberabit
398 1043 505 1072 eum
562 1031 612 1072 in
658 1042 979 1084 quocumque
1035 1029 1112 1071 die
1166 1029 1513 1079 exermuerit,
1559 1030 1600 1071 et

92 1103 263 1145 iterum:
312 1102 429 1142 tene
461 1099 592 1153 quod
624 1099 788 1141 habes
826 1112 883 1141 ne
922 1099 1063 1141 alius
1095 1099 1329 1153 accipiat
1360 1110 1600 1141 coronam

93 1172 250 1213 tuam.
285 1182 386 1223 quae
422 1181 499 1211 uox
536 1168 778 1210 adhortatur
813 1168 1019 1222 patienter
1055 1168 1095 1209 et
1131 1167 1293 1210 fortiter
1327 1180 1599 1221 perseuerare,

94 1240 141 1281 ut
171 1238 241 1292 qui
272 1239 323 1280 ad
355 1250 544 1280 coronam
564 1237 687 1279 laude
708 1237 793 1279 iam
815 1236 1003 1291 proxima
1026 1236 1178 1278 nititur
1201 1237 1376 1279 durante
1397 1236 1601 1290 patientia

53 1328 83 1354 ιε,
96 1309 320 1350 coronetur.

150 1377 359 1419 Patientia
380 1378 538 1427 autem,
573 1375 720 1418 fratres
742 1375 1028 1426 dilectissimi,
1051 1387 1130 1417 non
1152 1376 1318 1417 tantum
1339 1374 1444 1417 bona
1466 1376 1602 1417 custo·
1621 1372 1671 1416 14

96 1446 177 1497 dit,
210 1446 280 1489 sed
302 1447 342 1488 et
364 1445 528 1499 repellit
549 1445 733 1487 aduersa.
767 1444 943 1498 Spiritui
966 1446 1106 1486 sancto
1128 1444 1270 1487 fauens
1294 1445 1334 1486 et
1355 1443 1602 1487 caelestibus

94 1528 140 1558 ac
161 1515 313 1557 diuinis
336 1515 553 1556 cohaerens
575 1515 716 1556 contra
738 1513 848 1556 facta
870 1513 1003 1556 carnis
1025 1514 1066 1555 et
1088 1513 1265 1566 corporis
1286 1513 1435 1566 quibus
1464 1513 1603 1555 anima

95 1586 350 1639 expugnatur
371 1585 411 1626 et
433 1584 592 1637 capitur
613 1584 821 1625 uirtutum
843 1595 1011 1625 suarum
1031 1582 1339 1637 propugnaculo
1362 1582 1602 1624 reluctatur.

52 1668 85 1694 20
96 1653 363 1707 inspiciamus
386 1652 559 1706 denique
581 1665 710 1706 pauca
731 1652 781 1694 de
802 1652 948 1694 multis
962 1685 971 1703 ‚
1004 1653 1051 1693 ut
1074 1651 1122 1693 de
1143 1651 1285 1705 paucis
1306 1651 1605 1707 intellegantur

96 1725 136 1765 et
157 1725 300 1764 cetera.
345 1722 596 1764 adulterium
611 1755 620 1773 ,
655 1721 788 1772 fraus,
820 1721 1093 1763 homicidium
1127 1720 1302 1762 mortale
1336 1719 1490 1762 crimen
1527 1720 1602 1761 est.

98 1792 151 1834 sit
171 1791 290 1833 fortis
313 1794 353 1833 et
375 1791 539 1834 stabilis
561 1791 603 1833 in
625 1790 744 1833 corde
775 1790 999 1844 patientia,
1031 1802 1104 1831 nec
1136 1789 1339 1832 adulterio
1371 1788 1603 1831 sanctifica-

96 1861 187 1902 tum
218 1872 361 1914 corpus
394 1861 434 1902 et
464 1860 541 1902 Dei
573 1860 776 1913 templum
799 1859 1001 1914 polluitur
1022 1871 1095 1901 nec
1116 1858 1304 1901 iustitiae
1327 1858 1465 1901 dicata
1487 1858 1605 1899 inno-

98 1929 229 1971 centia
250 1929 439 1984 contagio
472 1929 630 1971 fraudis
662 1929 844 1971 inficitur
874 1941 946 1970 nec
967 1930 1059 1982 post
1080 1930 1290 1983 gestatam
1313 1927 1606 1970 eucharistiam

54 2010 241 2042 asmanus
264 1998 401 2053 gladio
423 1999 464 2040 et
486 2011 626 2040 cruore
648 1998 892 2040 maculatur.

153 2066 312 2109 Caritas
334 2067 606 2109 fraternitatis
628 2067 842 2109 uinculum
864 2068 946 2118 est,
980 2066 1299 2109 fundamentum
1320 2066 1457 2120 pacis,
1490 2066 1605 2108 tena-
1630 2063 1678 2105 15

99 2135 198 2178 citas
220 2149 266 2178 ac
288 2136 462 2178 firmitas
484 2136 678 2187 unitatis,
712 2148 815 2189 quae
847 2136 887 2178 et
918 2148 988 2189 spe
1010 2136 1050 2177 et
1071 2135 1150 2177 fide
1172 2135 1303 2178 maior
1324 2135 1406 2186 est,
1440 2147 1544 2189 quae
1565 2135 1606 2176 et

232 2286 253 2319 3
279 2285 357 2320 Gal.
376 2285 407 2326 (3,
428 2284 479 2319 10.
500 2286 530 2318 9.
606 2284 649 2319 10
674 2284 796 2319 Ezech.
818 2284 872 2326 33,
894 2285 947 2319 12.
1022 2285 1065 2319 12
1090 2285 1199 2329 Apoc.
1218 2285 1250 2326 3,
1272 2285 1325 2319 11.

167 2422 185 2455 1
205 2421 320 2456 iustus
340 2422 369 2456 S
437 2422 550 2456 iustos
568 2425 603 2456 et
619 2434 684 2457 om.
708 2422 739 2457 G
809 2421 850 2457 de
868 2433 933 2458 om.
949 2422 1062 2458 WGv
1133 2422 1253 2457 diuine
1277 2423 1310 2458 G
1378 2423 1400 2457 2
1418 2422 1487 2457 sibi
1503 2422 1608 2457 then-

102 2489 221 2514 sauros
236 2479 273 2521 S,
290 2480 380 2514 thes.
401 2480 470 2514 sibi
493 2480 602 2516 WGv
696 2482 903 2525 reponentes
925 2481 959 2515 V
1048 2482 1088 2515 ut
1106 2481 1282 2526 patientes
1308 2492 1372 2516 om.
1390 2480 1420 2516 S
1508 2481 1530 2515 3
1556 2480 1611 2514 in-

102 2538 213 2571 struet
233 2537 262 2572 S
328 2537 442 2583 docet]
461 2540 580 2573 monet
599 2538 646 2583 S,-
665 2539 712 2582 cf.
726 2550 764 2583 1).
785 2541 869 2580 409,
889 2541 910 2573 5
982 2538 1003 2573 6
1027 2538 1228 2573 deficiemus
1247 2538 1277 2573 S
1345 2540 1366 2572 9
1393 2540 1557 2582 ceperant
1571 2537 1609 2578 S,

102 2596 307 2638 acceperant
330 2596 393 2631 W¹
473 2597 514 2630 11
541 2605 748 2640 quacunque
767 2607 786 2631 v
869 2596 1042 2631 errauerit
1062 2595 1111 2637 G,
1136 2595 1337 2640 peccauerit
1362 2595 1393 2629 V
1460 2596 1504 2629 13
1529 2595 1611 2629 hor-

102 2651 199 2685 tatur
223 2651 255 2686 G
362 2653 407 2687 20
432 2653 639 2698 inspicimus
660 2653 721 2689 W·
836 2654 879 2688 21
905 2653 1122 2688 homicidum
1140 2654 1202 2689 W¹
1303 2654 1348 2688 22
1373 2652 1432 2687 sed
1449 2653 1532 2697 (pro
1550 2651 1613 2696 sit)

103 2707 240 2743 forti-m
256 2710 271 2752 ΙΙ
289 2711 324 2744 et
349 2709 475 2744 stabili
492 2712 656 2745 manente
681 2710 718 2745 in
737 2710 838 2745 eorde
861 2710 894 2745 G
992 2712 1028 2745 et
1045 2721 1107 2745 nec
1126 2711 1224 2751 W²z⁷‚
1250 2713 1284 2744 et
1303 2711 1352 2746 W
1359 2714 1365 2731 ¹
1456 2701 1613 2744 scificato

108 2765 171 2799 W¹
241 2767 285 2801 24
310 2769 473 2812 contagio
493 2767 667 2809 SWGV,
686 2768 927 2813 contagionev
997 2771 1176 2813 gestatam
1197 2767 1337 2808 WGV,
1355 2769 1502 2813 gustata
1518 2766 1547 2802 S

104 2821 147 2856 26
165 2824 231 2868 cst]
250 2826 286 2858 et
310 2824 341 2859 G
411 2825 454 2859 27
474 2826 624 2869 et(ante
642 2828 717 2870 spe)
736 2837 800 2860 om.
823 2826 852 2861 S
