1838 3152
485 237 543 271 De
569 238 675 271 bono
701 237 957 280 patientiae
983 238 1175 272 617-20.
1502 239 1586 281 411

87 342 188 384 tiam
208 340 407 394 patientia
428 340 595 382 custode
625 341 827 392 seruauit,
861 342 901 383 et
936 342 983 383 ut
1019 341 1190 384 fratrem
1229 341 1330 385 Cain
1366 343 1588 397 perimeret

87 409 273 453 sacrificii
295 410 381 451 eius
402 410 443 451 et
464 391 644 451 muneris
666 409 870 462 inpatiens
892 409 993 461 fuit,
1026 411 1067 452 et
1089 411 1197 463 quod
1218 412 1327 453 Esau
1349 412 1398 454 de
1420 411 1589 453 maiori-

86 480 162 522 bus
183 478 235 521 ad
256 478 417 520 minora
437 478 667 528 descendit,
700 479 904 531 primatus
935 490 1029 521 suos
1059 492 1131 532 per
1153 479 1443 532 inpatientiam
1465 480 1588 521 lentis

86 547 237 590 amisit.
270 547 368 601 quid
400 546 591 588 Iudaicus
622 549 799 601 populus
831 548 940 590 circa
961 548 1160 590 beneficia
1181 548 1325 590 diuina
1346 548 1525 602 perfidus
1547 550 1589 591 et

42 627 57 653 ⁵
86 617 270 671 ingratus
301 628 431 658 nonne
463 615 570 668 quod
592 629 615 657 a
637 616 721 658 Deo
750 616 931 669 primum
954 617 1122 659 recessit
1143 616 1412 670 inpatientiae
1434 617 1589 659 crimen

86 686 192 728 fuit?
223 685 322 727 dum
354 685 488 739 Moysi
521 698 614 726 cum
645 685 730 727 Deo
753 685 1034 739 conloquentis
1056 697 1190 727 moras
1213 698 1292 727 non
1313 686 1448 738 potest
1469 684 1587 736 ferre,

87 755 274 810 profanos
306 755 401 796 deos
433 767 556 797 ausus
588 756 650 797 est
681 755 911 809 postulare,
945 756 991 796 ut
1021 754 1182 796 itineris
1204 755 1267 796 sui
1289 755 1411 796 duces
1432 766 1590 796 nuncu-

86 825 199 879 paret
221 824 343 877 caput
365 823 568 865 bubulum
605 824 645 865 et
680 825 873 865 terrestre
910 823 1176 879 figmentum,
1209 836 1282 866 nec
1312 836 1510 876 umquam
1539 823 1589 866 ab

87 893 225 935 eadem
248 892 493 946 inpatientia
515 892 679 934 destitit
700 893 919 946 quominus
942 906 1101 946 semper
1119 892 1346 935 docilitatis
1370 893 1409 933 et
1426 892 1591 934 diuinae

42 976 75 1003 10
87 961 454 1004 administrationis
475 961 696 1015 impatiens
719 962 938 1015 prophetas
961 974 1054 1004 suos
1077 964 1117 1003 et
1139 962 1270 1003 iustos
1292 973 1474 1014 quosque
1495 974 1590 1014 per-

85 1030 246 1072 imendo
278 1030 328 1071 ad
359 1042 520 1071 crucem
553 1042 711 1083 quoque
743 1032 784 1072 et
814 1031 865 1072 ad
897 1031 1140 1086 sanguinem
1162 1031 1327 1073 Domini
1364 1030 1588 1084 prosiliret.

86 1099 328 1152 inpatientia
350 1099 477 1141 etiam
499 1100 540 1141 in
562 1099 732 1142 ecclesia
753 1100 978 1142 haereticos
1009 1100 1109 1142 facit
1131 1101 1172 1142 et
1193 1100 1243 1142 ad
1266 1100 1510 1143 Iudaeorum
1533 1099 1590 1142 si·

84 1168 364 1211 militudinem
386 1171 526 1210 contra
549 1168 703 1210 Christi
735 1182 878 1223 pacem
910 1170 950 1211 et
981 1170 1198 1212 caritatem
1229 1170 1402 1212 rebelles
1434 1170 1485 1211 ad
1515 1169 1590 1210 ho-

85 1237 197 1279 stilia
228 1238 268 1279 et
300 1237 452 1279 furiosa
484 1238 575 1279 odia
607 1238 831 1291 compellit.
864 1240 905 1280 et
926 1251 974 1280 ne
996 1238 1166 1293 longum
1189 1238 1244 1279 sit
1266 1239 1430 1293 singula
1451 1250 1591 1280 recen-

41 1320 72 1347 15
85 1319 189 1357 sere,
222 1307 359 1349 omnia
394 1307 558 1349 omnino
595 1320 698 1361 quae
729 1308 930 1362 patientia
966 1308 1156 1362 operibus
1192 1309 1276 1350 suis
1313 1308 1504 1349 aedificat
1539 1307 1591 1349 ad

85 1375 258 1430 gloriam
281 1376 527 1429 inpatientia
548 1376 726 1418 destruit
748 1377 800 1418 ad
822 1376 999 1419 ruinam.

142 1444 294 1495 Quare,
327 1444 473 1487 fratres
496 1445 780 1496 dilectissimi,
814 1448 854 1488 et
876 1446 992 1488 bonis
1015 1444 1237 1500 patientiae
1259 1447 1300 1487 et
1322 1445 1591 1499 inpatientiae
1606 1445 1660 1486 20

86 1514 208 1556 malis
229 1513 451 1568 diligenter
473 1515 657 1568 expensis
688 1515 932 1568 patientiam
963 1527 1034 1568 per
1056 1527 1180 1568 quam
1202 1515 1245 1556 in
1267 1514 1430 1557 Christo
1453 1527 1593 1556 mane-

87 1596 178 1624 mus
209 1584 250 1624 et
281 1584 418 1625 uenire
451 1596 542 1625 cum
575 1583 737 1626 Christo
759 1585 810 1626 ad
831 1584 965 1626 Deum
987 1595 1226 1637 possumus,
1259 1584 1379 1637 plena
1400 1584 1593 1625 obserua-

45 1663 77 1690 20
89 1652 196 1694 tione
218 1653 450 1695 teneamus:
484 1666 586 1706 quae
610 1653 771 1707 copiosa
791 1655 832 1695 et
855 1653 1075 1707 multiplex
1096 1665 1176 1695 non
1198 1655 1373 1707 angusto
1395 1652 1474 1694 fine
1498 1664 1593 1694 con-

90 1721 270 1763 cluditur
285 1723 352 1763 uel
372 1722 564 1764 breuibus
581 1723 769 1765 terminis
787 1724 1003 1764 coercetur.
1028 1723 1110 1764 late
1132 1723 1246 1775 patet
1262 1722 1486 1775 patientiae
1508 1722 1593 1764 uir-

89 1794 155 1831 tus
177 1792 218 1833 et
239 1791 402 1833 ubertas
425 1791 511 1833 eius
534 1792 574 1833 et
595 1791 766 1845 largitas
788 1792 837 1833 de
854 1792 974 1833 unius
991 1791 1158 1845 quidem
1175 1791 1352 1833 nominis
1371 1790 1482 1832 fonte
1501 1803 1595 1844 pro-

89 1858 305 1911 ficiscitur,
339 1860 408 1901 sed
431 1860 731 1902 exundantibus
753 1861 868 1902 uenis
904 1874 975 1914 per
1011 1861 1145 1902 multa
1181 1860 1406 1915 gloriarum
1447 1860 1597 1902 itinera

91 1927 355 1979 diffunditur,
387 1942 459 1971 nec
491 1929 684 1983 proficere
720 1929 877 1983 aliquid
914 1930 956 1971 in
992 1929 1151 1971 actibus
1186 1929 1337 1971 nostris
1374 1930 1511 1982 potest
1547 1929 1598 1970 ad

46 2005 77 2031 2⁵
90 1998 451 2039 consummandam
472 1998 657 2049 laudem,
690 1998 768 2039 nisi
801 1999 895 2040 inde
926 1998 1293 2040 consummationis
1325 1998 1499 2051 accipiat
1528 1996 1599 2039 fir-

90 2066 289 2108 mitatem.
323 2067 526 2121 patientia
547 2068 608 2109 est
630 2080 733 2120 quae
769 2080 840 2109 nos
870 2068 955 2109 Deo
994 2069 1034 2109 et
1067 2067 1329 2109 commendat
1365 2068 1406 2109 et
1441 2067 1598 2109 seruat:

91 2134 179 2188 ipsa
201 2137 264 2177 est
286 2149 387 2189 quae
410 2136 513 2177 iram
536 2137 756 2190 temperat,
780 2149 882 2190 quae
904 2136 1092 2191 linguam
1115 2136 1269 2187 frenat,
1293 2149 1395 2190 quae
1417 2136 1599 2178 mentem

162 2331 178 2363 1
197 2331 374 2375 patientia
389 2331 437 2366 W
444 2343 469 2366 s.
486 2331 507 2367 l.
529 2334 611 2367 1162
729 2331 872 2366 611310111-
891 2332 1034 2366 611310116
1053 2333 1103 2367 W
1112 2335 1118 2354 ¹
1237 2332 1432 2375 peremeret
1451 2330 1535 2365 SW

92 2386 113 2420 2
137 2388 304 2423 sacrificis
324 2389 353 2423 S
450 2389 471 2423 3
498 2399 580 2423 suus
606 2389 655 2424 G*
740 2389 863 2434 lentis]
885 2389 980 2423 611113
999 2389 1029 2424 S
1118 2390 1141 2423 4
1159 2388 1317 2423 iudeicus
1337 2387 1365 2422 S
1456 2389 1477 2422 6
1503 2387 1600 2431 1111111]

91 2454 167 2478 cum
187 2445 216 2479 S
284 2446 463 2489 loquentis
482 2447 570 2488 le,
596 2447 823 2491 conloquenti
842 2457 886 2481 ex
904 2447 1068 2491 loquenti
1092 2447 1124 2481 (τ’
1141 2448 1225 2481 7162
1311 2446 1329 2480 Τ
1356 2446 1410 2479 631
1429 2456 1493 2479 om.
1515 2455 1534 2479 1·

90 2502 112 2535 8
135 2505 242 2547 caput
263 2504 313 2539 W
327 2516 353 2537 3.
369 2504 390 2537 I.
409 2515 451 2538 m.
469 2505 494 2538 2
580 2505 784 2539 terrestrem
805 2504 833 2538 S
918 2506 938 2537 9
964 2504 1083 2538 eodem
1103 2504 1133 2538 S
1218 2502 1456 2537 docibilitatis
1479 2502 1529 2536 G²

90 2559 134 2593 10
157 2560 480 2595 administrationis
500 2562 542 2596 S.
569 2561 834 2596 ammonitionis
857 2562 917 2602 W,
946 2561 1201 2595 admonitionis
1225 2561 1280 2596 Gn
1360 2569 1515 2603 quosque
1539 2558 1596 2597 W,

90 2627 222 2662 quoque
240 2617 309 2653 SG
404 2620 444 2653 11
471 2620 628 2654 alterum
644 2619 687 2653 ad
705 2631 769 2654 om.
792 2619 881 2654 WG
962 2618 1096 2653 domini
1114 2630 1180 2652 mn.
1206 2618 1238 2651 (τ’
1334 2618 1377 2651 12
1403 2616 1446 2650 ad
1469 2616 1519 2651 W
1534 2626 1560 2648 s.
1580 2614 1601 2648 l·

89 2676 168 2709 m.2
230 2676 273 2710 13
290 2677 325 2710 et
339 2676 527 2710 caritatem
543 2687 606 2711 om.
624 2677 672 2712 W
744 2677 786 2711 14
805 2679 841 2710 61
857 2677 960 2721 (ante
975 2676 1057 2721 fur.)
1072 2687 1136 2710 om.
1157 2676 1199 2725 W
1258 2675 1306 2708 sit
1322 2675 1394 2708 Ws.
1411 2674 1431 2708 I.
1450 2685 1490 2707 m.
1507 2675 1532 2707 2

91 2732 135 2766 15
157 2733 274 2768 onmia
290 2734 444 2778 omnino]
464 2745 532 2768 non
550 2734 671 2768 omnia
690 2734 720 2769 S
804 2735 846 2768 19
874 2734 921 2778 61]
942 2734 982 2767 111
999 2744 1020 2768 υ
1092 2721 1174 2767 do'ffi
1192 2732 1221 2767 S
1289 2731 1464 2776 possimus
1483 2730 1532 2765 Su

90 2789 132 2823 21
159 2791 213 2824 uel
233 2790 276 2831 S,
293 2801 356 2825 nec
379 2791 490 2826 WGv
561 2793 606 2826 23
623 2791 940 2826 exmmiidantibus
959 2792 1026 2833 ΠΕ·
1045 2791 1091 2833 cf.
1112 2790 1475 2832 c1‹11)emet›·.1›.353,
1493 2791 1534 2822 15

91 2846 134 2880 24
159 2858 219 2882 1166
235 2849 332 2892 prius
356 2849 388 2881 (ι’
480 2848 658 2892 profecere
678 2849 708 2884 S
797 2849 842 2883 25
867 2847 1143 2883 consumandam
1162 2847 1228 2884 W.-
1255 2847 1337 2881 item
1353 2857 1390 2889 p.
1409 2847 1490 2880 412.
1509 2849 1532 2879 9

91 2903 134 2938 2'1'
160 2915 247 2949 quae.
261 2906 363 2949 (ante
380 2907 547 2950 mentem)
566 2917 630 2940 om.
652 2917 671 2940 v
