1838 3152
198 226 281 267 710
734 220 924 258 Caecilii
950 219 1166 264 Cypriani

197 340 300 380 quae
338 327 424 368 sola
460 325 613 367 Christi
650 324 891 379 sanguinem
927 335 1006 364 non
1042 323 1171 376 possit
1208 323 1444 376 exprimere.
1488 324 1601 365 cuius
1638 324 1696 365 rei

199 396 501 438 sacramentum
531 407 605 436 nec
626 394 668 435 in
690 394 860 447 psalmis
883 393 992 434 tacet
1013 392 1183 445 spiritus
1205 393 1370 433 sanctus
1399 392 1552 434 faciens
1582 406 1697 435 men-

197 466 351 506 tionem
393 463 585 504 dominici
628 463 765 504 calicis
808 463 847 502 et
888 462 1042 502 dicens:
1095 460 1229 502 calix
1275 462 1395 502 tuus
1434 461 1698 503 inebrians

197 546 440 587 perquam
486 533 724 585 optimus.
768 532 872 573 calix
913 531 1052 572 autem
1093 530 1163 583 qui
1203 530 1380 571 inebriat
1420 531 1562 583 utique
1602 531 1697 572 uino

198 603 351 643 mixtus
384 602 457 643 est.
493 614 623 654 neque
654 601 761 642 enim
794 612 899 652 aqua
933 599 1134 640 inebriare
1170 611 1417 651 quemquam
1453 600 1600 653 potest.
1642 600 1729 642 sios

201 672 341 712 autem
363 671 467 712 calix
488 670 717 712 dominicus
740 669 915 710 inebriat
937 669 983 709 ut
1003 669 1043 709 et
1058 668 1146 709 Noe
1170 669 1212 709 in
1231 667 1378 709 Genesi
1395 668 1539 709 uinum
1555 669 1699 710 bibens

199 739 424 781 inebriatus
455 740 529 780 est.
569 739 639 779 sed
669 737 765 790 quia
794 737 970 778 ebrietas
1006 737 1200 778 dominici
1237 737 1377 778 calicis
1415 737 1456 777 et
1489 737 1699 792 sanguinis

198 821 279 850 non
308 809 371 849 est
392 807 488 849 talis
510 806 643 859 qualis
665 807 726 847 est
748 805 923 847 ebrietas
944 805 1032 846 uini
1055 805 1286 855 saecularis,
1317 818 1411 846 cum
1434 805 1587 847 diceret
1615 806 1700 860 spi-

197 877 302 919 ritus
352 878 516 918 sanctus
564 876 607 916 in
647 874 805 928 psalmo
856 874 990 916 calix
1040 875 1159 915 tuus
1205 874 1256 914 in
1268 874 1322 915 eb
1334 874 1442 916 rian
1457 887 1495 925 s,
1541 874 1701 917 addidit

197 959 439 999 perquam
471 945 717 998 optimus,
750 943 857 996 quod
890 943 1048 984 scilicet
1071 943 1176 984 calix
1199 943 1427 984 dominicus
1449 943 1507 985 sic
1527 944 1701 985 inebriet
1716 957 1749 982 10

199 1016 246 1055 ut
268 1014 421 1055 sobrios
443 1013 581 1063 faciat,
605 1014 652 1053 ut
672 1013 830 1054 mentes
853 1011 903 1053 ad
926 1012 1157 1065 spiritalem
1190 1012 1434 1065 sapientiam
1455 1012 1626 1066 rediga-t,
1656 1013 1703 1054 ut

201 1096 222 1123 a
245 1095 385 1135 sapore
406 1083 486 1124 isto
509 1082 707 1123 saeculari
729 1081 780 1122 ad
802 1081 1062 1122 intellectum
1080 1081 1157 1121 Dei
1179 1081 1457 1133 unusquisque
1473 1082 1700 1135 resipiscat,

203 1154 244 1192 et
282 1150 628 1204 quemadmodum
665 1150 760 1191 uino
793 1149 872 1191 isto
904 1150 1112 1191 communi
1144 1163 1257 1191 mens
1288 1149 1463 1191 soluitur
1494 1151 1534 1191 et
1565 1151 1702 1192 anima

199 1220 406 1261 relaxatur
423 1221 464 1261 et
479 1219 655 1261 tristitia
676 1219 808 1261 omnis
830 1218 1056 1270 exponitur,
1078 1219 1138 1259 ita
1155 1219 1194 1259 et
1209 1219 1305 1272 poto
1323 1219 1520 1273 sanguine
1537 1219 1703 1260 Domini

201 1291 242 1330 et
278 1288 422 1341 poculo
461 1288 633 1330 salutari
671 1288 895 1341 exponatur
930 1289 1128 1329 memoria
1159 1288 1310 1329 ueteris
1339 1287 1520 1329 hominis
1558 1289 1597 1330 et
1627 1288 1701 1330 fiat
1717 1303 1748 1327 15

202 1357 356 1399 Obliuio
399 1356 719 1398 conuersationis
755 1356 953 1410 pristinae
990 1357 1211 1398 saecularis
1247 1359 1287 1398 et
1322 1358 1526 1398 maestum
1560 1358 1702 1411 pectus

199 1439 245 1468 ac
280 1427 401 1468 triste
437 1426 544 1479 quod
579 1425 693 1479 prius
729 1426 906 1478 peccatis
948 1426 1196 1479 angentibus
1237 1426 1499 1479 premebatur
1539 1426 1702 1469 diuinae

198 1495 481 1550 indulgentiae
514 1494 677 1536 laetitia
698 1495 953 1536 resoluatur:
988 1495 1094 1547 quod
1116 1496 1214 1536 tunc
1235 1495 1402 1536 demum
1423 1495 1558 1548 potest
1580 1495 1701 1537 laeti-

199 1566 319 1606 ficare
342 1565 384 1606 in
407 1564 577 1606 ecclesia
596 1563 764 1605 Domini
799 1563 1021 1614 bibentem,
1060 1564 1095 1605 si
1128 1565 1234 1617 quod
1264 1564 1422 1605 bibitur
1451 1564 1699 1608 dominicam

197 1636 336 1676 teneat
357 1633 589 1675 ueritatem.
1715 1648 1750 1673 20

130 1701 180 1741 12
255 1703 388 1756 Quam
422 1714 517 1744 uero
549 1715 789 1755 peruersum
819 1704 880 1743 est
903 1714 1105 1755 quamque
1136 1702 1398 1753 contrarium,
1430 1704 1477 1744 ut
1499 1717 1592 1745 cum
1614 1704 1698 1745 Do—

197 1772 334 1814 minus
356 1772 398 1813 in
420 1772 576 1824 nuptiis
599 1773 648 1813 de
671 1784 776 1824 aqua
793 1772 936 1812 uinum
954 1771 1111 1824 fecerit,
1133 1783 1205 1813 nos
1228 1772 1276 1812 de
1293 1772 1388 1813 uino
1406 1785 1554 1824 aquam
1572 1772 1698 1814 facia-

194 1854 299 1892 mus,
335 1855 429 1883 curn.
450 1842 754 1882 sacramentum
776 1853 935 1893 quoque
956 1840 1015 1881 rei
1037 1840 1152 1881 illius
1182 1835 1398 1882 admonere
1427 1842 1467 1882 et
1498 1841 1699 1884 instruere

193 1924 265 1952 nos
288 1910 446 1961 debeat,
468 1911 515 1951 ut
529 1910 572 1951 in
584 1909 795 1951 sacrificiis
817 1908 1031 1951 dominicis
1044 1909 1189 1950 uinum
1202 1909 1338 1962 potius
1352 1909 1582 1951 offeramus.
1605 1924 1701 1953 nam

335 2035 357 2069 3
382 2035 439 2070 Ps.
465 2035 519 2076 22,
546 2035 577 2069 5.

264 2151 281 2184 1
301 2150 456 2184 christus
474 2148 509 2183 R
695 2150 716 2183 2
734 2150 828 2182 tacet
848 2148 877 2182 S
890 2147 952 2182 sed
970 2149 1025 2182 cet
1042 2158 1067 2182 8.
1090 2148 1110 2181 l.
1299 2148 1321 2182 4
1338 2159 1507 2192 perquam
1531 2149 1699 2193 optimus]

195 2219 301 2251 quam
325 2207 527 2252 praeclarus
546 2208 600 2240 est
623 2205 652 2250 Q
838 2205 859 2239 5
876 2205 1010 2243 mixtus
1029 2205 1111 2239 uino
1137 2205 1166 2250 Q
1351 2206 1419 2250 est]
1439 2222 1472 2240 *ης
1490 2207 1541 2248 Μ,
1569 2208 1604 2240 et
1625 2206 1653 2251 Q

196 2266 216 2299 6
234 2265 401 2309 inebriat]
420 2266 539 2308 potest
557 2264 739 2298 inebrians
759 2263 788 2298 S
894 2263 1051 2307 genesim
1073 2262 1101 2307 Q
1119 2263 1256 2307 (genesi
1273 2263 1331 2306 M)
1451 2264 1469 2297 7
1490 2265 1525 2297 et
1543 2275 1605 2298 om.
1628 2263 1658 2298 S

192 2324 213 2356 8
232 2323 321 2366 uini]
345 2322 478 2357 domini
496 2323 532 2355 et
550 2321 671 2355 calicis
689 2321 765 2354 uini
784 2320 814 2355 S
943 2321 964 2355 9
983 2321 1139 2365 sanctus]
1159 2321 1244 2355 add.
1266 2320 1311 2355 S:
1331 2320 1463 2355 faciens
1480 2322 1695 2356 mentionem

195 2380 363 2414 dominici
381 2379 503 2413 calicis
518 2380 553 2412 et
570 2378 755 2423 sanguinis
774 2389 844 2412 non
862 2379 915 2412 est
932 2378 1018 2412 talis
1037 2378 1153 2422 qualis
1171 2380 1225 2412 est
1242 2378 1396 2412 ebrietas
1415 2379 1490 2412 uini
1509 2380 1699 2413 saecularis

197 2448 276 2471 curn
294 2437 428 2471 diceret
446 2425 591 2481 spxsds‘cxs‘
673 2437 716 2470 10
734 2446 841 2480 quam
858 2435 1058 2479 praeclarus
1078 2436 1125 2469 M
1130 2439 1140 2456 '²
1163 2437 1347 2479 (perquam
1365 2436 1519 2480 optimus
1537 2437 1587 2470 M
1593 2440 1598 2457 ¹
1612 2436 1654 2481 Q)

194 2495 258 2539 sic]
279 2495 329 2528 sic
345 2494 510 2528 bibentes
529 2493 655 2539 LPQv
794 2493 951 2527 inebriat
968 2493 1098 2528 LPRv
1239 2493 1281 2527 12
1300 2493 1331 2537 a]
1352 2493 1396 2527 ad
1420 2493 1449 2537 Q
1581 2505 1701 2538 sopore

193 2552 298 2597 LPQ
470 2551 670 2596 resipiscat]
689 2551 857 2595 respiciat
882 2551 916 2585 V
929 2555 1015 2585 teste
1033 2551 1198 2595 Rz'yaltto
1372 2551 1414 2585 13
1432 2562 1527 2585 mens
1545 2562 1610 2586 om.
1630 2552 1660 2586 S

194 2611 239 2645 14
257 2611 311 2645 ita
329 2621 395 2645 om.
417 2610 446 2644 S
606 2612 642 2643 et
657 2611 741 2654 poto
765 2608 840 2653 QV‚
860 2610 960 2653 epoto
979 2609 1061 2650 LP,
1078 2610 1202 2653 potato
1220 2609 1265 2650 R,
1286 2610 1427 2653 epotato
1445 2621 1475 2650 υ,
1493 2611 1610 2653 potest
1628 2609 1658 2643 S

194 2657 278 2703 dffrn
296 2669 348 2704 R¹
485 2667 528 2701 15
547 2667 733 2712 exponitur
753 2666 814 2711 SQ
942 2666 1149 2701 hominibus
1171 2666 1200 2701 S
1325 2667 1367 2701 16
1386 2668 1422 2700 et
1438 2667 1610 2711 pristinae
1628 2665 1657 2700 S

193 2727 235 2760 17
255 2727 307 2771 ac]
328 2727 364 2760 et
382 2725 411 2760 S
565 2725 756 2769 agentibus
776 2724 804 2758 S
956 2724 1000 2758 18
1017 2725 1114 2769 tunc]
1137 2736 1215 2758 cum
1234 2725 1269 2759 R
1422 2724 1610 2758 laetificari
1630 2724 1660 2758 S

194 2784 236 2817 19
255 2784 438 2817 ecclesiam
456 2783 530 2818 LP
677 2782 852 2816 dominica
869 2783 1034 2816 teneatur
1051 2782 1206 2816 ueritate
1225 2783 1260 2816 P
1410 2782 1455 2816 23
1472 2783 1605 2815 struere
1626 2780 1656 2825 Q

192 2842 237 2875 24
255 2841 291 2874 in
310 2852 374 2875 om.
395 2841 425 2875 S
