1912 3152
286 211 369 252 338
799 208 989 243 Caecilii
1016 208 1226 252 Cypriani

285 313 557 361 cohaerentes,
581 315 627 354 ut
649 313 772 366 primi
790 314 833 354 in
855 312 1122 366 dispositione
1144 311 1284 353 diuina
1307 313 1465 365 septem
1487 313 1573 355 dies
1595 325 1793 354 annorum

283 382 443 433 septem
467 381 582 423 milia
619 382 893 432 continentes,
926 383 973 422 ut
1005 381 1163 433 septem
1194 381 1364 434 spiritus
1397 382 1437 423 et
1468 382 1604 436 angeli
1637 382 1791 435 septem

285 450 356 503 qui
378 450 586 491 adsistunt
607 452 647 492 et
668 451 957 492 conuersantur
988 450 1082 491 ante
1114 448 1261 490 faciem
1293 449 1369 491 Dei
1402 450 1443 491 et
1473 450 1637 492 lucerna
1668 450 1794 504 septi-

284 520 429 562 formis
450 520 493 561 in
529 519 792 561 tabernaculo
830 519 1021 572 martyrii
1057 519 1098 559 et
1134 517 1176 558 in
1199 517 1448 572 Apocalypsi
1471 520 1627 572 septem
1648 519 1795 561 cande-

285 587 401 630 labra
438 602 560 631 aurea
597 590 638 630 et
674 589 773 641 aput
810 587 1069 629 Salomonem
1107 586 1319 628 columnae
1341 588 1518 641 septem,
1552 600 1673 641 super
1694 599 1795 640 quas
1826 607 1840 632 5

286 657 476 699 aedificat
497 657 665 699 domum
687 656 910 710 sapientia,
943 656 1002 696 ita
1025 657 1065 697 et
1087 655 1183 696 istic
1205 656 1363 709 septem
1395 655 1572 698 fratrum
1603 669 1797 698 numerus

287 727 479 768 ecclesias
498 728 654 779 septem
672 725 832 767 numeri
854 724 917 765 sui
939 723 1172 776 quantitate
1195 724 1424 777 conplexus,
1449 724 1674 766 secundum
1691 725 1798 778 quod

287 795 485 849 inprime
506 796 741 849 Regnorum
762 794 940 848 legimus
971 793 1154 834 sterilem
1187 793 1344 845 septem
1375 794 1591 847 peperisse.
1626 796 1666 836 et
1698 797 1799 848 aput

289 865 455 906 Esaiam
492 864 649 916 septem
685 862 879 904 mulieres
916 875 1044 903 unum
1082 861 1291 903 hominem
1320 862 1649 916 adprehendunt,
1684 864 1799 905 cuius

288 933 471 975 inuocari
493 945 614 986 super
634 944 676 973 se
696 944 843 973 nomen
862 931 1094 984 exposcunt.
1128 932 1169 972 et
1191 932 1400 984 apostolus
1416 932 1572 973 Paulus
1592 932 1662 985 qui
1677 933 1799 974 huius
1814 951 1846 977 ιο

288 1002 450 1044 numeri
471 1000 652 1055 legitimi
675 1001 715 1041 et
738 1001 838 1042 certi
861 1000 1053 1041 meminit
1075 999 1127 1041 ad
1150 1001 1308 1053 septem
1339 1000 1532 1042 ecclesias
1567 1001 1727 1042 scribit.
1760 1003 1801 1043 et

289 1071 333 1112 in
354 1070 605 1125 Apocalypsi
622 1069 823 1111 Dominus
841 1069 1036 1110 mandata
1054 1081 1127 1109 sua
1144 1068 1286 1110 diuina
1309 1070 1349 1110 et
1370 1070 1587 1123 praecepta
1610 1070 1800 1112 caelestia

291 1140 343 1181 ad
364 1141 522 1193 septem
545 1141 733 1182 ecclesias
755 1141 796 1181 et
818 1153 958 1182 earum
980 1140 1145 1193 angelos
1168 1139 1326 1194 dirigit.
1360 1141 1431 1193 qui
1462 1154 1569 1182 nunc
1599 1141 1693 1183 istic
1724 1155 1800 1183 nu-

291 1221 429 1250 merus
451 1209 494 1251 in
514 1210 712 1252 fratribus
735 1209 965 1259 inuenitur,
998 1210 1045 1249 ut
1076 1209 1378 1251 consummatio
1398 1210 1590 1265 legitima
1612 1212 1800 1264 conplea-

292 1277 372 1318 tur.
408 1291 500 1320 cum
523 1281 682 1333 septem
711 1278 852 1320 liberis
881 1279 1002 1331 plane
1034 1277 1250 1331 copulatur
1271 1279 1311 1320 et
1333 1281 1468 1321 mater
1489 1281 1601 1335 origo
1623 1282 1664 1322 et
1686 1282 1802 1323 radix
1816 1296 1844 1321 15

293 1360 396 1400 quae
434 1349 625 1390 ecclesias
662 1349 820 1402 septem
855 1347 1120 1402 postmodum
1156 1348 1335 1402 peperit,
1368 1348 1459 1403 ipsa
1480 1350 1614 1402 prima
1645 1351 1685 1391 et
1721 1363 1801 1392 una

294 1429 416 1470 super
437 1418 599 1471 petram
630 1417 799 1459 Domini
831 1429 928 1458 uoce
951 1416 1136 1457 fundata.
1170 1429 1242 1458 nec
1264 1419 1386 1459 uacat
1409 1418 1515 1471 quod
1536 1419 1579 1460 in
1599 1419 1802 1473 passioni-

293 1485 369 1526 bus
393 1487 478 1528 sola
501 1500 595 1529 cum
616 1487 757 1529 liberis
779 1488 913 1528 mater
935 1487 1007 1527 est.
1042 1487 1244 1540 martyres
1276 1487 1386 1529 enim
1417 1488 1487 1541 qui
1519 1501 1560 1530 se
1592 1488 1669 1531 Dei
1698 1488 1803 1531 filios

293 1554 337 1595 in
368 1556 555 1608 passione
587 1557 795 1598 testantur
814 1557 899 1598 iam
921 1568 1000 1597 non
1020 1555 1102 1597 nisi
1122 1556 1207 1598 Deo
1229 1557 1345 1610 patre
1368 1559 1602 1608 censentur,
1635 1558 1742 1601 sicut
1763 1558 1805 1600 in

294 1625 509 1680 euangelio
531 1626 734 1667 Dominus
756 1626 873 1668 docet
895 1626 1032 1667 dicens
1051 1640 1058 1666 :
1092 1638 1118 1666 n
1132 1638 1151 1666 e
1183 1639 1242 1667 uo
1256 1639 1274 1667 c
1289 1638 1347 1667 au
1361 1627 1517 1669 eritis
1549 1627 1695 1668 uobis
1727 1640 1806 1681 pa·
1819 1636 1850 1662 2·

294 1695 425 1736 trem
458 1708 609 1749 super
640 1697 845 1737 terram.
894 1708 1021 1737 unus
1056 1696 1131 1737 est
1172 1696 1309 1737 enim
1340 1697 1490 1750 pater
1520 1697 1693 1738 uester
1724 1696 1808 1749 qui

294 1763 345 1805 in
377 1765 537 1806 caelis
571 1766 659 1807 est.

355 1831 467 1883 Quae
490 1846 586 1876 uero
610 1834 825 1876 ediderunt
848 1834 1149 1877 confessionum
1171 1835 1408 1888 praeconia,
1442 1848 1565 1887 quam
1586 1835 1805 1888 praeclara,

297 1915 422 1955 quam
465 1916 616 1958 magna
653 1903 895 1945 documenta
932 1904 1028 1946 fidei
1065 1905 1360 1958 praebuerunt!
1394 1916 1462 1945 rex
1484 1903 1714 1945 Antiochus
1744 1903 1806 1944 in-

297 1971 450 2021 festus,
483 1973 611 2013 immo
643 1973 684 2013 in
716 1972 920 2015 Antiocho
954 1974 1222 2015 antichristus
1254 1986 1466 2028 expressus
1488 1985 1556 2015 ora
1577 1974 1806 2027 martyrum
1818 1981 1847 2008 25

298 2041 476 2095 gloriosa
513 2043 553 2083 et
591 2042 740 2095 spiritu
769 2042 1032 2084 confessionis
1069 2043 1228 2084 inuicta
1267 2043 1455 2098 contagio
1493 2042 1639 2083 suillae
1674 2041 1806 2083 carnis

298 2111 507 2152 maculare
530 2111 752 2163 quaerebat
775 2112 814 2152 et
838 2124 932 2152 cum
953 2111 1132 2166 flagellis
1156 2112 1341 2167 grauiter
1362 2112 1617 2153 uerberasset
1639 2123 1686 2152 ac
1705 2109 1807 2152 nihil

439 2248 483 2281 20
508 2248 639 2282 Matth.
659 2249 714 2289 23,
734 2249 763 2282 9.

371 2363 389 2395 1
417 2365 552 2407 septem
572 2364 669 2407 septe
688 2363 730 2398 S¹
808 2363 829 2397 2
856 2365 891 2397 et
910 2365 973 2404 W,
1003 2366 1042 2398 ut
1061 2363 1144 2404 SR,
1171 2365 1233 2398 aut
1254 2364 1298 2405 V;
1327 2364 1371 2407 cf.
1393 2368 1470 2398 test.
1493 2364 1519 2397 I
1535 2366 1583 2397 :20
1659 2364 1807 2397 3111011·-

299 2431 362 2454 nas
381 2420 417 2454 R
486 2421 509 2454 4
533 2420 754 2454 tabernaculi
773 2419 815 2454 :5¹
905 2432 1016 2465 super
1034 2421 1201 2466 martyrii
1218 2422 1259 2455 in
1279 2421 1307 2456 S
1322 2433 1365 2456 m.
1385 2432 1472 2456 rea:
1500 2421 1614 2466 moysi
1685 2430 1804 2464 apoca-

299 2477 414 2522 lypsis
432 2478 466 2512 R
558 2479 579 2512 ἵ)
605 2478 819 2512 solomonem
838 2478 867 2512 S
958 2479 979 2513 6
1005 2478 1208 2513 aedificauit
1226 2479 1304 2521 Rv,
1331 2480 1377 2522 cf.
1398 2483 1474 2513 test.
1494 2479 1515 2512 l.
1537 2490 1562 2513 c.
1673 2478 1805 2522 sapien-

300 2537 375 2571 tiae
395 2537 445 2571 W
536 2536 682 2580 septem]
702 2535 924 2579 septenarius
942 2547 963 2570 2·
1046 2537 1067 2570 8
1092 2546 1279 2580 regnorum
1298 2535 1389 2570 libro
1406 2549 1426 2572 1·
1512 2536 1533 2570 9
1558 2533 1808 2580 adpraehende-

301 2596 386 2628 runt
405 2594 433 2628 s
504 2594 546 2628 12
572 2593 610 2627 in
628 2593 657 2626 s
671 2603 697 2626 s.
717 2594 738 2626 1,
757 2604 800 2626 m.
818 2595 842 2627 2
915 2584 977 2627 dni
993 2594 1027 2628 R
1115 2594 1158 2627 13
1183 2593 1238 2637 ad]
1259 2595 1294 2627 et
1311 2594 1346 2628 R
1416 2594 1483 2628 stre
1503 2594 1545 2628 s=
1618 2593 1661 2626 14
1678 2592 1807 2635 septem

301 2651 476 2685 fratribus
494 2662 513 2686 υ
601 2651 816 2695 conpleatur]
836 2651 1040 2685 inueniatur
1060 2652 1110 2686 W
1187 2652 1229 2685 15
1255 2651 1451 2697 copulatur]
1468 2652 1691 2695 computatur
1710 2649 1744 2684 R

303 2709 345 2742 17
364 2710 503 2753 petram
513 2709 568 2750 8¹,
586 2710 725 2752 petrum
738 2708 959 2753 S²WRV(?)
1031 2718 1114 2742 uoce
1132 2699 1192 2742 dfii
1210 2710 1260 2744 W
1329 2710 1371 2743 18
1397 2710 1451 2743 est
1468 2719 1532 2743 om.
1549 2708 1578 2743 S
1661 2707 1703 2741 19
1728 2703 1805 2748 nisi]

303 2767 391 2801 utR
450 2758 518 2801 [1130
532 2767 583 2802 W
650 2767 827 2800 cessentur
840 2767 890 2801 W
949 2765 995 2799 20
1012 2765 1124 2810 docet]
1144 2766 1302 2810 loquitur
1317 2767 1352 2801 R
1414 2767 1458 2800 24
1475 2765 1595 2810 quam]
1609 2767 1683 2799 tam
1696 2763 1746 2799 W

304 2823 529 2869 documenta]
545 2825 665 2858 menta
683 2824 718 2859 R
731 2824 771 2857 in
789 2833 860 2857 νας.
934 2822 1146 2857 anthiochus
1162 2823 1205 2858 S¹
1223 2824 1292 2864 bis,
1312 2824 1470 2858 antiocus
1485 2824 1520 2858 R
1600 2823 1644 2857 26
1670 2818 1805 2863 suillae]

306 2892 385 2915 sum
404 2882 487 2916 illae
502 2882 535 2917 R
