1838 3152
589 260 828 306 Epistulae
851 258 930 296 LV.
956 271 984 296 c.
1009 260 1155 296 23-25.
1537 264 1622 308 643

115 365 405 409 schismaticos
434 377 594 419 semper
614 365 724 407 inter
743 364 865 407 initia
886 364 1054 415 feruere,
1085 365 1337 409 incrementa
1357 379 1452 409 uero
1473 367 1624 410 habere

123 447 202 478 non
235 446 353 488 posse
387 446 460 476 nec
491 446 641 489 augere
673 433 781 488 quod
811 433 971 476 inlicite
1001 434 1219 487 coeperint,
1256 435 1326 476 sed
1355 436 1499 478 statim
1531 449 1627 479 cum

122 516 250 559 praua
279 515 353 544 sua
380 502 655 545 aemulatione
685 502 865 545 deficere.
902 502 1181 556 episcopatum
1212 503 1351 545 autem
1379 505 1517 546 tenere
1545 517 1627 548 non

122 572 270 627 posset,
300 572 427 614 etiam
455 571 490 612 si
520 571 732 625 episcopus
760 571 874 624 prius
903 570 1036 613 factus
1057 583 1081 613 a
1102 571 1431 626 coepiscoporum
1460 585 1629 616 suorum

92 660 108 685 5
124 652 288 694 corpore
309 641 350 682 et
372 640 422 682 ab
443 640 638 682 ecclesiae
667 640 827 682 unitate
856 640 1111 688 descisceret,
1141 639 1300 693 quando
1324 642 1533 695 apostolus
1554 643 1629 684 ad-

121 710 286 751 moneat
303 710 351 751 ut
366 709 545 751 inuicem
566 709 727 751 nosmet
747 709 856 763 ipsos
878 709 1168 760 sustineamus,
1190 721 1240 751 ne
1255 709 1306 750 ab
1324 709 1484 751 unitate
1503 724 1629 764 quam

122 778 233 820 Deus
269 777 486 820 constituit
522 777 772 828 recedamuS,
810 778 852 819 et
886 776 1016 819 dicat:
1049 777 1371 820 sustinentes
1401 778 1629 821 inuicem

121 846 171 888 in
201 846 507 896 dilectione,
550 846 681 888 satis
712 846 924 901 agentes
953 857 1160 888 seruare
1190 846 1447 889 unitatem
1478 848 1630 902 spiri·

121 917 205 959 tus
235 916 286 958 in
316 915 678 957 coniunctione
709 915 862 969 pacis.
899 915 971 968 qui
1001 926 1096 970 ergo
1124 927 1197 957 nec
1224 915 1429 958 unitatem
1458 916 1628 970 spiritus

72 997 196 1027 wnee
225 984 552 1026 coniunctionem
582 984 694 1037 pacis
722 983 912 1025 obseruat
939 984 981 1025 et
1002 997 1044 1025 se
1064 984 1114 1025 ab
1145 984 1340 1027 ecclesiae
1368 985 1534 1027 uinculo
1554 986 1628 1027 ad-

122 1065 199 1107 que
220 1065 244 1095 a
259 1053 517 1095 sacerdotum
539 1052 711 1108 collegio
734 1053 908 1107 separat,
931 1052 1110 1107 episcopi
1131 1066 1204 1095 nec
1224 1055 1473 1107 potestatem
1493 1055 1628 1109 potest

122 1121 271 1164 habere
300 1135 373 1164 nec
402 1122 596 1164 honorem
626 1121 697 1175 qui
727 1121 986 1175 episcopatus
1015 1134 1088 1164 nec
1109 1122 1314 1164 unitatem
1334 1123 1468 1165 uoluit
1489 1124 1627 1166 tenere

125 1203 199 1233 nec
217 1204 372 1245 pacem.

182 1260 297 1302 Tunc
326 1260 471 1302 deinde
500 1261 677 1314 quantus
707 1259 974 1315 adrogantiae
1003 1261 1142 1302 tumor
1170 1260 1244 1310 est,
1274 1263 1429 1313 quanta
1457 1260 1700 1302 humili-25

82 1341 114 1368 1⁵
129 1329 232 1372 tatis
263 1330 305 1372 et
333 1329 518 1372 lenitatis
554 1329 723 1379 obliuio,
760 1328 1024 1384 adrogantiae
1055 1341 1151 1371 suae
1182 1330 1337 1382 quanta
1367 1330 1548 1381 iactati0‚
1585 1331 1633 1371 ut

126 1399 217 1452 quis
239 1399 312 1440 aut
332 1398 482 1440 audeat
501 1399 574 1439 aut
593 1398 724 1439 facere
744 1410 862 1451 posse
878 1409 920 1439 se
935 1398 1076 1440 credat
1096 1398 1204 1451 quod
1223 1410 1298 1440 nec
1318 1398 1513 1451 apostolis
1536 1410 1632 1440 con-

127 1467 250 1509 cessit
270 1468 485 1521 Dominus,
519 1469 566 1508 ut
587 1467 741 1508 zizania
762 1480 785 1509 a
806 1466 1012 1508 frumento
1042 1468 1162 1521 putet
1188 1478 1231 1509 se
1259 1479 1376 1521 posse
1405 1468 1633 1509 discernere

126 1537 199 1578 aut
220 1536 336 1590 quasi
358 1536 437 1590 ipsi
458 1536 596 1590 palam
613 1536 718 1578 ferre
735 1537 777 1578 et
793 1549 932 1578 aream
953 1548 1129 1591 purgare
1150 1548 1387 1578 concessum
1405 1537 1472 1587 sit,
1495 1537 1634 1590 paleas

127 1607 295 1647 conetur
325 1619 349 1647 a
378 1606 518 1647 tritico
554 1618 752 1659 separare,
790 1618 964 1658 cumque
997 1605 1205 1658 apostolus
1236 1605 1367 1647 dieat:
1404 1606 1453 1647 in
1489 1606 1633 1647 domo

76 1690 114 1716 20
128 1675 298 1716 autem
329 1687 509 1729 magna
537 1686 631 1716 non
660 1674 824 1715 solum
846 1686 968 1716 uasa
988 1686 1138 1715 aurea
1159 1674 1277 1716 sunt
1298 1675 1346 1715 et
1367 1676 1632 1729 argentea,

129 1743 217 1785 sed
247 1744 294 1786 et
325 1744 499 1799 lignea
530 1743 579 1785 et
610 1743 829 1793 fictilia,
867 1755 989 1785 aurea
1019 1744 1060 1785 et
1090 1743 1285 1797 argentea
1315 1755 1413 1784 uasa
1443 1743 1635 1786 uideatur

131 1812 295 1868 eligere,
347 1812 486 1867 lignea
525 1824 620 1854 uero
663 1813 703 1854 et
742 1812 888 1854 fictilia
928 1813 1186 1854 contemnere
1227 1812 1386 1854 abicere
1426 1813 1632 1862 damnare,

129 1882 290 1935 quando
321 1894 399 1923 non
430 1882 510 1923 nisi
541 1881 606 1923 die
627 1881 795 1923 Domini
825 1893 922 1922 uasa
950 1881 1088 1935 lignea
1116 1880 1248 1922 diuini
1269 1881 1426 1923 ardoris
1449 1881 1634 1923 incendio

268 2018 287 2052 7
306 2017 394 2062 Eph.
420 2018 454 2057 4,
479 2018 511 2052 2.
538 2018 569 2051 3.
666 2018 709 2051 19
735 2017 773 2051 Il
798 2017 889 2052 Tim.
914 2018 947 2057 2,
973 2018 1027 2051 20.

198 2132 216 2165 1
236 2131 484 2165 schismaticus
504 2130 534 2165 C
610 2140 745 2175 semper
761 2141 826 2165 om.
844 2130 878 2165 R
956 2130 1062 2165 initia
1080 2142 1143 2165 sua
1161 2131 1226 2166 CR
1301 2131 1436 2176 4posse
1451 2131 1588 2176 BC'QR

129 2199 150 2222 a
167 2199 233 2223 om.
254 2188 289 2222 B
420 2188 442 2222 5
459 2188 635 2222 unitatem
655 2188 690 2222 B
821 2187 1013 2222 desciscere
1034 2188 1073 2234 Q,
1097 2188 1285 2223 desisteret
1303 2189 1346 2230 P,
1372 2188 1568 2223 discederet
1587 2189 1632 2229 B,

126 2245 330 2280 discesserit
351 2246 381 2281 C
482 2247 617 2290 quanto
640 2245 669 2280 G
674 2246 683 2264 ¹
776 2248 920 2280 moneat
943 2246 1006 2281 C'R
1110 2247 1131 2281 6
1149 2257 1184 2280 se
1203 2245 1379 2290 medipsos
1396 2246 1432 2281 R
1525 2247 1633 2280 susti-

127 2314 272 2337 neamus
298 2314 363 2338 om.
387 2303 416 2348 Q
441 2304 536 2347 (emh.
555 2303 616 2346 M)
756 2303 874 2348 qnam]
902 2303 1040 2348 quando
1060 2304 1094 2338 B
1232 2304 1254 2338 8
1276 2303 1482 2347 dilectione]
1507 2303 1634 2348 digna·

127 2360 222 2394 tione
237 2360 272 2394 Β
356 2362 378 2394 9
391 2360 671 2395 coniunctionem
687 2360 757 2405 BQ
842 2362 903 2405 qui
924 2388 930 2394 .
947 2388 953 2394 .
970 2388 976 2393 .
998 2361 1093 2406 pacis
1108 2372 1173 2395 om.
1194 2361 1224 2396 C'
1308 2362 1349 2394 11
1365 2371 1385 2395 a
1399 2371 1463 2395 o‘m.
1481 2361 1588 2396 BCR

131 2416 305 2461 episcopis
328 2417 356 2452 C
364 2420 370 2435 ¹
489 2418 532 2452 13
550 2418 684 2463 paceni]
707 2417 836 2452 habere
854 2418 939 2453 add.
960 2418 995 2453 R
1112 2418 1156 2453 14
1173 2420 1250 2452 tum
1268 2431 1289 2453 v
1397 2421 1551 2464 quantus
1574 2447 1579 2452 .
1598 2446 1604 2452 .
1621 2448 1626 2453 .

125 2485 164 2518 p.
193 2478 299 2518 644,1
332 2475 540 2519 frangantur
570 2476 649 2510 emh.
675 2475 831 2520 Auyust.
863 2476 907 2510 de
935 2476 1110 2520 baptismo
1138 2480 1268 2511 contra
1292 2476 1428 2511 Donat.
1457 2478 1516 2511 IV
1538 2480 1583 2512 18

131 2531 240 2565 timor
263 2534 291 2566 (3
384 2532 570 2566 humilitas
588 2533 624 2567 R
726 2533 770 2566 15
787 2535 822 2567 et
844 2533 1070 2577 arrogantiae
1088 2535 1184 2578 Any.
1289 2535 1331 2568 16
1348 2535 1410 2578 qui
1433 2535 1478 2569 C²
1572 2536 1634 2569 aut

131 2588 272 2634 audeat]
291 2589 421 2624 audeat
438 2590 533 2635 Any.
629 2601 664 2624 se
681 2601 781 2635 posse
799 2602 820 2625 v
914 2601 950 2625 se
967 2591 1099 2636 credat]
1120 2592 1256 2626 secreta
1272 2592 1321 2625 Μ
1335 2594 1385 2634 (se
1401 2591 1523 2626 credat
1544 2591 1586 2636 Q)

134 2647 176 2681 17
195 2647 337 2680 zezania
355 2647 391 2682 R
522 2659 557 2681 se
574 2649 678 2692 putet
700 2648 730 2693 Q
860 2659 960 2692 posse
979 2648 1013 2683 L
1029 2659 1056 2683 3.
1076 2649 1098 2682 l.
1117 2660 1159 2683 m.
1179 2651 1202 2683 2
1341 2648 1383 2682 18
1401 2649 1476 2693 aut]
1496 2652 1535 2683 ut
1555 2649 1589 2682 B

130 2704 267 2748 paleam
292 2704 322 2740 C
336 2709 369 2739 et
389 2705 422 2739 L
440 2715 484 2739 esc
500 2705 619 2749 palam
637 2716 681 2740 m.
701 2708 726 2740 2
827 2706 876 2739 sit
893 2716 937 2740 ecc
954 2707 1009 2739 est
1032 2706 1062 2740 C
1077 2717 1120 2740 m.
1137 2709 1161 2739 2
1261 2705 1307 2739 20
1324 2707 1408 2739 suut
1426 2715 1512 2739 uasa
1528 2715 1635 2739 aurea

130 2761 228 2807 Any.
345 2762 388 2796 21
408 2762 505 2796 linea
523 2763 566 2803 L,
587 2763 706 2807 lignea
723 2774 805 2797 uero
830 2763 859 2798 C
964 2774 1069 2797 aurea
1089 2790 1096 2796 .
1113 2789 1118 2796 .
1137 2791 1143 2798 .
1163 2762 1291 2797 fictilia
1309 2774 1375 2797 om.
1398 2763 1429 2798 C
1535 2761 1633 2796 uide-

130 2820 227 2852 retur
246 2819 293 2853 M
301 2820 307 2838 ¹
323 2819 504 2862 (uideatur
521 2818 567 2853 M
571 2820 632 2865 Ὦ)
758 2821 803 2855 2⁸2
820 2820 963 2865 abigere
982 2820 1026 2862 B,
1047 2822 1082 2854 et
1101 2819 1239 2855 abicere
1257 2821 1293 2853 et
1312 2820 1406 2864 Any.
1535 2819 1580 2853 ⁶23
1598 2819 1636 2854 in

127 2875 186 2909 die
206 2875 279 2910 RV
294 2878 388 2921 Any.
484 2888 503 2911 a
520 2877 635 2911 diuini
655 2878 716 2918 13²,
739 2888 759 2911 a
775 2877 899 2912 diuina
921 2878 964 2913 (1¹

1263 2936 1315 2976 41
1339 2935 1359 2958 *
