1912 3152
277 209 358 251 170
806 207 999 243 Caecilii
1024 208 1240 252 Cypriani

271 324 401 355 nonne
423 312 595 353 stultam
617 311 714 353 feeit
731 312 840 353 Deus
862 312 1108 366 sapientiam
1129 312 1250 353 huius
1272 312 1446 355 mundi?
1468 313 1660 366 quoniam
1682 313 1774 366 qui-

271 382 364 422 dem
385 382 426 422 in
448 381 647 433 sapientia
668 381 742 421 Dei
764 393 842 422 non
865 381 1056 434 cognouit
1078 381 1254 422 mundus
1271 394 1342 433 per
1359 381 1604 434 sapientiam
1625 382 1772 432 Deum,

272 449 503 502 conplacuit
531 450 617 491 Deo
652 462 722 503 per
757 450 984 491 stultitiam
1020 450 1332 503 praedicationis
1355 451 1514 492 saluare
1545 451 1772 492 eredentes:

271 519 464 572 quoniam
485 518 629 560 Iudaei
651 518 768 572 signa
789 519 1020 560 desiderant
1042 519 1082 560 et
1104 517 1246 560 Graeci
1276 519 1538 572 prudentiam
1560 522 1770 572 quaerunt.

269 600 341 629 nos
377 588 516 629 autem
550 587 832 640 praedicamus
869 586 1079 628 Christum
1115 587 1373 638 crucifixum,
1407 588 1569 629 Iudaeis
1607 589 1773 641 quidem
1806 611 1820 635 5

271 657 528 707 scandalum,
562 656 753 711 gentibus
785 657 923 697 autem
956 656 1202 706 stultitiam,
1235 656 1335 708 ipsis
1366 658 1503 698 autem
1525 658 1682 699 uocatis
1704 658 1775 698 Iu-

270 726 382 768 daeis
405 727 444 768 et
466 725 630 768 Graecis
648 725 859 767 Christum
876 725 953 766 Dei
975 726 1176 766 uirtutem
1199 726 1239 766 et
1256 726 1332 767 Dei
1354 726 1611 779 sapientiam.
1646 727 1775 768 Item

270 795 355 836 illi
369 808 408 836 o:
431 795 562 836 Nemo
584 807 625 836 se
643 794 829 848 decipiat.
865 794 898 834 si
921 794 1011 847 quis
1033 795 1153 846 putat
1175 794 1399 846 sapientem
1417 806 1458 836 se
1473 807 1559 836 esse
1580 795 1622 836 in
1645 795 1774 845 uobis,

270 865 429 907 saeculo
464 865 559 905 huie
595 863 748 904 stultus
784 863 858 904 fiat
889 863 936 904 ut
971 863 1026 904 sit
1062 862 1233 916 sapiens.
1274 863 1475 916 sapientia
1509 863 1618 905 enim
1653 864 1775 904 huius

268 933 412 975 mundi
435 932 617 974 stultitia
637 932 698 974 est
719 932 827 986 apud
857 932 1003 974 Deum.
1039 931 1239 984 scriptum
1270 933 1331 973 est
1360 931 1496 973 enim:
1530 932 1776 984 conprehen-
1791 950 1823 974 10

269 1004 365 1045 dens
403 1002 605 1056 sapientes
637 1001 678 1042 in
710 1001 864 1042 astutia
895 1001 1089 1054 ipsorum.
1137 1001 1270 1043 Item
1301 1001 1441 1044 illic:
1488 1001 1689 1044 Dominus
1712 1014 1777 1044 co-

269 1072 413 1127 gnouit
435 1071 700 1125 cogitationes
723 1071 991 1124 sapientium,
1025 1071 1121 1123 quia
1142 1083 1271 1112 uanae
1293 1072 1398 1112 sunt.

682 1187 974 1228 PARENTIBVS
1007 1198 1358 1237 OBSEQVENDVM.

204 1281 256 1322 70
326 1269 522 1310 Paulus
544 1268 814 1321 apostolus
837 1268 898 1309 ad
920 1268 1190 1320 Ephesios:
1214 1268 1334 1319 Filii,
1358 1268 1627 1321 obsequentes
1649 1268 1777 1310 estote

270 1337 508 1392 parentibus
530 1337 694 1378 uestris.
724 1337 800 1378 hoo
822 1337 931 1378 enim
953 1337 1014 1378 est
1035 1337 1205 1378 iustum.
1238 1337 1391 1378 honora
1412 1338 1572 1389 patrem
1594 1338 1713 1378 tuum
1736 1338 1776 1378 et
1793 1356 1823 1380 15

268 1410 462 1458 matrem,
495 1407 602 1460 quod
634 1407 695 1447 est
725 1406 967 1447 mandatum
998 1406 1179 1459 primum
1211 1405 1254 1447 in
1284 1405 1569 1458 promissione,
1601 1407 1648 1448 ut
1668 1407 1768 1448 bene

269 1477 323 1517 sit
344 1476 422 1517 tibi
454 1476 494 1517 et
517 1476 571 1516 sis
594 1478 818 1530 longaeuus
840 1487 960 1528 super
980 1476 1145 1517 terram.

268 1592 448 1633 PATRns
470 1603 655 1641 Qvoovn
684 1602 883 1633 AsPERos
915 1603 1019 1633 EssE
1052 1602 1187 1633 ernoA
1219 1603 1369 1634 1‹*11,1os
1399 1603 1495 1634 NON
1526 1602 1777 1634 OPORTERE.

203 1682 250 1723 71
326 1673 517 1714 Paulus
549 1673 820 1726 apostolus
852 1672 911 1714 ad
942 1672 1212 1725 Ephesios:
1260 1673 1313 1713 Et
1335 1684 1430 1723 uos,
1464 1673 1620 1726 patres,
1652 1671 1778 1712 nolite

268 1743 319 1783 ad
350 1741 604 1783 iracundiam
634 1754 852 1795 prouocare
884 1742 990 1783 filios
1021 1743 1199 1793 uestros,
1232 1742 1301 1783 sed
1322 1742 1478 1783 nutrite
1501 1754 1566 1783 eos
1588 1741 1630 1782 in
1654 1741 1776 1782 disci-
1792 1763 1824 1789 20

270 1812 384 1866 plina
407 1813 445 1853 et
469 1811 719 1865 correptione
741 1811 922 1853 Domini.

403 1950 424 1983 8
450 1949 468 1983 Ι
487 1949 562 1984 Cor.
585 1949 616 1991 3,
637 1948 680 1982 18
699 1959 749 1993 sq.
822 1949 866 1983 14
890 1949 980 1994 Eph.
999 1948 1029 1982 6.
1049 1949 1148 1983 1-3,
1222 1949 1264 1983 19
1291 1948 1377 1993 Eph.
1398 1948 1428 1989 6,
1447 1948 1479 1982 4.

337 2066 351 2098 ]
382 2065 531 2098 stultam
559 2065 726 2108 (stultum
753 2066 798 2108 A)
831 2063 916 2098 fecit
936 2063 1044 2105 AW,
1083 2063 1281 2098 infatuabit
1302 2064 1354 2104 Β,
1385 2062 1582 2097 infatuauit
1607 2062 1708 2097 lelv

267 2122 373 2156 huius
391 2122 530 2165 mundi]
550 2122 681 2156 saeculi
702 2122 750 2157 W
836 2122 857 2155 2
881 2121 919 2155 in
936 2131 1000 2155 om.
1022 2121 1088 2163 W,
1116 2131 1260 2155 cra-sum
1281 2122 1320 2155 in
1338 2121 1372 2155 L
1444 2121 1654 2164 sapientiam
1672 2118 1708 2153 L

269 2180 385 2223 deum]
405 2178 467 2212 deo
486 2179 538 2221 B,
557 2178 620 2212 dni
639 2179 725 2213 LM
792 2180 813 2212 3
838 2178 975 2223 placuit
994 2179 1044 2214 W
1110 2179 1132 2213 4
1158 2178 1369 2223 desiderant]
1387 2179 1516 2223 petunt
1538 2178 1589 2213 W
1659 2177 1679 2210 6
1705 2176 1775 2220 ipsi

267 2238 300 2271 Β
395 2237 413 2270 7
439 2236 524 2270 item
543 2236 619 2270 illic
636 2236 725 2277 AB,
753 2238 788 2270 et
806 2236 936 2270 iterum
955 2236 1128 2279 1VLMv;
1154 2236 1234 2270 item
1255 2237 1275 2270 l.
1296 2239 1336 2270 11
1431 2237 1453 2269 ὃ
1479 2236 1538 2280 qui
1560 2235 1646 2270 WL
1740 2245 1775 2269 se

267 2294 461 2338 sapientem
476 2294 558 2327 MR
630 2293 844 2337 sapientem.
860 2320 866 2326 .
883 2294 922 2327 .l.
937 2295 959 2327 9
978 2293 1117 2337 sapiens
1131 2294 1181 2328 W
1191 2303 1217 2327 s.
1232 2293 1252 2327 l.
1274 2304 1314 2327 m.
1334 2294 1359 2327 2
1429 2293 1450 2326 9
1477 2293 1626 2336 saeculo]
1645 2291 1774 2325 mundo

268 2353 325 2387 Βυ
419 2351 479 2395 sit]
499 2351 562 2384 fiat
575 2350 696 2385 LML‘
790 2351 834 2384 10
857 2350 979 2384 mundi
995 2351 1100 2385 huius
1119 2351 1154 2384 Β
1252 2350 1532 2394 conpraehendes
1550 2352 1602 2391 A,
1629 2350 1774 2394 adprae-

266 2408 422 2443 hendens
448 2409 512 2450 W,
539 2409 817 2453 repraehendens
837 2410 884 2444 M
894 2410 954 2450 ¹B,
990 2409 1364 2453 1·0p1·aehenda1nM2‚
1392 2409 1624 2453 reprehendes
1649 2409 1705 2444 Le)

267 2469 308 2501 11
336 2467 475 2501 astudia
493 2478 611 2501 eorum
624 2467 659 2501 A
732 2468 775 2501 12
802 2468 970 2511 quoniam
987 2469 1022 2501 A
1093 2478 1203 2501 uanae
1224 2469 1308 2501 sunt
1318 2467 1362 2507 A,
1382 2467 1493 2501 stulte
1514 2469 1597 2502 sunt
1613 2468 1670 2508 W,
1691 2468 1773 2501 sunt

265 2524 396 2558 stultae
408 2524 549 2559 LMRo
621 2524 665 2558 14
689 2524 725 2557 in
743 2524 898 2568 epistula
918 2525 1097 2569 (epistulis
1108 2526 1158 2570 L)
1175 2525 1275 2570 pauli
1292 2526 1337 2559 W
1339 2525 1482 2560 LMJ-Jv
1553 2525 1596 2559 16
1622 2527 1771 2558 matrem

264 2584 363 2614 tuam
373 2582 440 2615 Mo
511 2581 552 2615 17
570 2580 640 2614 tibi
659 2581 707 2615 sit
727 2581 776 2616 W
842 2582 1015 2626 longeuus
1031 2582 1078 2616 sis
1090 2583 1136 2616 M
1206 2582 1251 2618 18
1271 2583 1362 2617 circa
1379 2583 1471 2616 filios
1489 2593 1562 2616 esse
1575 2582 1705 2617 WLM

266 2639 306 2672 15)
332 2639 458 2683 paulus
478 2649 508 2672 a.
527 2649 557 2672 a.
576 2638 703 2673 efesios
721 2639 773 2680 A,
800 2639 887 2673 item
906 2639 981 2674 illic
1000 2640 1065 2681 W,
1092 2642 1127 2674 et
1145 2641 1275 2674 iterum
1294 2640 1347 2681 Β,
1374 2650 1438 2675 om.
1459 2640 1559 2683 LM;
1578 2640 1772 2674 uariantes

265 2696 434 2730 lectiones
451 2696 486 2730 icl
500 2707 616 2741 yenus
627 2698 781 2740 posthac
798 2708 874 2731 ozon
888 2697 1070 2731 aclnotaui
1134 2699 1169 2732 et
1186 2708 1251 2732 om.
1271 2699 1307 2732 Β
1369 2708 1431 2732 uos
1450 2709 1514 2732 om.
1535 2697 1703 2733 WLMB

264 2754 397 2797 patres]
417 2755 579 2797 parentes
594 2753 643 2787 M
710 2754 755 2788 ⁴20
780 2754 823 2788 ad
833 2755 915 2795 AB,
935 2754 971 2788 in
987 2755 1139 2790 WLMv
1209 2755 1393 2789 iracundia
1407 2756 1442 2790 B
1520 2765 1708 2799 prouocare
1725 2755 1771 2798 A,

267 2810 410 2844 mittere
424 2812 612 2846 WLMBv
684 2812 732 2848 21
760 2812 1012 2856 correptionem
1029 2813 1083 2854 A,
1109 2812 1324 2847 correctione
1338 2813 1419 2847 LM
