1912 3152
247 192 330 232 380
759 187 955 223 Caecilii
984 187 1199 232 Cypriani

247 294 355 345 tam]
388 303 505 344 posse
536 291 725 343 mentiri,
760 292 923 333 arbores
945 291 1220 333 infructuosas
1243 292 1286 333 id
1308 293 1370 333 est
1392 291 1552 332 steriles
1574 291 1760 333 homines

249 361 379 402 excidi
402 361 443 401 et
464 360 506 401 in
528 360 669 415 ignem
690 361 831 411 mitti⁷
864 360 1147 401 misericordes
1172 361 1223 402 ad
1245 373 1420 414 regnum
1442 360 1593 401 uocari.
1627 360 1696 412 qui
1719 359 1760 399 et

250 429 330 470 alio
362 429 404 470 in
434 430 521 470 loco
545 431 750 483 operarios
774 431 814 470 et
835 429 1068 471 fructuosos
1090 430 1231 471 fideles
1254 429 1459 482 appellat,
1493 428 1760 470 infructuosis

248 510 344 539 uero
379 499 420 539 et
457 498 669 540 sterilibus
701 498 825 540 fidem
862 499 1034 553 derogat
1071 498 1230 539 dicens:
1279 499 1322 538 si
1354 498 1403 539 in
1435 498 1631 538 iniusto
1664 509 1760 537 ma-

247 579 391 608 mona
423 566 619 608 fideles
652 579 746 608 non
777 566 979 616 fuistis,
1026 567 1155 619 quod
1190 567 1269 607 est
1300 579 1479 608 uerum
1512 565 1629 619 quis
1661 577 1760 606 cre-
1792 583 1807 606 5

247 635 332 676 det
362 636 538 677 uobis?
580 636 631 677 et
674 636 718 677 si
760 636 810 676 in
841 635 1010 676 alieno
1057 633 1245 676 fideles
1284 639 1378 677 non
1419 635 1631 684 fuistis,
1678 646 1761 674 ue-

247 705 416 746 strum
449 705 566 757 quis
599 705 745 746 dabit
776 705 957 746 uobis?

208 779 232 817 9
305 772 384 814 Sed
406 773 558 815 uereris
591 775 631 815 et
663 773 815 814 metuis
846 787 896 814 ne
928 774 960 813 si
997 773 1154 826 operari
1177 773 1407 827 plurimum
1430 773 1607 826 coeperis
1632 771 1762 825 patri-

247 842 383 882 monio
419 843 490 883 tuo
527 842 644 896 larga
680 842 914 895 operatione
951 842 1067 883 finito
1100 843 1150 883 ad
1182 842 1398 895 penuriam
1420 842 1524 883 forte
1546 840 1760 894 redigaris,

248 912 334 951 esto
358 911 400 951 in
421 911 496 952 hac
518 911 634 963 parte
657 911 908 963 intrepidus,
942 912 1028 952 esto
1052 924 1232 953 securus.
1265 911 1376 952 finiri
1398 923 1477 952 non
1497 911 1634 963 potest
1656 909 1761 950 unde
1776 927 1809 950 10

247 979 288 1020 in
321 991 418 1020 usus
452 978 604 1020 Christi
638 979 914 1032 impenditur,
948 981 1056 1021 unde
1087 992 1186 1033 opus
1220 980 1393 1021 caeleste
1416 980 1655 1020 celebratur,
1689 991 1762 1019 nee

247 1048 322 1089 hoc
344 1048 422 1088 tibi
446 1049 494 1089 de
516 1061 605 1089 meo
630 1049 805 1101 spondeo
829 1049 898 1089 sed
930 1049 978 1089 de
1011 1051 1246 1090 sanctarum
1279 1049 1578 1101 scripturarum
1610 1048 1688 1088 fide
1722 1049 1762 1088 et

252 1117 416 1158 diuinae
451 1117 767 1170 pollicitationis
805 1117 1055 1159 auctoritate
1092 1118 1304 1170 promitto.
1344 1117 1530 1170 loquitur
1551 1129 1622 1170 per
1644 1115 1760 1157 Salo-

250 1198 413 1227 monem
436 1185 615 1238 Spiritus
639 1187 803 1227 sanctus
827 1188 867 1228 et
889 1187 1011 1228 dicit:
1045 1201 1069 1240 q
1080 1188 1130 1228 ui
1164 1188 1249 1229 dat
1280 1186 1593 1240 pauperibus
1625 1199 1761 1226 num-

250 1266 401 1306 quam
448 1255 648 1308 egebit:
697 1255 780 1308 qui
827 1256 1002 1297 autem
1050 1256 1253 1297 auertit
1299 1256 1504 1296 oculum
1537 1267 1680 1295 suum
1711 1254 1809 1294 inis,

251 1335 434 1377 magna
465 1324 682 1376 penuria
714 1324 835 1375 erit,
870 1326 1084 1366 ostendens
1120 1325 1403 1366 misericordes
1438 1325 1570 1377 adque
1592 1336 1762 1377 operan-

252 1392 315 1433 tes
346 1404 463 1445 egere
495 1404 574 1433 non
604 1404 740 1445 posse⁷
775 1394 909 1447 magis
942 1406 1081 1446 parcos
1115 1396 1155 1436 et
1188 1395 1348 1436 steriles
1371 1394 1423 1436 ad
1445 1394 1626 1447 inopiam
1648 1393 1762 1446 post-

251 1462 420 1503 modum
443 1461 645 1503 deuenire.
679 1462 780 1503 item
802 1463 947 1505 beatus
969 1465 1178 1517 apostolus
1201 1465 1357 1506 Paulus
1381 1463 1608 1504 dominicae
1630 1462 1762 1515 inspi—

250 1530 419 1573 rationis
456 1531 591 1584 gratia
626 1532 791 1584 plenus,
840 1532 926 1584 qui
959 1534 1328 1583 administrat,
1377 1533 1535 1586 inquit7
1586 1544 1760 1573 semen

252 1600 536 1642 seminanti
568 1602 615 1642 et
645 1614 821 1653 panem
853 1602 911 1642 ad
945 1603 1191 1643 edendum
1222 1602 1520 1655 praestabit
1551 1603 1602 1643 et
1633 1601 1811 1642 mul-20

252 1668 528 1720 tiplicabit
560 1670 971 1712 seminationem
1005 1674 1237 1713 uestram
1271 1673 1318 1714 et
1351 1672 1564 1727 augebit
1594 1671 1761 1712 incre-

253 1739 427 1780 menta
459 1738 667 1794 frugum
700 1740 950 1781 iustitiae
983 1743 1216 1791 uestrae,
1251 1743 1306 1783 ut
1338 1744 1386 1782 in
1419 1739 1663 1782 omnibus
1694 1740 1763 1780 lo-

253 1808 619 1861 cupletemini.
674 1811 715 1850 et
744 1809 917 1850 iterum:
960 1810 1361 1852 administratio
1393 1811 1552 1851 huius
1584 1808 1765 1850 officii

251 1889 345 1918 non
376 1878 582 1919 tantum
615 1878 894 1932 supplebit
926 1893 979 1921 ea
1011 1893 1138 1933 quae
1170 1881 1371 1922 sanctis
1420 1880 1628 1928 desunt,
1680 1878 1765 1919 sed

253 1948 305 1987 et
351 1947 644 1989 abundabit
690 1961 776 2000 per
822 1949 1045 1990 multam
1086 1951 1380 2004 gratiarum
1420 1949 1682 1991 actionem
1714 1947 1810 1987 in25

255 2016 492 2057 Domino:
526 2017 720 2069 quoniam
743 2017 843 2058 dum
866 2018 1095 2072 gratiarum
1118 2019 1223 2060 actio
1246 2019 1296 2060 ad
1328 2019 1462 2060 Deum
1494 2030 1565 2070 pro
1588 2017 1761 2058 eleemo-

388 2154 410 2186 4
436 2153 518 2187 Luc.
539 2154 594 2194 16,
616 2154 655 2187 11
678 2165 728 2198 sq.
803 2155 847 2189 14
872 2155 976 2189 Prou.
995 2155 1049 2195 28,
1069 2155 1124 2188 27.
1199 2156 1242 2188 19
1271 2155 1305 2188 ΙΙ
1325 2154 1400 2189 Cor.
1421 2156 1453 2195 9,
1474 2154 1517 2188 10
1536 2164 1585 2197 sq.

322 2280 337 2313 1
360 2280 502 2314 arbores
521 2291 557 2313 es
574 2280 614 2315 δ’
681 2281 826 2315 stereles
845 2281 873 2315 S
932 2282 953 2315 2
970 2282 1214 2316 misericordes
1226 2281 1382 2317 SFWG
1390 2281 1428 2322 V,
1448 2281 1525 2314 mis.
1543 2281 1659 2314 autem
1679 2290 1696 2313 υ

253 2338 274 2371 3
301 2337 416 2371 fidelis
436 2337 561 2371 Sitem
582 2338 601 2371 l.
624 2341 644 2371 :3
663 2343 696 2371 ct
715 2341 737 2371 6
848 2339 871 2372 4
897 2341 932 2372 ct
950 2339 1134 2373 sterilibus
1155 2351 1222 2374 om.
1239 2340 1288 2374 W
1373 2339 1409 2372 in
1428 2349 1493 2372 om.
1515 2337 1580 2373 SG
1651 2347 1762 2370 mam-

253 2405 357 2429 mona
374 2406 409 2436 υ,
437 2406 657 2429 mammonae
683 2396 714 2429 G
831 2397 852 2428 ἴ)
878 2398 933 2430 est
956 2398 1118 2430 uestrum
1137 2397 1185 2438 F,
1213 2398 1374 2430 uestrum
1393 2397 1446 2430 est
1470 2396 1501 2429 G
1519 2395 1598 2438 (Sed
1616 2397 1671 2429 est
1695 2406 1720 2429 3.
1741 2396 1761 2429 Ζ.

252 2465 296 2487 m.
315 2454 356 2495 2)
454 2453 566 2487 credit
585 2454 626 2494 S,
653 2453 754 2488 dabit
778 2454 810 2488 G
903 2456 924 2488 6
950 2456 1107 2488 uestrum
1129 2454 1303 2496 SWGV,
1331 2454 1425 2498 quod
1455 2456 1613 2488 uestrum
1637 2454 1692 2486 est
1715 2453 1763 2494 F,

254 2510 346 2555 quod
363 2512 418 2544 est
435 2512 594 2544 uestrum
613 2522 633 2545 v
727 2512 749 2544 8
774 2511 846 2555 sed]
867 2512 895 2544 si
917 2523 935 2546 17
1022 2512 1042 2545 9
1068 2512 1215 2545 finiatur
1232 2512 1272 2546 F
1355 2512 1397 2545 11
1423 2522 1523 2544 usum
1550 2511 1582 2545 G
1654 2511 1696 2544 12
1721 2509 1761 2543 de

254 2580 330 2602 meo
349 2579 393 2602 ea:
410 2568 519 2602 debeo
539 2568 569 2602 S
582 2580 623 2602 m.
639 2571 663 2604 2
734 2569 951 2613 sanctarum]
971 2569 1195 2613 singularum
1216 2570 1266 2604 Hs
1341 2570 1389 2613 et]
1410 2570 1445 2603 et
1463 2568 1505 2602 de
1524 2569 1572 2603 W
1660 2568 1703 2602 14
1727 2568 1762 2600 et

254 2627 343 2661 dicit
355 2637 420 2661 om.
438 2626 471 2660 G
536 2626 577 2660 1⁴3
596 2637 763 2671 magnam
782 2627 812 2660 S
871 2626 1028 2661 ostendit
1044 2627 1076 2661 G
1149 2628 1195 2661 20
1212 2627 1256 2661 ad
1271 2627 1442 2661 edendum
1458 2627 1543 2661 adel.
1558 2626 1656 2661 ΨΜ.
1672 2628 1696 2659 2

253 2685 295 2718 21
323 2686 481 2718 uestram
500 2695 543 2718 ea:
561 2684 636 2718 eius
655 2684 686 2719 S
768 2685 812 2718 22
838 2685 1105 2728 locupletamini
1126 2685 1155 2719 S
1170 2686 1277 2728 (corr.
1298 2696 1342 2718 m.
1357 2688 1379 2719 2
1398 2695 1418 2718 a
1438 2685 1477 2718 in
1495 2685 1523 2726 i)
1610 2684 1655 2717 24
1680 2691 1761 2724 sup-

254 2742 370 2786 pleuit
394 2742 443 2785 G,
470 2742 637 2786 implebit
658 2743 701 2775 W
770 2753 845 2776 eam
866 2742 906 2776 S¹
979 2743 1023 2775 25
1049 2744 1084 2775 et
1102 2753 1166 2776 om.
1190 2742 1237 2776 W
1308 2742 1506 2776 abundauit
1528 2743 1557 2775 G
1629 2739 1760 2773 multas

263 2810 296 2843 g.
317 2800 474 2833 actiones
494 2799 526 2833 G
584 2800 620 2833 in
636 2810 700 2834 om.
713 2798 764 2833 F¹
835 2800 879 2833 26
898 2788 978 2833 ‹ffn‘o
997 2799 1063 2833 se
1073 2800 1110 2841 V,
1130 2791 1191 2834 affl
1205 2800 1275 2839 F1,
1307 2799 1364 2833 am
1385 2797 1766 2842 WF222,·0f.test.1H

257 2861 275 2890 1
290 2868 328 2900 p.
349 2860 411 2890 113
494 2868 571 2890 cum
594 2858 623 2890 G
696 2868 757 2901 per
776 2856 1010 2891 aelemosinas
1028 2845 1110 2890 Jffzis
1129 2855 1221 2899 (adq.
1243 2867 1334 2900 oper.
1355 2857 1436 2901 mn.)
1459 2856 1490 2890 G
