1838 3152
540 253 773 297 Epistulae
799 254 996 289 LXXIII.
1023 266 1049 289 c.
1079 256 1221 290 18—19.
1546 260 1627 302 793

132 356 303 399 terrenis
342 369 389 399 ac
424 357 699 399 saecularibus
740 357 902 399 discant
935 359 976 399 et
1010 359 1142 400 sciant
1177 358 1385 401 Christum
1421 374 1499 402 non
1536 362 1624 403 sine

133 425 311 467 maxima
333 426 639 479 exprobratione
661 425 862 479 posuisse:
890 425 1000 467 filii
1021 427 1219 468 saeculi
1242 428 1392 469 huius
1414 429 1626 481 pruden-

132 494 294 535 tiores
325 496 443 535 sunt
474 494 608 535 siliis
639 494 790 536 lucis.
822 494 866 535 in
896 495 1056 536 saeculo
1089 495 1168 536 isto
1197 496 1232 537 si
1263 496 1376 537 cuius
1407 498 1514 550 patri
1548 498 1626 538 ali-

132 562 223 615 quis
252 563 481 604 conuicium
510 562 663 612 fecerit,
693 563 727 603 si
749 562 1067 604 contumeliosus
1089 576 1136 604 ac
1157 575 1301 615 procax
1322 564 1517 617 pudorem
1539 565 1626 607 eius

104 632 173 672 ⁵et
207 630 399 672 honorem
435 623 632 673 maledico
669 642 736 672 ore
772 630 1026 674 lacerauerit.
1063 631 1301 684 indignatur
1336 631 1445 673 filius
1476 634 1517 674 et
1544 633 1627 675 ira-

131 699 258 741 scitur
288 701 328 740 et
360 700 460 741 laesi
491 700 620 752 patris
652 699 848 741 iniuriam
880 699 1029 752 quibus
1062 700 1195 752 potest
1226 700 1384 741 uiribus
1414 700 1622 743 uindicare

129 769 308 809 conatur.
348 770 394 809 tu
426 766 636 809 Christum
672 769 792 820 putas
827 767 968 820 impiis
1004 769 1045 809 et
1075 768 1286 822 sacrilegis
1317 770 1358 810 et
1390 768 1430 809 in
1463 771 1622 822 patrem

129 849 249 878 suum
281 836 532 889 blasphemis
564 835 839 888 inpunitatem
870 836 965 877 dare
995 839 1035 877 et
1065 837 1122 877 eis
1151 836 1192 877 in
1222 836 1424 888 baptismo
1458 838 1624 889 peccata

128 905 338 946 dimittere
378 916 478 956 quos
518 905 675 946 constet
716 904 941 957 baptizatos
985 905 1126 946 eadem
1168 904 1299 946 adhuc
1336 905 1377 946 in
1412 917 1623 957 personam

84 987 116 1011 ιο
129 972 259 1026 patris
299 972 521 1014 maledicta
561 984 788 1026 congerere,
830 973 1062 1014 incessabili
1099 972 1421 1025 blasphemantis
1459 973 1623 1026 linguae

128 1041 276 1083 scelere
298 1043 491 1094 peccare?
511 1040 587 1082 hoc
607 1041 867 1090 christianus,
890 1041 965 1082 hoc
983 1041 1057 1082 Dei
1080 1053 1221 1082 seruus
1243 1043 1377 1094 potest
1399 1043 1472 1082 aut
1488 1043 1624 1083 mente

127 1110 332 1162 concipere
364 1111 435 1151 aut
467 1108 547 1151 fide
577 1110 735 1151 credere
767 1111 838 1150 aut
870 1122 1053 1151 sermone
1086 1110 1292 1162 proferre?
1332 1111 1373 1150 et
1404 1109 1474 1151 ubi
1505 1111 1624 1152 erunt

127 1178 232 1232 legis
282 1179 498 1231 praecepta
548 1178 689 1219 diuina
734 1191 837 1231 quae
882 1179 1045 1220 dicunt:
1098 1179 1280 1220 honora
1332 1180 1527 1232 patrem
1572 1180 1621 1221 et

126 1248 369 1288 matrem?
399 1247 479 1288 nisi
514 1247 549 1289 si
581 1247 828 1288 uocabulum
865 1247 994 1299 patris
1027 1248 1134 1300 quod
1165 1249 1208 1288 in
1238 1247 1402 1289 homine
1434 1247 1622 1289 honorari

80 1330 111 1355 ιε
125 1315 378 1369 praecipitur
405 1315 448 1356 in
469 1315 554 1356 Deo
585 1315 737 1367 inpune
769 1315 960 1357 uiolatur.
993 1316 1062 1357 ubi
1092 1316 1171 1358 erit
1200 1316 1306 1369 quod
1327 1316 1413 1369 ipse
1434 1315 1623 1357 Christus

125 1384 167 1425 in
208 1384 418 1438 euangelio
460 1384 574 1438 ponit
608 1386 648 1425 et
684 1384 806 1426 dicit:
853 1386 938 1437 qui
982 1385 1316 1426 maledixerit
1355 1385 1492 1438 patri
1534 1385 1624 1426 aut

125 1453 297 1502 matri,
327 1454 487 1494 morte
508 1453 789 1494 moriatur?
822 1453 900 1494 nisi
922 1453 957 1494 si
979 1453 1014 1494 is
1034 1453 1104 1506 qui
1127 1453 1418 1495 maledicentes
1439 1453 1621 1506 parenti-

124 1522 201 1563 bus
229 1521 461 1563 carnalibus
490 1521 626 1574 puniri
655 1522 697 1563 et
723 1522 897 1562 interfici
927 1522 1107 1564 mandat.
1138 1522 1180 1563 in
1201 1522 1415 1563 caelestem
1437 1523 1478 1562 et
1500 1521 1622 1574 spiri-

124 1590 249 1632 talem
290 1591 447 1643 patrem
483 1590 704 1631 maledicos
739 1591 869 1643 adque
904 1591 1095 1632 ecclesiae
1132 1591 1275 1632 matris
1312 1590 1497 1631 inimicos
1533 1590 1618 1643 ipse

76 1674 112 1699 20
124 1658 324 1700 uiuificat.
357 1658 578 1700 execranda
605 1671 652 1700 ac
680 1659 922 1700 detestanda
950 1672 1011 1700 res
1035 1672 1057 1700 a
1078 1659 1323 1712 quibusdam
1354 1670 1516 1711 prorsus
1544 1658 1618 1700 ad-

125 1727 286 1775 seritur,
310 1728 356 1767 ut
374 1726 408 1767 is
427 1727 498 1779 qui
518 1739 612 1768 eum
635 1727 669 1769 si
692 1727 761 1779 qui
783 1727 825 1768 in
844 1727 1036 1781 spiritum
1059 1729 1246 1769 sanctum
1271 1727 1619 1780 blasphemauerit

261 1869 282 1902 2
307 1868 390 1902 Luc.
419 1869 472 1909 16,
497 1871 530 1903 8.
629 1870 670 1902 13
696 1869 752 1903 Ex.
780 1870 835 1908 20,
863 1870 915 1903 12.
1012 1870 1054 1903 16
1080 1869 1210 1903 Matth.
1238 1870 1289 1908 15,
1315 1869 1346 1902 4.

191 1999 212 2033 2
230 1999 476 2043 exprobatione
499 2001 531 2034 T
645 2000 801 2044 potuisse
820 2000 855 2034 Β
964 1999 1015 2033 fili
1040 2001 1070 2034 T
1181 2001 1203 2033 3
1221 2000 1293 2033 sint
1313 2000 1344 2034 L
1454 1999 1520 2033 filii
1540 1999 1574 2033 Β

120 2057 234 2101 cuius]
254 2057 369 2091 cuiuis
387 2057 429 2091 N
570 2057 593 2091 4
610 2067 650 2090 ac
667 2067 797 2101 propax
816 2058 876 2097 (η,
894 2056 938 2090 ad
955 2056 1214 2101 prouocandum
1234 2057 1270 2091 B
1414 2057 1436 2091 5
1454 2056 1616 2090 honorem

122 2114 198 2148 eius
216 2114 249 2148 L
398 2113 587 2148 maledicto
606 2114 755 2148 BLNP
904 2114 926 2148 6
944 2113 1127 2158 iniuriam]
1146 2113 1234 2147 iram
1255 2114 1289 2148 Β
1441 2115 1558 2157 potest
1574 2124 1620 2147 ea·

122 2171 238 2215 patris
256 2171 300 2210 L,
319 2170 409 2205 libet
426 2170 456 2205 C
622 2170 770 2215 uiribus]
791 2171 903 2205 modis
922 2172 950 2205 (ἴ
1121 2170 1295 2205 *indicare
1314 2170 1364 2205 L*
1541 2170 1559 2204 7
1578 2172 1619 2204 tu

121 2240 186 2263 om.
208 2229 242 2263 Β
418 2229 454 2262 in
472 2239 538 2263 mn.
558 2229 593 2263 Β
777 2229 798 2262 8
816 2228 1037 2272 inpunitates
1057 2229 1092 2263 Β
1268 2230 1303 2262 et
1321 2228 1372 2262 eis
1391 2228 1440 2273 in]
1460 2230 1496 2262 et
1513 2228 1549 2261 in
1568 2228 1619 2261 eis

120 2288 157 2320 et
175 2287 210 2321 Β
349 2287 370 2320 9
387 2286 485 2330 quos]
504 2286 595 2330 quod
613 2287 643 2320 (J
779 2287 930 2331 constet]
949 2297 1027 2320 cum
1045 2286 1211 2320 conderet
1228 2287 1256 2321 C
1272 2296 1351 2320 cum
1366 2296 1391 2320 s.
1410 2286 1432 2319 l.
1451 2289 1484 2320 et
1501 2284 1523 2319 d
1541 2295 1584 2319 ex
1602 2287 1619 2318 t

121 2354 211 2378 corr.
363 2343 564 2388 baptizatus
582 2344 612 2379 C
762 2354 906 2388 persona
928 2346 956 2378 C
1107 2345 1151 2378 10
1167 2343 1391 2377 maledictam
1411 2342 1440 2377 C
1584 2345 1619 2376 et

121 2400 326 2435 incessabili
344 2401 470 2435 BCNv
633 2401 756 2445 lingua
774 2402 816 2435 G·
832 2402 863 2435 T
1027 2402 1067 2435 11
1085 2403 1122 2435 et
1139 2401 1267 2435 scelere
1286 2401 1315 2435 G
1480 2410 1618 2444 peccare

120 2469 185 2493 om.
206 2459 242 2493 Β
400 2459 612 2494 christianos
631 2461 674 2494 C·
844 2462 908 2493 aut
932 2460 963 2493 T
977 2469 997 2492 a
1014 2459 1054 2493 in
1071 2449 1156 2501 riis„
1176 2460 1217 2492 ut
1234 2458 1284 2492 L·
1454 2457 1496 2491 12
1514 2460 1576 2490 aut
1594 2456 1617 2490 s.

119 2515 258 2550 credere
275 2526 341 2550 om.
364 2516 400 2550 Β
571 2517 725 2561 proferre
743 2518 772 2551 (3
787 2528 813 2551 s.
832 2517 854 2551 ἶ.
1025 2518 1126 2550 erant
1147 2517 1179 2551 Τ
1185 2520 1191 2537 ¹
1374 2515 1416 2548 13
1433 2515 1528 2557 leges
1546 2514 1575 2548 F

119 2572 261 2607 diuinae
278 2573 327 2607 Cr
461 2575 503 2608 14
520 2575 589 2608 nisi
606 2574 649 2619 si]
669 2574 738 2608 nisi
760 2575 793 2609 T
800 2578 823 2613 ¹,
842 2574 872 2607 si
894 2575 963 2609 T'v
1092 2574 1134 2607 15
1150 2573 1187 2607 in
1203 2583 1268 2607 om.
1288 2573 1322 2607 B
1450 2570 1615 2614 uiolatur]

120 2629 282 2664 uideatur
300 2630 335 2664 B
498 2631 539 2665 17
557 2632 729 2666 morietur
747 2632 783 2666 P
935 2631 1003 2665 nisi
1022 2631 1065 2675 si]
1085 2630 1155 2664 nisi
1172 2630 1216 2671 B,
1235 2630 1266 2663 si
1289 2631 1356 2664 T²v
1509 2627 1617 2661 male·

119 2686 319 2721 dicentibus
339 2688 374 2722 P
513 2688 556 2722 18
572 2688 774 2723 carnalibus
792 2699 858 2723 om.
877 2689 913 2723 P
1049 2687 1182 2732 puniri]
1201 2686 1321 2731 poneri
1338 2697 1382 2719 ει·
1399 2695 1524 2729 ponere
1542 2685 1571 2719 G

118 2744 166 2778 20
181 2754 220 2778 ac
238 2745 268 2778 (Ι
281 2756 306 2778 s.
326 2745 347 2778 l.
470 2745 513 2779 21
532 2755 610 2779 eum
628 2745 659 2779 si
676 2745 749 2790 qui]
769 2756 847 2779 enm
865 2747 894 2779 si
913 2745 993 2790 quis
1017 2746 1053 2785 T,
1071 2755 1149 2778 eum
1168 2744 1238 2777 nisi
1256 2743 1300 2779 Β,
1318 2754 1382 2777 om.
1405 2742 1455 2777 Cv
1578 2741 1614 2775 in

119 2811 183 2835 om.
208 2803 274 2836 GT
477 2802 778 2846 blasphemantem
797 2803 844 2838 0²
1054 2801 1356 2846 blasphemantem
1384 2799 1419 2833 in
1446 2799 1613 2843 spiritum

118 2861 279 2893 sanctum
297 2871 317 2894 v
