1838 3152
182 235 265 277 628
714 232 901 268 Caecilii
927 232 1142 277 Cypriani

182 339 222 379 et
244 337 476 379 uoluntates
497 338 538 378 et
559 336 823 378 necessitates
855 336 1127 390 singulorum,
1161 337 1384 378 secundum
1416 338 1522 389 quod
1544 338 1686 378 libello

181 406 412 448 continetur
452 418 573 459 quem
612 405 663 449 ad
694 406 733 447 te
763 405 997 458 peruenisse
1037 404 1204 455 confidO,
1244 406 1315 446 ubi
1355 407 1518 460 singula
1555 407 1685 460 placi-

179 476 316 516 torum
338 475 472 527 capita
493 475 721 528 conscripta
743 475 848 515 sunt.
881 487 927 515 ac
949 473 982 514 si
1005 474 1141 514 minus
1165 474 1371 516 sufficiens
1405 477 1685 528 episcoporum

180 544 221 584 in
242 543 385 585 Africa
405 556 598 596 numerus
621 543 852 593 uidebatur,
876 542 1003 584 etiam
1024 543 1199 584 Romam
1221 556 1341 597 super
1361 545 1435 584 hac
1457 556 1498 584 re
1521 544 1685 596 scripsi-

179 625 271 653 mus
307 612 358 653 ad
389 611 624 653 Cornelium
663 612 865 666 collegam
902 611 1102 661 nostrum,
1143 612 1212 664 qui
1244 613 1284 653 et
1314 612 1399 664 ipse
1431 626 1524 654 cum
1555 613 1714 665 pluri-5

179 682 258 722 mis
283 680 529 734 coepiscopis
560 681 700 722 habito
733 680 903 721 concilio
926 680 968 721 in
991 681 1161 721 eandem
1192 681 1406 722 nobiscum
1438 682 1685 723 sententiam

178 750 265 803 pari
298 750 503 805 grauitate
535 749 575 790 et
607 749 761 790 salubri
793 748 1071 790 moderatione
1103 750 1319 791 consensit.

140 815 162 854 7
234 819 294 860 De
326 830 403 871 quo
444 818 521 859 tibi
561 830 723 859 necesse
760 830 865 858 nunc
905 817 986 858 fuit
1028 818 1215 867 scribere,
1260 819 1306 859 ut
1339 819 1442 860 scias
1480 831 1545 859 me
1582 819 1688 859 nihil

178 888 327 929 leuiter
365 887 510 942 egisse,
551 888 621 928 sed
660 887 883 928 secundum
925 887 1031 940 quod
1070 887 1224 928 litteris
1263 887 1365 928 meis
1406 888 1562 928 fueram
1594 888 1686 928 ante

178 957 407 1009 conplexus,
446 955 582 997 omnia
613 956 664 997 ad
697 967 911 997 commune
944 956 1106 997 concilii
1137 956 1266 997 nostri
1299 956 1520 997 consilium
1551 956 1735 998 distu-10

177 1025 273 1066 lisse
306 1025 345 1065 et
374 1024 529 1065 nemini
570 1025 735 1077 quidem
768 1037 814 1066 ex
844 1024 971 1077 lapsis
1009 1025 1122 1078 prius
1154 1025 1488 1075 communicasse,
1528 1024 1688 1077 quando

177 1094 307 1135 adhuc
356 1094 442 1134 erat
490 1094 596 1134 unde
636 1106 715 1135 non
753 1094 918 1135 tantum
958 1094 1263 1148 indulgentiam
1313 1094 1382 1135 sed
1422 1094 1461 1134 et
1500 1105 1689 1135 coronam

177 1163 317 1215 lapsus
357 1163 570 1215 acciperet,
611 1163 752 1216 postea
789 1163 941 1212 tamen,
983 1163 1089 1203 sicut
1129 1163 1168 1203 et
1200 1162 1364 1216 collegii
1405 1162 1617 1204 concordia
1649 1163 1689 1203 et

178 1231 438 1285 conligendae
477 1231 749 1273 fraternitatis
781 1244 826 1272 ac
857 1231 1046 1273 medendi
1078 1231 1259 1273 uulneris
1293 1232 1454 1273 utilitas
1487 1231 1675 1284 exigebat

177 1300 418 1342 necessitate
451 1302 684 1354 temporum
716 1301 978 1342 succubuisse
1006 1302 1046 1342 et
1070 1301 1195 1342 saluti
1217 1302 1445 1343 multorum
1467 1301 1685 1354 prouiden-
1708 1320 1738 1343 15

177 1370 275 1411 dum
306 1370 486 1422 putasse,
521 1371 561 1411 et
592 1382 699 1411 nunc
730 1370 778 1411 ab
810 1369 875 1411 his
907 1382 985 1411 non
1016 1371 1200 1411 recedere
1232 1383 1334 1423 quae
1366 1370 1492 1411 semel
1522 1371 1565 1411 in
1587 1381 1681 1411 con-

177 1439 270 1481 cilio
301 1440 438 1481 nostro
469 1440 518 1480 de
540 1439 748 1480 communi
781 1439 1009 1480 conlatione
1041 1439 1293 1491 placuerunt,
1328 1439 1517 1492 quamuis
1548 1439 1682 1480 multa

176 1508 402 1550 multorum
433 1508 601 1549 uocibus
633 1508 885 1549 uentilentur
917 1508 956 1549 et
985 1508 1199 1549 mendacia
1229 1509 1424 1549 aduersus
1456 1508 1682 1549 sacerdotes

175 1578 252 1618 Dei
284 1578 332 1619 de
365 1577 517 1618 diaboli
556 1589 623 1618 ore
661 1578 820 1630 prolata
855 1578 906 1619 ad
938 1577 1208 1630 rumpendam
1249 1578 1473 1620 catholicae
1513 1578 1683 1618 unitatis

176 1646 429 1688 concordiam
462 1647 611 1699 ubique
643 1647 857 1688 iactentur.
892 1647 962 1688 sed
991 1647 1031 1687 te
1061 1647 1219 1699 oportet
1250 1648 1296 1687 ut
1327 1646 1480 1687 bonum
1511 1646 1681 1688 fratrem
1703 1664 1737 1689 ρο

176 1715 307 1768 adque
338 1715 573 1757 unanimem
605 1716 945 1765 consacerdotem,
977 1729 1057 1757 non
1089 1716 1187 1768 quid
1217 1715 1392 1769 maligni
1425 1715 1554 1767 adque
1587 1727 1683 1768 apo—

176 1785 306 1826 statae
338 1784 476 1825 dicant
507 1783 627 1825 facile
658 1784 875 1837 suscipere,
908 1785 978 1825 sed
1010 1784 1109 1837 quid
1141 1784 1321 1838 collegae
1352 1783 1414 1825 tui
1446 1784 1621 1825 modesti
1647 1786 1687 1824 et

176 1865 320 1907 graues
352 1853 432 1894 uiri
462 1852 617 1894 faciant
648 1853 695 1894 de
727 1853 840 1895 uitae
872 1855 912 1894 et
945 1853 1186 1905 disciplinae
1217 1853 1378 1894 nostrae
1413 1853 1691 1905 exploratione

177 1922 433 1976 perpendere.

248 2157 266 2190 1
287 2156 437 2190 secundo
460 2156 504 2201 Q¹
531 2156 735 2199 (secundum
757 2156 867 2201 Q²M)
962 2156 999 2190 in
1016 2156 1139 2190 libello
1161 2156 1190 2191 G
1205 2156 1267 2190 secl
1284 2156 1320 2190 111
1340 2167 1365 2190 s.
1386 2156 1406 2190 l.
1503 2156 1524 2189 2
1543 2155 1635 2199 quod
1656 2155 1685 2200 Q

176 2213 294 2257 (quem
312 2214 373 2256 M)
480 2213 501 2247 3
520 2213 707 2248 subficicns
726 2214 770 2255 R,
790 2213 946 2248 efficiens
965 2214 1001 2247 Β
1093 2214 1116 2247 4
1134 2213 1265 2247 africa*
1283 2214 1319 2248 L
1414 2213 1596 2247 uidebitur
1616 2213 1686 2252 ΒΓ,

175 2272 216 2304 ut
233 2270 422 2304 uidebatur
440 2271 476 2306 R
613 2282 711 2305 roma
732 2271 770 2316 Q,
796 2282 913 2305 romae
938 2271 974 2312 G,
1000 2282 1121 2315 prome
1139 2272 1174 2307 R
1313 2271 1335 2305 5
1352 2271 1444 2315 011111]
1464 2281 1580 2304 secum
1596 2270 1631 2304 L

176 2328 196 2362 6
213 2328 385 2372 episcopis
404 2328 439 2361 B
546 2327 683 2372 habito]
703 2328 746 2362 ab
764 2328 827 2362 illo
853 2329 882 2363 (J
926 2346 951 2378 η
985 2328 1130 2362 consilio
1150 2329 1222 2364 BC
1327 2328 1448 2362 eadem
1467 2328 1503 2361 Β
1611 2338 1670 2361 sen

175 2386 290 2420 tentia
308 2386 359 2419 13²
500 2386 518 2419 7
540 2386 631 2430 pari]
657 2387 717 2431 pia
738 2386 767 2431 Q
790 2386 851 2421 secl
877 2387 918 2421 ‘in
945 2398 1014 2421 ras.
1042 2386 1134 2431 (pari
1152 2387 1212 2430 M)
1353 2387 1374 2420 8
1398 2397 1489 2420 1111110
1513 2386 1600 2430 fuit]
1626 2387 1681 2419 est

174 2454 265 2478 nunc
283 2444 318 2477 Β
452 2444 472 2477 9
490 2445 572 2477 ante
591 2454 655 2478 om.
674 2444 719 2485 Β,
739 2444 783 2478 ad
799 2446 835 2478 te
855 2444 884 2489 Q
901 2444 998 2488 (ante
1016 2443 1065 2478 M
1077 2444 1140 2478 sed
1156 2455 1179 2477 n
1196 2455 1222 2478 s.
1243 2445 1281 2486 l.)
1417 2444 1460 2478 10
1479 2454 1580 2477 omne
1599 2443 1635 2476 Β

175 2500 315 2534 consilii
341 2500 411 2545 OQ,
431 2501 622 2535 consilium
641 2501 676 2535 Β
768 2503 930 2535 nostrum
950 2502 985 2535 Β
1087 2502 1128 2535 11
1147 2501 1294 2535 memini
1318 2502 1361 2537 C¹
1463 2501 1515 2545 ex]
1535 2511 1590 2534 me
1613 2500 1642 2535 C

175 2558 218 2592 13
236 2560 418 2602 acceperat
440 2559 469 2594 C
476 2563 482 2580 ¹
627 2559 721 2593 sicut
739 2559 787 2603 et]
807 2560 901 2593 sicut
925 2559 1046 2604 CQRv
1178 2559 1325 2603 collegio
1346 2559 1416 2600 ΒΑ,
1441 2558 1588 2602 collegis
1609 2557 1645 2591 Β

175 2615 395 2650 concordiam
411 2616 445 2650 L
543 2617 586 2651 14
603 2616 783 2651 mendenti
798 2616 837 2651 'G
843 2620 850 2638 ¹
953 2617 995 2652 15
1012 2616 1220 2651 necessitati
1243 2616 1341 2661 CQv,
1359 2616 1611 2650 necessitatem
1628 2615 1662 2649 Β
1677 2629 1688 2658 ,-

175 2674 219 2716 cf.
240 2675 377 2717 631‚20
486 2674 529 2709 16
546 2675 673 2718 putare
694 2674 723 2719 Q
816 2675 944 2709 recessi
963 2685 1007 2709 επ
1023 2674 1211 2709 recesserit
1230 2674 1260 2710 O
1363 2675 1405 2708 17
1425 2674 1623 2708 conlatione
1646 2683 1692 2707 θα)

176 2730 421 2765 conciliatione
446 2731 476 2766 G
585 2732 628 2766 19
647 2742 705 2766 ore
722 2732 876 2776 prolata]
895 2733 1082 2776 reprobata
1098 2732 1132 2765 Β
1243 2733 1285 2766 21
1310 2731 1405 2776 quod
1421 2732 1470 2765 M
1485 2731 1581 2775 (quid
1602 2730 1645 2775 Q)

177 2787 302 2832 adque]
329 2790 392 2822 aut
409 2789 444 2822 Β
586 2791 785 2834 apotestate
809 2790 835 2825 C
976 2789 1020 2823 22
1038 2790 1181 2834 collegii
1202 2790 1236 2824 B
1386 2791 1426 2823 ut
1444 2788 1595 2823 modesti
1614 2788 1649 2822 Β

173 2844 219 2878 23
237 2844 279 2879 de
298 2846 375 2879 uita
399 2845 468 2891 OQ,
486 2845 649 2881 deuictae
668 2847 701 2881 L
796 2847 953 2891 exemplo
972 2847 1111 2881 ratione
1135 2847 1165 2883 G
