1838 3152
617 264 853 310 Epistulae
885 263 965 299 XV.
991 275 1019 300 c.
1046 265 1143 300 1-3.
1540 267 1626 310 515

119 371 362 413 debuerant.
404 368 624 422 petitiones
655 369 696 409 et
726 367 927 410 desideria
964 368 1101 410 uestra
1139 368 1323 424 episeopo
1360 371 1534 420 seruent,
1574 369 1627 412 ad

125 451 271 494 pacem
308 438 424 480 uobis
454 436 690 491 petentibus
721 437 900 479 dandam
928 437 1139 479 maturum
1169 439 1210 479 et
1241 439 1433 491 pacatum
1463 440 1626 492 tempus

125 508 351 561 expectent.
393 506 486 548 ante
526 507 587 548 est
626 506 673 547 ut
712 517 735 546 a
764 505 941 547 Domino
979 517 1120 559 pacem
1158 507 1292 548 mater
1327 505 1437 559 prior
1475 508 1625 557 sumat,

125 576 224 618 tunc
256 575 477 617 secundum
508 575 647 616 uestra
677 573 879 615 desideria
910 574 958 615 de
989 573 1168 616 filiorum
1198 586 1296 627 pace
1325 575 1538 617 tractetur.

100 662 115 687 5
186 644 240 685 Et
262 643 455 696 quoniam
487 643 620 692 audio,
652 641 871 684 fortissimi
897 643 938 683 et
959 642 1161 684 carissimi
1192 642 1354 694 fratres,
1386 642 1666 696 inpudentia&

125 724 198 754 uos
237 712 494 765 quorundam
535 710 667 765 premi
699 711 740 752 et
770 710 1060 753 uerecundiam
1091 711 1273 753 uestram
1303 712 1390 753 uim
1418 712 1519 765 pati,
1558 723 1626 754 oro

125 793 198 823 uos
220 781 369 834 quibus
391 791 556 833 possum
577 778 766 833 precibus
787 780 834 821 ut
855 779 1061 833 euangelii
1088 792 1287 822 memores
1309 782 1350 822 et
1371 780 1627 822 consideran-

123 852 187 892 tes
219 862 319 903 quae
348 850 388 891 et
416 848 554 902 qualia
584 848 626 889 in
658 848 929 902 praeteritum
959 849 1232 890 antecessores
1262 848 1392 891 uestri
1423 849 1624 903 martyres

127 917 413 968 concesserint,
461 930 585 971 quam
627 917 796 959 solliciti
834 917 877 958 in
916 917 1107 959 omnibus
1147 916 1313 968 fuerint,
1359 930 1432 960 uos
1470 930 1627 972 quoque

76 1004 114 1028 ιο
128 986 305 1028 sollicite
328 987 368 1027 et
389 988 506 1028 caute
537 985 767 1039 petentium
799 984 1001 1027 desideria
1030 985 1274 1038 ponderetis,
1307 986 1354 1027 ut
1381 987 1475 1040 pote
1505 986 1628 1029 amici

128 1054 295 1097 Domini
325 1056 365 1096 et
395 1067 488 1096 cum
518 1054 591 1096 illo
621 1053 884 1108 postmodum
913 1053 1135 1095 iudicaturi
1166 1053 1393 1107 inspiciatis
1422 1055 1462 1096 et
1490 1056 1628 1097 actum

126 1124 168 1165 et
184 1135 303 1177 opera
321 1124 362 1165 et
381 1123 530 1165 merita
551 1123 822 1178 singulorum,
844 1122 1027 1175 ipsorum
1044 1135 1202 1176 quoque
1221 1122 1465 1165 delictorum
1481 1135 1630 1178 genera

126 1193 168 1234 et
207 1192 429 1245 qualitates
469 1192 674 1248 cogitetis,
714 1204 764 1233 ne
803 1191 838 1232 si
876 1191 975 1244 quid
1014 1191 1187 1244 abrupte
1225 1192 1266 1233 et
1303 1191 1472 1246 indigne
1509 1192 1577 1234 uel
1606 1204 1630 1234 a

127 1261 243 1303 uobis
274 1260 521 1314 promissum
549 1260 615 1302 uel
636 1273 660 1302 a
680 1260 796 1302 nobis
827 1259 983 1301 factum
1016 1259 1154 1310 fuerit,
1186 1260 1294 1314 apud
1324 1260 1499 1315 gentiles
1530 1272 1629 1314 quo-

76 1342 206 1383 mque
244 1329 352 1382 ipsos
391 1329 559 1371 ecclesia
596 1330 735 1370 nostra
766 1328 998 1370 erubescere
1037 1328 1219 1383 incipiat.
1263 1329 1483 1371 uisitamur
1520 1329 1631 1371 enim

127 1400 168 1440 et
209 1397 462 1454 castigamur
497 1397 730 1451 frequenter
760 1398 800 1439 et
830 1399 878 1439 ut
907 1397 1074 1439 Domini
1105 1398 1298 1440 mandata
1327 1398 1560 1452 incorrupta
1591 1398 1632 1440 et

126 1467 328 1508 inuiolata
356 1467 621 1520 permaneant
651 1467 929 1529 admonemur.
970 1466 1077 1519 quod
1107 1466 1273 1519 quidem
1302 1479 1375 1508 nec
1406 1466 1494 1509 illic
1523 1466 1632 1520 apud

127 1547 200 1577 uos
232 1547 386 1578 cessare
418 1547 613 1590 cognosco
645 1546 723 1588 quo
754 1535 890 1576 minus
926 1534 1126 1588 plurimos
1157 1546 1315 1588 quoque
1343 1548 1391 1577 ex
1419 1535 1535 1576 uobis
1566 1535 1631 1577 in-

127 1604 262 1646 struat
283 1605 334 1646 ad
356 1604 547 1647 ecclesiae
578 1603 840 1657 disciplinam
868 1604 1008 1645 diuina
1028 1616 1206 1646 censura.
1239 1604 1314 1646 hoc
1335 1605 1475 1647 autem
1495 1605 1632 1646 totum

74 1691 116 1717 ⁴20
128 1674 264 1726 potest
289 1673 390 1723 fieri,
424 1673 459 1714 si
480 1685 526 1715 ea
547 1685 648 1726 quae
669 1685 692 1714 a
714 1672 829 1714 uobis
859 1673 1057 1725 petuntur
1076 1672 1269 1728 religiosa
1290 1673 1632 1727 contemplatione

129 1741 410 1792 moderemini,
442 1742 727 1796 intellegentes
749 1742 790 1783 et
811 1741 1107 1794 conprimentes
1134 1752 1199 1782 eos
1221 1741 1292 1794 qui
1312 1753 1502 1795 personas
1524 1741 1633 1784 acci-

127 1810 288 1863 pientes
305 1810 347 1851 in
363 1809 569 1852 beneficiis
590 1810 739 1852 uestris
761 1811 834 1852 aut
855 1809 1140 1865 gratificantur
1157 1811 1229 1852 aut
1244 1809 1428 1852 inlicitae
1448 1810 1634 1866 negotia-

129 1878 253 1920 tionis
284 1878 486 1921 nundinas
517 1880 785 1933 aucupantur.
1651 1870 1654 1874 ⁵

201 2015 219 2049 1
238 2014 438 2050 dubuerant
457 2016 490 2050 T
503 2015 560 2059 (ue
577 2015 618 2049 in
634 2016 720 2059 ras.)
830 2016 948 2049 seruet
965 2015 1030 2056 R',
1055 2018 1196 2050 seruent
1213 2018 1249 2050 et
1266 2027 1286 2051 v
1393 2016 1415 2050 2
1432 2015 1534 2051 nobis
1556 2016 1590 2051 V

128 2074 151 2107 3
170 2074 358 2117 expectant
376 2074 458 2107 ante
475 2074 529 2107 est
546 2074 586 2106 ut
605 2073 643 2113 T,
665 2073 907 2116 expectantest
923 2088 974 2106 u*
998 2074 1038 2107 ut
1061 2072 1090 2118 Q
1106 2073 1327 2117 (expectante
1345 2076 1400 2108 est
1417 2075 1457 2108 ut
1474 2074 1546 2118 M),
1577 2084 1634 2109 ex-

131 2132 295 2175 spectant
309 2132 363 2164 est
376 2131 414 2165 at
428 2131 468 2165 ut
484 2130 530 2171 R,
548 2131 731 2175 expectent
751 2129 865 2164 Oaeon.
936 2119 1046 2165 dffiR
1060 2129 1072 2163 i
1086 2131 1127 2165 in
1141 2141 1212 2165 ras.
1284 2130 1307 2165 4
1323 2130 1540 2166 tractabitur
1558 2131 1593 2165 V

129 2188 152 2221 ὃ
171 2187 351 2232 quoniam]
377 2187 469 2232 quod
492 2188 521 2223 C
613 2188 634 2221 6
658 2197 720 2221 uos
738 2197 803 2221 om.
828 2186 893 2222 CR
985 2187 1174 2222 corundam
1196 2188 1226 2223 Ο
1316 2187 1360 2223 31)
1378 2187 1633 2233 inpudentibus

134 2244 346 2289 quibusdam
364 2255 426 2279 uos
450 2245 484 2279 V
603 2244 728 2289 premi*
752 2244 781 2288 Q
798 2244 970 2288 (praemia
986 2245 1046 2290 M)
1162 2246 1198 2279 et
1216 2255 1295 2289 exp.
1321 2245 1350 2281 G
1466 2245 1540 2280 uim
1556 2245 1634 2290 pati

132 2312 195 2336 om.
225 2302 291 2337 CR
397 2301 475 2347 pati
499 2301 570 2346 oro]
601 2301 717 2346 patior
740 2303 772 2335 T
775 2300 804 2346 Q
912 2302 933 2336 9
959 2302 1106 2337 solliciti
1123 2303 1158 2336 et
1175 2302 1273 2337 cauti
1290 2302 1361 2347 RQ
1468 2302 1505 2337 in
1522 2303 1635 2338 omni-

132 2358 198 2393 bus
292 2360 394 2393 caute
412 2369 478 2394 ont.
502 2358 531 2404 Q
639 2359 713 2403 uos]
738 2369 829 2393 nunc
847 2369 908 2393 uos
931 2359 970 2400 V,
996 2360 1081 2394 tunc
1103 2360 1135 2394 T
1238 2359 1283 2394 10
1300 2360 1510 2405 petentium]
1536 2360 1639 2405 peni-

133 2416 288 2451 tentium
307 2416 342 2451 R
456 2417 652 2462 ponderitis
676 2416 705 2452 C
822 2419 862 2452 ut
887 2419 967 2462 pote
992 2419 1024 2451 T
1043 2428 1062 2452 o
1086 2418 1128 2453 in
1153 2429 1237 2459 ras„
1269 2419 1309 2453 ut
1334 2420 1457 2463 postea
1479 2418 1544 2454 CR

135 2474 177 2507 11
195 2473 400 2519 iudicaturi]
420 2473 573 2508 dicaturi
592 2474 621 2520 Q
707 2476 749 2510 13
767 2475 955 2520 qualitatis
974 2473 1003 2519 Q
1076 2475 1135 2510 uel
1151 2486 1171 2509 a
1188 2486 1221 2510 11.
1239 2476 1453 2520 promissum
1475 2477 1507 2511 T
1519 2486 1546 2510 s.
1567 2475 1588 2510 l.

135 2530 179 2564 14
204 2530 304 2564 nobis
330 2531 418 2574 ipsis
435 2531 482 2566 M
509 2531 563 2576 ips
591 2543 617 2567 s.
637 2532 659 2566 l.
678 2544 721 2567 m.
740 2534 766 2567 2
796 2532 911 2577 (nobis
934 2532 976 2577 Q)
1111 2533 1154 2567 15
1183 2533 1278 2577 ipsas
1308 2532 1474 2567 ecclcsiae
1497 2533 1542 2569 0¹

137 2587 180 2620 1⁴5
198 2587 252 2631 ut]
272 2587 326 2621 uti
344 2587 444 2621 uobis
462 2588 507 2629 R,
527 2590 567 2622 ut
584 2590 620 2623 in
638 2589 753 2634 nobis[
765 2590 793 2625 C
877 2578 960 2623 d'nTn
983 2590 1013 2625 C
1104 2590 1145 2624 17
1164 2590 1300 2624 uiolata
1322 2589 1351 2634 Q
1428 2592 1635 2634 permaneat

143 2644 175 2678 T
179 2644 208 2688 Q
292 2655 358 2689 quo
381 2645 411 2677 T
485 2656 546 2680 nec
565 2656 630 2680 om.
654 2646 683 2691 Q
777 2647 820 2682 18
837 2646 929 2691 quod
946 2647 1063 2681 minus
1086 2648 1115 2682 G
1130 2647 1192 2682 secl
1209 2647 1324 2681 minus
1343 2657 1419 2691 exp.
1516 2648 1563 2681 20
1579 2658 1636 2682 ca-

138 2711 203 2744 que
227 2702 258 2736 T
363 2704 527 2746 petentur
548 2703 590 2736 T¹
600 2717 613 2747 ;
632 2703 716 2738 add.
740 2704 824 2739 CR:
847 2714 916 2739 non
932 2703 1040 2739 facile
1058 2704 1265 2738 tribuantur
1284 2703 1523 2746 (tributantur
1540 2703 1590 2748 R)

136 2758 304 2802 religiosa
329 2786 335 2792 .
352 2786 358 2792 .
375 2785 380 2790 .
400 2771 438 2803 p.
460 2762 565 2798 5162
581 2760 748 2795 mandaui
766 2771 830 2795 om.
856 2762 919 2796 CR
1011 2762 1053 2796 21
1072 2761 1303 2796 moderamini
1322 2761 1354 2795 T
1445 2771 1503 2795 cas
1526 2760 1591 2806 TQ

135 2815 182 2849 22
199 2816 446 2860 gratificentur
468 2817 532 2862 TQ
581 2832 585 2837 ·
642 2817 678 2851 in
695 2818 822 2853 illicite
846 2820 884 2859 T,
911 2818 1047 2853 inlicite
1071 2818 1100 2863 Q
1117 2818 1312 2861 (illiciteite
1330 2818 1391 2863 M)
1500 2817 1636 2863 cogita-

137 2872 250 2907 tiones
269 2873 442 2908 nundinas
465 2875 505 2919 Q,
524 2874 761 2918 cogitationes
780 2875 975 2909 mundanas
999 2876 1031 2910 T
1120 2875 1164 2909 23
1182 2876 1419 2919 autcupantur
1444 2876 1476 2927 T

1267 2933 1362 2975 33*
