1912 3152
609 207 787 242 Testim.
815 207 884 247 ΙΙΙ,
912 207 1071 244 11-12.
1517 209 1597 251 125

88 311 289 354 abstinete
310 323 383 354 uos
405 324 428 354 a
449 311 683 353 carnalibus
703 310 916 352 desideriis
945 323 1047 364 quae
1068 310 1255 353 militant
1282 310 1477 353 aduersus
1507 311 1597 353 ani-

88 393 219 430 mam,
252 380 599 422 conuersationem
636 379 831 421 habentes
867 379 975 421 inter
1011 379 1187 434 gentiles
1223 379 1394 429 bonam,
1428 380 1474 421 ut
1496 378 1595 421 dum

88 450 314 490 retractant
336 449 384 490 de
406 448 522 490 uobis
544 448 661 501 quasi
698 448 748 490 de
783 447 998 503 malignis,
1031 448 1138 490 bona
1168 459 1289 501 opera
1320 448 1457 490 uestra
1486 449 1597 502 aspi-

89 517 240 560 cientes
262 517 527 572 magm'fieent
548 517 786 559 Dominum.
820 517 950 558 Item
982 517 1030 558 in
1061 516 1297 571 epistula
1328 517 1596 559 Iohannis:

43 598 58 623 5
89 586 169 638 Qui
191 586 293 628 dicit
329 598 371 627 se
407 586 449 627 in
471 585 634 628 Christo
663 598 827 628 manere
858 586 998 636 debet,
1030 586 1232 639 quomodo
1254 586 1327 628 ille
1349 586 1597 634 ambulanif,

89 655 130 698 et
151 655 239 708 ipse
260 654 483 697 ambulare.
517 655 648 697 Item
678 655 816 697 illic:
856 654 999 697 Nolite
1030 654 1203 709 diligere
1235 655 1436 696 mundum
1467 667 1596 707 neque

89 735 135 766 ea
155 736 257 777 quae
282 723 325 765 in
350 723 502 765 mundo
528 725 635 766 sunt.
670 724 705 766 si
726 724 795 777 qui
818 723 1009 765 dilexerit
1031 723 1244 774 mundum,
1267 736 1347 765 non
1366 724 1428 765 est
1450 722 1598 764 caritas

88 792 219 846 patris
242 792 283 834 in
312 792 404 834 illo:
437 793 630 846 quoniam
651 805 769 835 omne
790 792 898 846 quod
919 793 961 835 in
983 792 1134 834 mundo
1156 793 1238 842 est,
1271 791 1599 845 concupiscentia

90 861 220 903 carnis
243 862 304 903 est
326 862 366 903 et
387 861 713 916 eoncupiscentia
734 862 945 904 oculorum
967 862 1008 904 et
1029 861 1201 903 ambitio
1223 860 1374 903 saeculi
1395 873 1498 914 quae
1520 871 1599 901 non

44 943 77 969 ιο
91 931 153 973 est
173 943 195 972 a
217 930 342 972 Patre
364 930 434 972 sed
455 943 501 972 ex
523 930 852 985 concupiscentia
873 930 1044 973 saeculi:
1078 931 1119 972 et
1140 930 1318 971 mundus
1340 929 1535 971 transibit
1557 930 1598 970 et

90 999 415 1052 concupiscentia
444 999 543 1041 eius,
577 1000 646 1053 qui
675 1001 814 1041 autem
854 999 996 1041 fecerit
1032 999 1291 1041 uoluntatem
1312 998 1390 1040 Dei
1418 997 1601 1040 manebit

89 1068 132 1110 in
163 1069 373 1110 aeternum
388 1101 397 1119 ,
430 1069 632 1121 quomodo
654 1069 694 1110 et
723 1068 810 1121 ipse
832 1069 969 1110 manet
990 1068 1029 1110 in
1054 1068 1278 1110 aeternum.
1323 1067 1456 1109 Item
1487 1078 1600 1120 apo-

89 1137 255 1178 stolus
286 1136 347 1179 ad
378 1136 689 1179 Corinthios
718 1138 909 1190 prima:
941 1137 1176 1191 Expurgate
1198 1137 1317 1177 uetus
1339 1135 1600 1186 fermentum,

90 1207 137 1248 ut
158 1205 249 1247 sitis
271 1219 376 1248 noua
397 1206 643 1260 consparsio,
667 1206 774 1249 sicut
791 1206 889 1249 estis
908 1206 1055 1261 azymi.
1079 1218 1174 1247 nam
1191 1206 1231 1247 et
1247 1204 1398 1258 pascha
1414 1205 1601 1246 nostrum

45 1294 77 1319 15
92 1274 332 1317 immolatus
353 1276 416 1317 est
439 1273 638 1317 Christus.
673 1276 813 1329 itaque
835 1275 941 1317 festa
961 1274 1215 1317 celebremus
1237 1286 1316 1316 non
1337 1274 1379 1315 in
1400 1273 1601 1315 fermento

95 1344 225 1386 ueteri
246 1356 374 1398 neque
405 1344 447 1386 in
468 1343 669 1387 fermento
690 1345 875 1387 malitiae
898 1345 939 1386 et
959 1344 1165 1398 nequitiae
1185 1344 1255 1386 sed
1276 1343 1318 1385 in
1339 1342 1495 1398 azymis
1517 1342 1602 1384 sin-

97 1413 279 1456 ceritatis
302 1414 343 1455 et
365 1413 564 1456 ueritatis.

655 1518 758 1560 NON
790 1530 1045 1560 IVRANDVM.

148 1598 187 1639 A
196 1610 221 1651 p
231 1611 258 1639 u
267 1598 293 1639 d
315 1598 397 1640 Sal
409 1610 430 1640 o
440 1612 482 1639 m
491 1610 513 1640 0
526 1612 553 1640 n
562 1611 582 1640 e
595 1612 635 1640 m
649 1613 658 1640 :
681 1598 758 1640 Vir
774 1599 956 1640 multum
977 1598 1115 1640 iurans
1137 1597 1362 1651 inplebitur
1383 1596 1603 1650 iniquitate
1625 1600 1673 1641 12

30 1678 80 1705 ·2o
92 1667 133 1708 et
152 1679 233 1709 non
255 1667 437 1710 discedet
459 1682 482 1710 a
503 1669 623 1710 domo
642 1669 728 1710 eius
744 1669 887 1723 plaga:
911 1670 951 1710 et
974 1668 1008 1709 si
1028 1680 1132 1710 uane
1148 1667 1359 1717 iurauerit,
1382 1678 1461 1708 non
1479 1666 1601 1708 iusti-

91 1736 293 1778 ficabitur.
355 1737 486 1779 Item
531 1738 543 1779 i
560 1752 586 1779 11
632 1737 907 1792 euangelio
939 1738 1219 1780 secundum
1250 1736 1418 1778 Matth
1433 1748 1486 1778 ae
1499 1749 1578 1777 um
1593 1750 1602 1777 ε

93 1805 193 1847 Dico
214 1806 331 1848 uobis
353 1819 430 1848 non
452 1807 585 1850 iurare
606 1807 649 1849 in
671 1808 819 1849 totum.
869 1807 924 1849 sit
945 1808 1083 1848 autem
1105 1817 1237 1848 sermo
1258 1806 1415 1848 uester:
1445 1806 1507 1847 est
1527 1806 1603 1855 est,

233 1944 257 1981 5
282 1944 297 1977 I
318 1943 366 1978 Io.
385 1944 419 1985 2,
439 1944 461 1979 6
480 1946 515 1978 ct
535 1945 583 1982 15
602 1956 652 1988 sq.
767 1945 814 1981 13
840 1945 856 1978 I
875 1946 950 1980 Cor.
970 1946 1004 1986 5,
1024 1945 1046 1980 7
1066 1956 1116 1989 sq.
1228 1944 1274 1980 19
1301 1944 1367 1978 Sir.
1387 1943 1450 1984 523,
1473 1943 1531 1979 11.

94 2001 144 2038 22
171 2001 302 2035 Matth.
321 2002 356 2042 ἴ),
375 2002 425 2038 34
443 2004 478 2036 et
497 2002 559 2038 37.

163 2117 187 2153 2
212 2116 513 2151 conuersationem
532 2118 651 2151 autem
670 2117 717 2152 M
720 2128 738 2152 υ
823 2117 989 2162 gentiles]
1009 2119 1133 2161 gentes
1153 2117 1270 2152 WMv
1353 2116 1483 2151 bonum
1502 2116 1537 2150 A

96 2174 119 2210 3
143 2176 342 2209 retractant
358 2175 446 2214 AL,
484 2175 649 2209 uniuersa
677 2176 874 2210 retractant
892 2176 954 2216 M,
994 2175 1197 2210 detractant
1218 2173 1319 2216 WB,
1357 2173 1517 2208 uniuersi
1546 2173 1605 2208 de-

95 2234 251 2267 trectant
268 2233 415 2277 scripsit
434 2233 614 2267 Erasmus
700 2232 742 2267 de
762 2234 861 2277 (ante
878 2233 975 2277 mal.)
995 2244 1059 2267 om.
1080 2234 1114 2267 L
1209 2232 1235 2269 4
1259 2232 1362 2267 (lcum
1387 2231 1539 2267 WMBv

95 2291 119 2329 5
144 2291 181 2325 in
198 2301 263 2325 om.
278 2290 312 2324 A
407 2290 430 2327 6
456 2291 524 2326 huc
542 2291 710 2325 mundum
728 2292 762 2326 A
835 2293 854 2326 7
880 2291 944 2326 hoc
961 2291 1091 2326 mundo
1108 2292 1143 2325 A
1209 2291 1288 2335 quis
1302 2290 1445 2326 AMBv
1516 2291 1608 2324 hunc

95 2347 263 2382 mundum
289 2348 323 2382 A
418 2348 442 2383 8
467 2348 532 2382 hoc
550 2349 719 2383 mundum
738 2349 774 2383 A
878 2349 928 2385 10
952 2360 991 2383 ex
1009 2359 1053 2384 ea:
1069 2349 1144 2383 eius
1170 2349 1219 2383 W
1231 2360 1275 2384 m.
1294 2351 1316 2383 2
1413 2348 1458 2384 11
1486 2349 1608 2381 manet

101 2403 290 2440 WLMBv
384 2405 432 2441 12
458 2408 494 2439 et
511 2405 585 2450 ipse
598 2406 704 2447 AW,
724 2406 798 2450 ipsc
815 2405 904 2447 LB,
921 2407 956 2440 et
973 2406 1057 2440 deus
1075 2406 1131 2447 M,
1149 2405 1235 2440 deus
1251 2417 1273 2440 v
1366 2404 1556 2449 quomodo.
1573 2430 1578 2436 .
1594 2431 1601 2438 .

95 2463 275 2496 aeternum
294 2462 328 2496 L
343 2473 369 2497 s.
389 2463 411 2497 l.
430 2474 471 2497 m.
487 2464 513 2496 2
584 2463 765 2508 apostolus
782 2464 816 2497 A
828 2490 835 2503 ‚
855 2463 891 2497 in
909 2464 1066 2508 epistula
1084 2463 1182 2507 pauli
1197 2462 1389 2498 WLMBv
1462 2462 1510 2498 14
1529 2473 1608 2496 con-

22 2535 28 2546 ·
96 2519 228 2564 spei-sio
244 2530 265 2553 v
323 2531 444 2564 azyma
459 2521 491 2554 V
551 2531 656 2566 pasca
672 2521 723 2555 W
784 2522 832 2558 15
849 2522 940 2556 feste
957 2521 1000 2555 W
1007 2523 1017 2540 ¹
1082 2521 1295 2565 celcpremus
1311 2520 1361 2554 W
1430 2519 1478 2556 16
1495 2519 1608 2553 ueteri

95 2587 128 2610 n.
146 2577 183 2610 in
202 2576 374 2611 semente
392 2588 456 2612 mn.
476 2578 511 2612 A
605 2580 640 2613 et
657 2579 840 2624 nequitiae
857 2590 921 2613 om.
943 2578 978 2613 B
1079 2578 1127 2615 19
1154 2579 1312 2612 salomon
1331 2578 1367 2612 B
1468 2578 1524 2612 uir
1541 2588 1606 2612 mn.

97 2633 182 2669 LM
258 2635 452 2679 replebitur
471 2636 527 2671 Lv
609 2637 662 2673 20
681 2641 765 2681 post
783 2637 1038 2671 iustificabitur
1065 2637 1179 2671 Oxou.
1198 2636 1323 2670 addit:
1349 2638 1386 2669 et
1415 2636 1445 2669 si
1475 2636 1609 2669 frustra

96 2691 285 2733 iurauerit,
312 2691 501 2737 dupliciter
516 2694 685 2738 punietur
768 2695 816 2731 21
844 2694 931 2728 item
956 2694 993 2728 in
1010 2694 1197 2738 euangelio
1221 2684 1279 2728 sec
1294 2695 1341 2737 A,
1373 2693 1415 2727 de
1443 2692 1506 2726 hoc
1532 2693 1609 2737 ipso

98 2750 176 2782 cata
186 2749 374 2784 WLMBv
460 2750 641 2786 Baluzius
658 2762 676 2786 e
692 2754 718 2786 2
735 2752 838 2786 codd.
857 2752 1039 2797 integrum
1056 2751 1245 2786 Matthaei
1268 2750 1385 2784 locum
1412 2761 1443 2784 v.
1462 2751 1608 2783 33—37

97 2806 271 2850 excripsit
351 2807 397 2841 22
422 2807 459 2841 in
476 2809 605 2853 toturn]
622 2809 766 2843 omnino
792 2821 813 2844 v
