1912 3152
672 257 852 292 Testim.
879 256 930 297 ΙΙ,
947 255 999 292 30
1015 275 1058 280 —
1076 254 1145 289 ΙΙΙ.
1562 253 1641 295 101

137 364 274 415 uobis,
320 362 517 418 quamdiu
546 373 626 404 non
664 360 820 402 fecistis
851 359 923 401 uni
961 371 1008 401 ex
1037 357 1223 400 minimis
1253 356 1339 407 his,
1380 367 1509 410 neque
1539 354 1644 397 mihi

137 434 304 476 fecistis.
337 434 379 475 et
398 432 519 474 ibunt
542 430 615 472 isti
637 430 679 472 in
700 429 841 485 ignem
861 429 1095 478 aeternum,
1136 426 1237 469 iusti
1267 426 1407 468 autem
1437 425 1482 467 in
1511 424 1646 467 uitam

137 503 354 545 aeternam.

622 982 818 1024 LIBER
861 978 1154 1023 TERTIVS.

95 1169 108 1193 5
360 1154 679 1191 CYPRIANVS
705 1155 951 1198 QVIRINO
977 1154 1137 1190 FILIO
1163 1153 1433 1190 SALVTEM.

197 1231 284 1294 Pro
305 1248 384 1290 fide
405 1260 450 1290 ac
470 1248 685 1290 deuotione
706 1248 798 1299 tua,
830 1260 955 1302 quam
977 1248 1153 1289 Domino
1174 1247 1260 1290 Deo
1282 1247 1467 1299 exhibes,
1498 1246 1558 1288 fili
1579 1259 1649 1290 ca-

140 1318 323 1369 rissime,
354 1317 520 1371 petisti,
551 1319 600 1360 ut
620 1317 672 1359 ad
693 1317 981 1359 instruendum
1002 1317 1043 1359 te
1065 1329 1321 1371 excerperem
1356 1317 1404 1358 de
1433 1315 1648 1369 scripturis

141 1387 292 1428 sanctis
314 1387 513 1440 quaedam
534 1386 714 1439 capitula
734 1385 786 1427 ad
806 1385 1043 1440 religiosam
1061 1386 1193 1427 sectae
1209 1386 1371 1427 nostrae
1389 1385 1648 1438 disciplinam

142 1455 407 1509 pertinentia,
439 1454 626 1497 lectionis
665 1454 830 1496 diuinae
867 1454 1118 1496 succinctam
1155 1454 1416 1509 diligentiam
1438 1466 1647 1508 quaerens,

97 1532 129 1556 10
142 1526 189 1566 ut
211 1524 372 1566 animus
393 1524 479 1566 Deo
499 1523 662 1565 deditus
683 1535 763 1565 non
784 1523 919 1577 longis
941 1523 1014 1565 aut
1034 1523 1182 1565 multis
1203 1522 1405 1564 librorum
1426 1522 1649 1564 uolumini-

141 1592 217 1634 bus
239 1592 456 1648 fatigetur,
495 1592 564 1634 sed
601 1592 786 1634 eruditus
821 1591 1027 1634 breuiario
1063 1591 1373 1645 praeceptorum
1408 1591 1649 1633 caelestium

142 1661 291 1703 habeat
318 1661 369 1703 ad
400 1661 617 1704 fouendam
646 1660 888 1703 memoriam
918 1673 1035 1702 suam
1057 1660 1220 1702 salubre
1241 1661 1282 1702 et
1304 1660 1456 1715 grande
1476 1673 1649 1714 conpen-

144 1730 271 1772 dium.
305 1732 347 1772 et
383 1731 478 1784 quia
513 1730 593 1772 tibi
630 1730 798 1784 plenum
835 1728 1068 1771 dilectionis
1105 1729 1347 1782 obsequium
1383 1729 1530 1781 debeo,
1570 1728 1648 1771 feci

142 1799 251 1852 quod
270 1799 432 1853 petisti,
464 1800 512 1841 ut
531 1799 757 1841 laborarem
781 1798 928 1849 semel,
950 1810 1000 1840 ne
1020 1798 1067 1840 tu
1089 1810 1249 1851 semper
1269 1798 1486 1840 laborares
1521 1811 1650 1852 quan-

99 1882 129 1905 15
144 1869 235 1909 tum
269 1868 404 1920 potuit
439 1867 579 1920 itaque
599 1867 860 1909 mediocritas
888 1868 1029 1909 nostra
1058 1866 1278 1921 conplecti,
1312 1867 1486 1909 collecta
1508 1868 1605 1909 sunt
1626 1880 1649 1909 a

143 1949 209 1978 me
231 1935 430 1989 quaedam
451 1937 669 1989 praecepta
700 1935 904 1978 dominica
925 1936 966 1977 et
986 1935 1227 1990 magisteria
1258 1935 1401 1978 diuina
1432 1949 1534 1989 quae
1564 1948 1650 1978 esse

143 2005 184 2046 et
211 2004 351 2046 facilia
379 2006 420 2047 et
450 2004 570 2046 utilia
590 2005 823 2060 legentibus
852 2004 1031 2059 possint,
1064 2005 1163 2046 dum
1184 2005 1227 2047 in
1249 2004 1501 2047 breuiarium
1523 2017 1651 2059 pauca

144 2072 303 2127 digesta
333 2074 374 2115 et
400 2073 598 2115 uelociter
617 2073 885 2128 perleguntur
905 2074 947 2115 et
975 2073 1207 2127 frequenter
1235 2073 1449 2115 iterantur.
1482 2074 1576 2127 opto
1596 2074 1650 2127 te,

147 2141 206 2183 fili
228 2142 459 2193 carissime,
482 2155 642 2196 semper
663 2142 763 2184 bene
784 2141 932 2184 ualere.

214 2267 231 2302 1
260 2266 331 2311 his]
363 2267 444 2300 istis
462 2267 496 2301 A
590 2267 613 2301 2
637 2266 788 2301 abibunt
805 2266 946 2302 LMBo
1039 2267 1114 2312 isti]
1144 2266 1184 2301 hi
1203 2267 1235 2300 B
1331 2267 1451 2312 ignem
1470 2269 1652 2303 aeternum

143 2324 194 2365 A,
232 2324 490 2358 ambustionem
519 2326 699 2359 aeternam
734 2324 924 2359 WLMBv
1077 2324 1122 2359 ad
1150 2324 1335 2367 Quirinum
1364 2325 1407 2360 de
1435 2328 1653 2361 sacramento

144 2381 270 2415 christi
288 2381 433 2426 explicit
450 2381 541 2415 liber
558 2381 595 2415 II
614 2381 742 2426 incipit
758 2381 849 2416 liber
867 2381 926 2415 111
944 2381 989 2423 A,
1009 2381 1053 2415 ad
1064 2381 1251 2424 Quirinum
1269 2382 1360 2417 liber
1378 2383 1416 2417 II
1434 2383 1580 2428 explicit
1594 2384 1644 2419 W
1645 2411 1652 2425 ‚

148 2438 190 2473 ad
208 2439 395 2482 Quirinum
413 2439 508 2473 liber
532 2439 569 2473 II
594 2439 635 2474 de
668 2440 892 2474 sacramento
916 2443 989 2483 exp.
1017 2438 1122 2483 incip.
1149 2439 1193 2473 ad
1211 2439 1359 2474 cundem
1377 2440 1470 2475 liber
1487 2441 1556 2475 III.
1576 2441 1653 2476 bre·

146 2495 253 2529 uiarii
282 2495 323 2530 de
353 2496 521 2540 capitulis
551 2496 798 2531 mandatorum
831 2496 887 2531 (lei
918 2496 961 2530 ad
986 2496 1204 2531 christianae
1222 2496 1408 2541 religionis
1426 2498 1653 2543 disciplinam

145 2552 405 2597 pertinentibus
435 2553 540 2598 incip.
572 2554 651 2598 epla
684 2554 797 2588 XIIII
818 2554 869 2595 B,
899 2553 1032 2589 Caecili
1050 2553 1211 2598 Cipriani
1238 2553 1282 2588 ad
1301 2554 1489 2597 Quirinum
1506 2555 1599 2590 liber
1616 2556 1652 2590 Il

147 2615 210 2655 exp
227 2610 321 2655 incip
339 2610 383 2645 ad
401 2610 547 2645 eundem
578 2614 741 2657 excerpta
769 2612 1007 2656 capitulorum
1033 2622 1178 2646 numero
1203 2611 1297 2645 LXX
1324 2612 1387 2654 M,
1413 2612 1541 2657 incipit
1563 2612 1655 2647 liber

147 2667 276 2702 tertius
294 2668 329 2702 L

215 2739 239 2775 5
264 2737 414 2782 quirino]
434 2738 553 2782 cyrino
575 2739 610 2774 V
693 2739 715 2775 7
742 2750 994 2784 exercerpcrem
1012 2739 1046 2774 L
1136 2739 1159 2775 9
1186 2739 1379 2773 succintam
1398 2739 1450 2773 A¹
1530 2739 1577 2775 12
1603 2738 1655 2773 fo-

150 2794 298 2829 uendum
320 2795 354 2829 B
450 2797 498 2832 13
524 2796 590 2831 feci
608 2807 652 2831 ez
669 2796 789 2831 fecisti
805 2797 840 2831 L
949 2797 990 2831 17
1018 2799 1054 2831 et
1073 2799 1174 2841 (ante
1191 2797 1327 2841 facilia)
1344 2808 1409 2831 om.
1433 2796 1587 2832 WMBv

147 2853 359 2897 legentibus]
376 2853 543 2897 gentibus
562 2855 597 2888 B
694 2854 741 2891 18
768 2855 936 2899 leguntur
954 2855 987 2888 B
1083 2854 1131 2891 19
1158 2854 1211 2888 fili
1229 2864 1294 2889 om.
1310 2854 1359 2889 W
1453 2842 1531 2887 kffii'
1551 2853 1586 2888 B

148 2914 211 2955 exp
228 2910 378 2955 epistola
396 2911 490 2956 incip
508 2915 570 2957 cap
587 2912 680 2947 CXX
698 2912 733 2946 B
1027 2923 1030 2927 ’
