1838 3152
129 655 144 694 l

129 1614 152 1652 ἰν·

162 230 247 272 810
693 226 885 262 Caecilii
921 225 1136 271 Cypriani

506 398 996 470 EPISTVLA
1045 396 1330 469 LXXV.

351 535 668 570 FIRMILIANVS
694 534 940 570 CYPRIANO
965 533 1143 567 FRATRI
1169 532 1223 566 IN
1248 532 1437 568 DOMINO
1464 532 1496 566 S.

223 650 470 702 Accepimus
506 662 576 701 per
611 649 892 702 Rogatianum
930 648 1192 689 carissimum
1230 649 1417 689 nostrum
1457 648 1672 689 diaconum

167 733 189 761 a
211 718 327 759 uobis
360 718 535 758 missum
564 717 725 758 litteras
756 729 856 769 quas
879 717 930 758 ad
952 729 1024 758 nos
1046 716 1195 767 fecisti,
1228 716 1354 758 frater
1387 716 1669 764 dilectissime,

171 788 211 829 et
231 787 386 841 gratias
409 787 573 839 propter
593 786 693 827 11300
713 786 799 827 Deo
821 786 1021 826 maximas
1044 786 1204 839 egimus
1230 785 1338 838 quod
1360 785 1592 839 contigerit,
1623 786 1670 825 ut
1684 799 1699 823 5

167 856 237 910 qui
271 868 434 908 corpore
465 856 514 896 ab
545 855 725 896 inuicem
758 867 997 907 separamur
1031 855 1088 895 sic
1122 855 1272 908 spiritu
1304 855 1530 896 adunemur
1560 854 1676 906 quasi

165 937 245 966 non
266 938 392 966 unam
414 925 579 964 tantum
600 923 809 978 regionem
832 924 1032 974 tenentes,
1057 923 1128 965 sed
1151 924 1193 964 in
1215 923 1304 976 ipsa
1325 923 1446 975 atque
1468 922 1511 963 in
1534 922 1676 963 eadem

168 994 288 1035 domo
318 993 443 1034 simul
466 991 757 1033 inhabitantes.
789 992 896 1044 quod
918 993 958 1033 et
981 993 1097 1034 decet
1120 992 1265 1041 dicere,
1298 991 1393 1044 quia
1415 992 1456 1032 et
1478 990 1676 1043 spiritalis

167 1062 312 1103 domus
333 1061 411 1102 Dei
440 1074 520 1102 una
545 1061 618 1102 est.
653 1060 754 1101 erit
785 1061 918 1101 enim
950 1061 1000 1101 in
1032 1060 1358 1110 nouissimis,
1391 1060 1462 1108 ait,
1496 1059 1676 1100 diebus

167 1129 480 1171 manifestus
511 1141 650 1170 mons
682 1129 889 1170 Domini
921 1130 969 1170 ct
1000 1129 1174 1171 domus
1205 1128 1298 1170 Dei
1329 1141 1482 1181 super
1512 1128 1673 1170 uerti-
1691 1140 1725 1163 ιο

168 1211 246 1240 ces
267 1198 531 1239 montium.
562 1198 605 1238 in
627 1211 706 1250 qua
728 1197 1012 1239 conuenientes
1036 1211 1130 1239 cum
1152 1197 1407 1239 iocunditate
1428 1196 1673 1247 adunantur,

172 1267 395 1309 secundum
418 1266 524 1319 quod
547 1267 586 1307 et
608 1266 650 1307 in
672 1267 829 1319 psalmo
850 1267 925 1307 hoc
946 1267 1181 1319 postulatur
1203 1279 1226 1307 a
1244 1266 1420 1307 Domino
1442 1265 1675 1307 inhabitare

168 1336 210 1377 in
233 1335 351 1376 domo
368 1335 444 1376 Dei
466 1347 536 1387 per
557 1347 697 1376 omnes
720 1335 807 1376 dies
830 1335 952 1376 uitae.
976 1335 1083 1376 unde
1102 1336 1141 1375 et
1159 1335 1201 1375 in
1224 1335 1304 1376 alio
1326 1335 1413 1376 loco
1435 1334 1675 1375 manifesta-

167 1406 258 1446 tum
272 1406 337 1445 est
360 1417 445 1446 esse
468 1404 576 1456 apud
598 1405 759 1445 sanctos
782 1417 977 1458 magnam
998 1403 1228 1444 uoluntatis
1251 1403 1469 1445 caritatem
1487 1404 1530 1444 in
1546 1416 1673 1444 unum

169 1473 393 1515 conuenire.
450 1485 583 1521 0000,
631 1472 779 1525 inquit,
828 1485 971 1525 quam
1017 1472 1199 1513 bonum
1247 1472 1295 1513 et
1340 1471 1724 1525 110111111331111015

168 1544 244 1584 est
274 1543 330 1583 ut
362 1542 603 1583 habitent
634 1540 824 1582 fratres
855 1542 906 1582 in
936 1555 1101 1582 unum.

227 1611 436 1652 Adunatio
478 1611 586 1652 enim
622 1612 662 1652 et
698 1624 776 1664 pax
812 1612 853 1652 et
890 1610 1105 1652 concordia
1143 1622 1223 1651 non
1263 1611 1397 1652 solum
1438 1610 1675 1651 hominibus

170 1680 361 1722 fidelibus
380 1680 420 1721 et
438 1679 776 1733 cognoscentibus
798 1680 1019 1721 ueritatem
1036 1679 1106 1720 sed
1125 1680 1164 1722 et
1182 1680 1342 1734 angelis
1363 1679 1465 1733 ipsis
1488 1679 1676 1721 caelesti-

169 1749 245 1790 bus
275 1749 533 1802 uoluptatem
563 1748 786 1789 maximam
815 1750 1010 1801 praestat,
1043 1749 1190 1801 quibus
1223 1749 1324 1790 dicit
1356 1761 1488 1790 sermo
1511 1748 1676 1789 diuinus

170 1830 255 1859 esse
278 1817 475 1872 gaudium
493 1817 534 1859 in
552 1829 631 1858 uno
652 1818 862 1870 peccatore
883 1818 1183 1870 paenitentiam
1207 1819 1352 1872 agente
1374 1818 1414 1858 et
1431 1817 1482 1858 ad
1504 1816 1675 1857 unitatis
1691 1828 1724 1852 20

173 1887 386 1928 uinculum
418 1887 659 1928 reuertente.
695 1887 801 1939 quod
832 1886 974 1939 utique
1004 1899 1083 1928 non
1105 1886 1308 1928 diceretur
1330 1887 1378 1928 de
1402 1886 1560 1940 angelis
1584 1897 1677 1926 con-

172 1956 447 1997 uersationem
470 1955 511 1996 in
534 1956 657 1997 caelis
689 1955 946 2008 habentibus,
981 1956 1061 1997 nisi
1093 1955 1173 2009 ipsi
1207 1967 1365 2008 quoque
1398 1955 1531 1996 essent
1561 1954 1678 1996 nobis

173 2025 343 2066 adunati
366 2025 435 2077 qui
459 2025 597 2066 nostra
619 2024 863 2065 adunatione
886 2024 1105 2075 laetantur,
1139 2024 1246 2065 sicut
1268 2037 1288 2065 e
1311 2023 1513 2066 contrario
1535 2023 1678 2076 utique

175 2094 481 2147 contristantur,
500 2133 501 2136 ,
525 2093 685 2146 quando
728 2093 874 2134 uident
915 2094 1098 2135 diuersas
1141 2092 1398 2146 quorundam
1438 2092 1596 2133 mentes
1639 2093 1679 2133 et

175 2162 318 2204 scissas
357 2162 606 2212 uoluntates,
647 2162 764 2214 quasi
800 2174 879 2203 11011
915 2163 1080 2203 tantum
1117 2175 1244 2203 unum
1278 2163 1318 2203 et
1350 2161 1523 2203 eundem
1545 2161 1678 2202 Deum
1696 2174 1727 2199 25

310 2310 331 2343 9
357 2309 413 2344 Es.
440 2312 472 2352 2,
498 2311 529 2345 2.
626 2310 669 2344 15
694 2309 752 2344 Ps.
779 2309 856 2351 122,
884 2311 914 2344 1.

245 2447 357 2491 Epist.
376 2446 515 2481 LXXV.
536 2467 577 2471 —
596 2447 731 2492 Incipit
749 2447 906 2492 epistula
923 2447 1128 2482 Firmiliani
1148 2447 1192 2482 ad
1209 2447 1425 2492 Cyprianum
1444 2457 1474 2487 ο,
1500 2447 1682 2481 Firmilia-

176 2515 241 2538 nus
260 2504 303 2538 ad
318 2505 533 2549 Cyprianum
548 2506 578 2544 Ι,
598 2505 734 2550 Incipit
751 2505 882 2540 Caecili
907 2505 1075 2550 Cypriani
1093 2505 1136 2539 ad
1155 2505 1326 2548 Quintum
1343 2504 1498 2539 feliciter
1516 2504 1555 2549 Q,
1575 2505 1681 2538 inser.

177 2572 242 2596 om.
258 2563 298 2596 E
308 2583 350 2587 —
364 2563 385 2595 2
403 2562 440 2595 111
457 2561 596 2596 domino
615 2573 679 2596 om.
698 2572 717 2596 ο
795 2563 817 2596 4
834 2562 1076 2607 dilectissime]
1094 2552 1173 2597 11111νο
1191 2574 1210 2597 0
1228 2564 1269 2596 in
1286 2573 1357 2596 ras.
1376 2574 1419 2596 m.
1439 2564 1464 2596 2
1547 2562 1568 2596 5
1585 2562 1683 2605 haec]

176 2619 243 2653 hoc
260 2631 280 2654 v
390 2619 531 2654 domino
547 2631 576 2661 v,
596 2609 729 2661 dJM,
748 2609 860 2665 ᾶὸἶῼ
977 2621 996 2655 7
1015 2620 1104 2664 ipsa]
1125 2632 1194 2654 una
1212 2620 1286 2654 cod.
1310 2619 1495 2654 Goulartiz‘
1610 2620 1630 2653 9
1648 2619 1684 2652 in

177 2687 242 2711 om.
261 2677 302 2711 Ε
406 2677 472 2722 ait]
491 2677 664 2722 propheta
682 2677 767 2712 add.
787 2690 806 2713 v
924 2679 965 2712 11
985 2678 1067 2723 qua]
1087 2689 1192 2722 quam
1211 2678 1313 2712 EIov
1422 2677 1465 2711 12
1483 2678 1519 2711 et
1536 2687 1599 2711 om.
1621 2687 1639 2710 ο

177 2734 221 2768 14
237 2734 438 2779 caritatem]
458 2734 682 2769 alacritatem
700 2736 792 2770 coni.
810 2735 933 2769 Reum
1073 2736 1116 2769 15
1134 2735 1389 2779 uoluptabilem
1411 2734 1439 2779 Q
1571 2734 1615 2768 16
1632 2734 1686 2767 in·

177 2791 342 2825 habitent
356 2793 383 2826 I
517 2793 560 2827 19
578 2793 835 2837 uolumptatem
856 2792 884 2837 Q
1023 2793 1068 2826 20
1085 2795 1249 2837 agentern
1266 2793 1315 2827 M
1317 2791 1363 2836 Q¹
1509 2792 1552 2825 21
1571 2802 1687 2825 reuer-

177 2850 312 2884 tentem
329 2850 378 2884 M
382 2849 424 2894 ρ’
