1912 3152
494 263 610 308 Quod
635 263 757 299 idola
780 263 845 298 dii
869 272 950 298 non
975 262 1072 297 sint
1095 272 1123 297 c.
1153 262 1310 299 11—13.
1622 260 1677 303 29

226 369 417 412 Sciebant
437 370 479 412 et
498 368 641 411 Iudaei
659 367 869 410 Christum
885 378 971 409 esse
991 367 1234 408 uenturum:
1256 377 1353 407 nam
1374 363 1441 406 hic
1460 363 1546 406 illis
1567 376 1676 407 sem·
1695 373 1743 413 η

166 450 238 492 per
267 438 476 492 prophetis
507 436 767 479 monentibus
797 434 1133 477 adnuntiabatur.
1166 432 1238 476 sed
1269 432 1499 488 significato
1521 432 1675 487 duplici

164 507 252 549 eius
274 507 467 558 aduentu,
499 517 578 548 uno
609 505 680 560 qui
703 504 892 548 exercitio
924 504 965 546 et
996 502 1180 557 exemplo
1210 501 1389 544 hominis
1421 501 1673 557 fungeretur,

164 575 291 617 altero
336 575 404 629 qui
450 575 583 617 Deum
620 574 841 625 fateretur,
880 585 959 615 non
1003 570 1276 626 intellegendo
1306 570 1491 625 primum
1521 569 1675 612 aduen-

116 651 131 675 ⁵
162 644 274 695 tum,
296 643 403 697 quod
424 643 467 685 in
487 643 672 697 passione
693 642 915 698 praecessit
936 641 1119 684 occultus
1132 673 1142 692 ,
1171 653 1300 683 unum
1320 640 1482 682 tantum
1505 639 1675 681 eredunt

162 712 232 765 qui
268 712 348 754 erit
378 712 420 754 in
461 712 664 765 potestate
694 710 950 754 manifestus.
983 709 1091 764 quod
1131 710 1271 752 autem
1312 708 1388 751 hoc
1427 708 1674 750 Iudaeorum

159 780 334 834 populus
363 780 602 836 intellegere
639 792 719 823 non
756 780 912 834 potuit,
952 778 1196 821 delictorum
1235 777 1430 820 meritum
1469 776 1572 818 fuit:
1615 777 1673 818 sic

160 850 276 891 erant
306 849 533 904 sapientiae
563 851 605 892 et
635 849 941 905 intellegentiae
974 847 1168 891 caecitate
1197 846 1389 897 multati,
1422 846 1471 888 ut
1491 845 1561 899 qui
1582 846 1671 888 uita

159 917 319 972 indigni
342 919 498 969 essent,
530 918 726 961 haberent
746 917 880 960 uitam
901 918 995 960 ante
1016 916 1154 959 oculos
1175 928 1249 958 nec
1270 915 1471 958 uiderent.

114 987 146 1012 ¹⁰
216 986 360 1041 Itaque
390 999 485 1029 cum
516 985 703 1030 Christus
734 987 849 1029 Iesus
880 987 1103 1029 secundum
1134 998 1158 1028 a
1188 984 1399 1041 prophetis
1428 985 1523 1026 ante
1551 996 1668 1038 prae·
1690 985 1739 1026 13

158 1055 269 1098 dicta
298 1056 422 1098 uerbo
453 1056 494 1098 et
525 1056 637 1099 uocis
667 1056 839 1111 imperio
870 1056 1084 1099 daemonia
1114 1056 1164 1099 de
1192 1055 1427 1098 hominibus
1448 1055 1666 1103 excuteret,

157 1124 404 1179 paralyticos
433 1124 719 1181 restringeret,
751 1125 930 1180 leprosos
958 1126 1176 1180 purgaret,
1208 1124 1477 1166 inluminaret
1515 1134 1667 1171 caecos,

158 1192 285 1235 clodis
321 1205 507 1248 gressum
542 1193 676 1245 daret,
723 1194 907 1235 mortuos
941 1205 1083 1236 rursus
1118 1193 1339 1243 animaret,
1390 1192 1552 1247 cogeret
1587 1191 1667 1233 sibi

156 1260 359 1304 elementa
379 1261 587 1314 famulari,
619 1262 771 1305 seruire
792 1263 950 1313 uentos,
972 1261 1102 1304 maria
1121 1261 1322 1312 oboedire,
1343 1261 1492 1303 inferos
1514 1261 1666 1310 cedere,

109 1335 140 1360 1⁵
156 1329 309 1381 Iudaei,
325 1330 395 1384 qui
412 1330 532 1372 illum
548 1331 802 1373 crediderant
813 1330 1021 1373 hominem
1037 1331 1201 1374 tantum
1217 1330 1266 1372 de
1281 1330 1519 1372 humilitate
1536 1330 1668 1373 carnis

156 1400 196 1442 et
235 1400 433 1453 corporis,
479 1400 770 1443 existimabant
808 1413 977 1456 magum
1015 1401 1065 1444 de
1105 1400 1273 1443 licentia
1301 1400 1529 1454 potestatis
1573 1399 1666 1442 hine

227 1538 245 1571 1
272 1537 359 1581 esse]
377 1536 487 1572 fuisse
504 1537 578 1574 BV
646 1539 682 1573 et
699 1537 758 1573 hic
774 1538 826 1579 B,
853 1538 917 1573 hoc
940 1538 1017 1574 GM
1095 1538 1120 1574 2
1146 1537 1416 1572 admonentibus
1433 1548 1455 1572 v
1538 1536 1610 1580 sed]
1630 1539 1664 1570 et

155 1593 229 1629 LP
313 1593 530 1639 significatio
548 1595 623 1630 eius
640 1595 775 1641 duplici
801 1595 831 1632 C
921 1595 944 1633 3
970 1606 1078 1630 unum
1095 1595 1157 1640 qui
1256 1605 1323 1630 non
1341 1594 1582 1639 intellegendo
1599 1595 1665 1629 hoc

155 1652 229 1687 loeo
241 1662 307 1687 om.
323 1652 359 1694 C,
372 1653 483 1696 ponit
491 1656 576 1697 post
592 1652 715 1698 itaque
731 1663 809 1689 cum
823 1653 989 1689 Christus
1005 1653 1029 1688 l.
1044 1655 1090 1688 10
1167 1663 1235 1688 uno
1245 1652 1292 1694 Β,
1305 1663 1414 1687 unum
1429 1652 1596 1688 CLMPr

154 1709 215 1754 qui
232 1719 298 1745 om.
316 1709 353 1744 Β
414 1710 580 1746 exertitio
598 1711 634 1746 P
697 1712 733 1746 et
747 1712 819 1747 Ps.
838 1712 861 1747 l.
878 1722 923 1747 m.
938 1713 973 1756 2,
987 1721 1053 1747 om.
1070 1711 1105 1746 B
1166 1711 1192 1748 4
1209 1711 1362 1746 alterum
1389 1710 1595 1746 GLMPBr

155 1767 311 1811 quidum
330 1768 376 1809 G,
392 1767 534 1812 quidem
553 1768 588 1803 B
635 1769 794 1804 fatentur
810 1769 867 1812 B;
887 1779 970 1804 uno.
982 1796 989 1804 .
1001 1769 1210 1804 ..fateretur
1229 1773 1398 1814 suspecta
1415 1769 1595 1804 uidentur

154 1825 234 1869 non]
253 1826 336 1859 inon
360 1825 390 1861 G
482 1826 776 1871 intellegentibus
801 1826 994 1862 aduentum
1025 1827 1182 1872 primum
1202 1826 1237 1861 Β
1321 1827 1346 1865 5
1371 1826 1464 1872 quod
1481 1827 1562 1868 LP,
1599 1829 1661 1872 qui

163 1882 265 1924 CBv,
290 1883 370 1927 qui*
386 1883 433 1917 M
458 1883 497 1927 (d
522 1885 683 1928 erasum)
792 1884 987 1920 occultums
1009 1885 1039 1920 C'
1130 1884 1153 1921 6
1178 1884 1231 1929 in]
1257 1886 1292 1919 et
1310 1884 1345 1919 Β
1432 1884 1660 1920 manifestum

163 1939 192 1975 C'
217 1940 302 1983 (cfr.
338 1940 486 1975 Tertuzl.
518 1951 546 1976 c.
570 1943 627 1983 21,
660 1943 757 1976 400:
797 1941 933 1977 duobus
957 1943 1051 1977 enim
1079 1941 1289 1978 aduentibus
1329 1943 1404 1977 eius
1435 1942 1662 1987 significatis,

154 1997 268 2041 primo
285 1997 346 2042 qui
363 1998 435 2032 iam
451 1999 648 2043 expunctus
665 2000 720 2033 est
752 1998 790 2033 in
818 1998 1024 2034 humilitate
1054 2000 1266 2035 conditionis
1295 1999 1484 2040 humanae,
1511 1999 1660 2035 seeundo

154 2055 214 2099 qui
243 2055 480 2090 concludendo
510 2056 647 2090 saeculo
665 2056 832 2091 imminet
848 2056 886 2091 in
917 2056 1142 2092 sublimitate
1164 2057 1370 2092 diuinitatis
1388 2058 1556 2097 exsertae,
1590 2056 1660 2101 pri-

153 2122 249 2146 mum
278 2122 347 2147 non
380 2113 626 2158 intelligendo,
660 2114 850 2150 secundum
879 2125 982 2159 quem
999 2115 1224 2150 manifestius
1242 2114 1485 2160 praedicatum
1503 2116 1660 2159 sperant.

153 2179 261 2203 unuin
278 2169 586 2216 existimauerunt)
665 2171 689 2208 8
714 2172 750 2206 et
775 2171 1045 2217 intellegentiae
1062 2174 1163 2207 erant
1179 2172 1376 2217 sapientiae
1392 2171 1539 2207 cecitate
1563 2172 1593 2207 G

152 2225 299 2260 multati
315 2226 430 2262 G²M²
443 2228 506 2271 (cf.
527 2228 678 2264 Tertull.
692 2228 715 2264 l.
730 2229 788 2273 c.),
815 2229 964 2264 mulcati
973 2229 1019 2272 Β,
1036 2229 1169 2264 mutati
1183 2229 1213 2266 Ο
1219 2230 1314 2265 'LM
1321 2229 1366 2265 'P
1425 2231 1465 2264 ut
1480 2229 1591 2265 om.B

153 2283 264 2317 uitam
283 2283 319 2318 Β
390 2284 441 2321 10
456 2284 551 2319 iesus
568 2295 634 2320 om.
656 2285 722 2321 ΟΒ
791 2296 812 2320 a
829 2297 896 2322 om.
910 2286 984 2322 LP
1052 2287 1254 2332 prophetias
1273 2287 1310 2322 P
1393 2287 1595 2332 praedicata
1612 2287 1659 2323 B.

151 2340 369 2385 praedictum
388 2341 430 2377 0¹
488 2342 534 2378 11
553 2342 660 2377 uerbo
676 2343 720 2384 P,
738 2343 800 2379 sed
817 2354 837 2379 0
854 2354 898 2379 ex
914 2354 1005 2380 corr.
1070 2345 1107 2380 et
1122 2344 1307 2379 daemonia
1324 2344 1360 2380 B
1422 2344 1478 2389 de]
1495 2344 1540 2379 ab
1560 2345 1594 2379 V

152 2399 396 2432 excuterentur
413 2409 457 2433 ea:
474 2400 675 2434 excuterent
698 2400 727 2435 C
741 2412 784 2435 m.
804 2403 827 2436 2
931 2401 978 2438 12
1005 2403 1041 2436 et
1058 2402 1272 2447 paralyticos
1296 2402 1347 2443 L,
1371 2402 1596 2447 paracliticos
1615 2413 1659 2437 ex

152 2454 342 2498 paraclitos
363 2455 392 2491 C
407 2467 451 2490 m.
468 2458 492 2491 2
601 2457 758 2502 leprosus
777 2458 812 2493 P
926 2469 1039 2504 super
1055 2462 1091 2494 et
1108 2459 1341 2494 inluminaret
1364 2459 1412 2494 M
1425 2470 1469 2494 m.
1485 2461 1527 2494 2:
1554 2459 1657 2494 semi-

151 2511 253 2547 uiuos
271 2512 448 2547 animaret
460 2514 543 2557 (cfr.
560 2514 712 2550 Tertull.
732 2516 753 2550 l.
769 2526 818 2551 e.:
838 2518 994 2550 mortuos
1011 2516 1161 2561 denique
1178 2516 1285 2551 uerbo
1298 2516 1458 2551 redderet
1475 2516 1587 2559 uitae)

153 2569 202 2606 13
227 2569 361 2605 claudis
390 2571 447 2606 Pv
554 2573 705 2617 gressim
737 2573 782 2609 0¹
894 2574 942 2610 14
967 2574 1156 2609 aelimenta
1184 2575 1232 2609 M
1337 2574 1508 2610 famulare
1537 2576 1579 2610 C¹

152 2626 319 2662 obaudire
336 2627 372 2662 B
433 2628 563 2663 inferos
580 2629 699 2664 cedere
716 2640 780 2665 om.
801 2631 835 2665 Β
900 2631 948 2669 15
966 2631 1147 2666 hominum
1173 2632 1216 2668 Ο·
1282 2631 1330 2668 16
1348 2632 1599 2667 existimarunt
1609 2633 1656 2673 B,

151 2684 446 2720 existimauerunt
476 2686 506 2722 C
574 2697 717 2731 magum
742 2688 858 2730 CLI’,
883 2699 1051 2733 magnum
1070 2690 1120 2730 B,
1144 2699 1306 2734 ma*gum
1323 2690 1370 2724 M
1436 2689 1478 2724 de
1496 2689 1654 2733 licentia]

151 2741 343 2786 diligentia
363 2742 428 2777 CB
444 2744 508 2787 (cf.
531 2744 704 2780 Tertull.:
735 2755 838 2790 quem
867 2745 980 2791 igitur
1013 2746 1231 2782 solummodo
1258 2747 1435 2782 hominem
1452 2757 1653 2792 praesump-

152 2801 272 2834 serant
288 2799 330 2834 dc
348 2800 567 2843 humilitate,
585 2802 809 2847 sequebatur,
827 2804 868 2838 ut
881 2815 1024 2850 magum
1042 2804 1290 2839 existimarent
1319 2804 1360 2840 de
1390 2806 1585 2849 potestate)

152 2856 234 2892 hinc
262 2857 298 2892 Β
322 2861 355 2892 et
384 2858 602 2899 Manutius,
640 2860 732 2896 hunc
767 2861 934 2897 CLMPv
