1912 3152
248 210 330 250 21&
800 206 993 242 Caecilii
1019 207 1236 251 Cypriani

246 324 345 352 num
382 309 513 351 rabies
549 310 589 350 et
625 322 826 351 uenenum
862 310 983 351 letale
1021 311 1254 363 serpentum
1291 310 1331 350 et
1373 310 1540 350 cruenta
1581 309 1755 351 saeuitia

244 379 500 421 bestiarum?
533 378 824 433 gratulandum
848 379 928 429 est,
961 392 1055 420 cum
1088 378 1193 419 tales
1226 378 1275 419 de
1306 377 1476 420 ecclesia
1497 379 1751 430 separantur,

244 460 293 489 ne
315 447 549 506 columbas,
582 459 631 490 ne
653 459 749 489 oues
772 446 926 489 Christi
949 459 1073 488 saeua
1105 459 1178 487 sua
1209 447 1250 487 et
1280 447 1480 487 uenenata
1511 446 1752 500 contagione

242 516 501 570 praedentur.
534 517 744 559 cohaerere
766 518 806 558 et
829 516 1019 569 coniungi
1041 527 1120 556 non
1138 516 1273 568 potest
1294 514 1525 556 amaritudo
1545 527 1638 555 cum
1657 515 1750 557 dul-

242 585 400 635 cedine,
432 586 564 640 caligo
596 599 690 627 cum
720 585 897 634 lumine,
929 584 1073 637 pluuia
1104 596 1198 625 cum
1224 583 1462 634 serenitate,
1496 595 1634 637 pugna
1656 595 1749 624 cum
1782 593 1795 617 ⁵

239 667 358 707 pace,
392 667 486 696 cum
522 654 773 696 fecunditate
810 654 1028 703 sterilitas,
1074 665 1167 694 cum
1204 652 1387 694 fontibus
1422 652 1607 703 siccitas,
1655 664 1748 693 cum

238 723 541 776 tranquillitate
564 724 800 776 tempestas.
834 734 953 764 nemo
976 722 1186 764 existimet
1206 722 1331 763 bonos
1362 722 1410 763 de
1439 722 1610 764 ecclesia
1631 733 1747 775 posse

238 791 462 834 discedere:
496 792 684 833 triticum
714 803 793 832 non
824 791 934 844 rapit
964 792 1113 832 uentus
1144 803 1217 832 nec
1248 792 1435 832 arborem
1457 791 1587 833 solida
1610 791 1745 832 radice

236 860 453 902 fundatam
474 860 650 914 procella
672 860 900 901 subuertit:
932 860 1073 901 inanes
1094 859 1235 913 paleae
1257 859 1503 913 tempestate
1525 859 1742 910 iactantur,

234 929 441 971 inualidae
462 929 625 970 arbores
647 928 824 970 turbinis
846 929 1075 970 incursione
1097 929 1329 970 uertuntur.
1361 929 1434 969 hos
1464 929 1674 969 execratur
1704 929 1745 969 et
1759 946 1791 970 ιο

232 999 409 1052 percutit
440 999 638 1040 lohannes
668 999 875 1052 apostolus
908 998 1064 1040 dicens:
1099 1011 1153 1040 ex
1183 998 1330 1040 nobis
1363 998 1622 1049 exierunt,
1656 998 1743 1040 sed

231 1080 326 1110 non
358 1067 584 1117 {fuerunt
631 1080 687 1108 ex
731 1068 892 1109 nobis.
942 1068 983 1108 si
1031 1067 1165 1109 enim
1213 1067 1441 1109 fuissent
1483 1080 1536 1109 ex
1577 1067 1740 1118 nobis,

230 1136 543 1178 mansissent
572 1136 858 1178 nobiscum.

165 1201 215 1241 10
284 1205 393 1246 Hinc
413 1205 597 1247 haereses
619 1206 661 1247 et
682 1205 813 1247 factae
835 1207 931 1247 sunt
952 1204 1183 1258 frequenter
1205 1205 1245 1247 et
1266 1204 1391 1256 fiunt,
1427 1204 1526 1246 dum
1543 1217 1734 1258 peruersa

228 1287 342 1317 mens
372 1288 451 1316 non
482 1275 606 1317 habet
634 1287 800 1328 pacem,
833 1275 932 1316 dum
963 1274 1134 1328 perfidia
1155 1275 1390 1317 discordans
1412 1286 1491 1316 non
1512 1276 1624 1316 tenet
1645 1274 1738 1316 uni·
1752 1289 1783 1314 15

226 1344 369 1384 tatem.
402 1342 490 1384 fieri
512 1355 606 1385 uero
628 1343 729 1385 haec
749 1343 951 1385 Dominus
974 1343 1182 1397 permittit
1203 1344 1244 1384 et
1261 1343 1420 1397 patitur
1436 1344 1626 1384 manente
1643 1355 1737 1396 pro-

225 1412 337 1466 priae
357 1412 563 1454 libertatis
586 1412 778 1463 arbitrio,
811 1413 858 1454 ut
880 1412 979 1453 (lum
1001 1411 1124 1453 corda
1160 1412 1200 1453 et
1235 1412 1394 1453 mentes
1432 1412 1591 1453 nostras
1627 1412 1736 1454 ueri-

224 1481 323 1522 tatis
361 1481 580 1523 discrimen
616 1481 842 1531 examinat,
883 1481 1147 1534 probatorum
1183 1480 1282 1521 fides
1320 1480 1480 1534 integra
1515 1480 1734 1522 manifesta

221 1550 311 1591 luce
333 1550 540 1592 clarescat.
574 1562 645 1602 per
666 1550 896 1603 apostolum
917 1550 1152 1603 praemonet
1174 1548 1352 1603 Spiritus
1371 1550 1535 1591 sanctus
1554 1550 1593 1591 et
1612 1549 1734 1591 dicit:

222 1619 430 1672 oportet
460 1619 508 1659 et
537 1619 774 1661 haereses
806 1631 936 1669 esse,
989 1619 1044 1659 ut
1074 1618 1289 1671 probati
1321 1618 1589 1660 manifesti
1629 1618 1782 1660 sint20

220 1687 270 1728 in
302 1687 462 1728 uobis.
497 1688 555 1729 sic
585 1688 812 1741 probantur
842 1687 1006 1738 fideles,
1039 1687 1097 1728 sic
1126 1687 1271 1739 perfidi
1303 1687 1570 1742 deteguntur,
1604 1687 1662 1728 sic
1693 1688 1733 1729 et

220 1757 313 1797 ante
334 1756 477 1797 iudicii
514 1756 623 1798 diem
659 1757 726 1798 hic
762 1769 919 1810 quoque
956 1756 1041 1797 iam
1076 1756 1280 1797 iustorum
1316 1755 1447 1809 adque
1485 1756 1734 1798 iniustorum

219 1824 379 1866 animae
411 1825 654 1866 diuiduntur
687 1827 727 1867 et
758 1838 781 1867 a
811 1824 1018 1867 frumento
1049 1825 1189 1878 paleae
1228 1826 1479 1878 separantur.
1513 1825 1608 1867 hinc
1638 1826 1733 1867 sunt

218 1893 288 1947 qui
325 1906 365 1935 se
401 1895 510 1935 ultro
545 1896 645 1947 aput
681 1894 920 1936 temerarios
959 1906 1159 1935 conuenas
1190 1894 1275 1935 sine
1301 1893 1443 1936 diuina
1466 1893 1732 1948 dispositione

217 1962 479 2016 praeficiunt,
513 1964 583 2016 qui
606 1976 647 2004 se
668 1964 919 2016 praepositos
949 1963 1035 2005 sine
1067 1964 1154 2004 ulla
1176 1963 1445 2005 ordinationis
1466 1964 1557 2018 lege
1579 1963 1730 2006 consti-
1745 1980 1777 2006 25

217 2033 367 2083 tuunt,
402 2032 472 2085 qui
495 2033 659 2074 nemine
683 2032 963 2085 episcopatum
985 2033 1108 2074 dante
1131 2032 1310 2086 episcopi
1334 2032 1413 2073 sibi
1433 2043 1580 2073 nomen
1609 2032 1730 2074 adsu-

215 2102 357 2142 munt:
391 2113 490 2154 quos
513 2102 703 2156 designat
725 2101 768 2142 in
790 2101 961 2154 psalmis
984 2100 1164 2154 Spiritus
1187 2101 1351 2143 sanctus
1373 2100 1557 2143 sedentes
1586 2100 1628 2142 in
1659 2112 1729 2153 pe-

353 2227 394 2259 11
422 2226 438 2259 Ι
459 2226 509 2260 Io.
528 2227 559 2267 ⁴2,
581 2227 633 2260 19.
708 2227 753 2260 20
778 2226 796 2261 Ι
816 2226 892 2261 Cor.
915 2227 968 2267 11,
990 2227 1042 2262 19.

283 2341 300 2374 1
319 2340 435 2375 rabies
453 2351 579 2375 canum
604 2340 637 2376 G
700 2342 819 2376 rabies
837 2343 873 2375 et
891 2353 1064 2376 uenenum
1084 2352 1148 2376 om.
1168 2341 1204 2377 R
1279 2341 1300 2375 3
1319 2351 1381 2375 sua
1401 2351 1465 2376 om.
1484 2342 1531 2376 M
1595 2342 1613 2376 7
1640 2342 1730 2376 exti-

210 2399 282 2432 met
299 2397 336 2433 R
450 2399 472 2433 8
497 2409 574 2432 cum
591 2399 687 2442 rapit
705 2398 802 2441 WG,
821 2410 889 2433 non
906 2410 986 2444 sap.
1006 2410 1072 2434 scr.
1093 2410 1134 2433 m.
1151 2401 1172 2433 2
1281 2399 1302 2433 9
1328 2398 1489 2435 subuerti
1508 2399 1544 2434 R
1637 2402 1725 2434 tem-

210 2456 364 2499 pestates
382 2455 419 2491 R
527 2456 571 2490 10
596 2457 633 2489 et
660 2456 841 2490 inualidae
870 2457 902 2491 V
1015 2457 1178 2491 turbines
1203 2457 1237 2492 R
1353 2458 1553 2492 incussione
1581 2458 1613 2493 G
1642 2459 1728 2500 fort.

212 2516 306 2547 recte
393 2514 603 2547 euertuntur
624 2524 642 2548 v
736 2515 771 2547 et
788 2514 944 2558 pereutit
962 2525 1025 2548 om.
1045 2515 1091 2548 Μ
1178 2515 1220 2548 11
1240 2515 1418 2559 apostolus
1436 2515 1606 2550 iohannes
1619 2516 1668 2550 M

210 2570 348 2605 *ierunt
373 2569 406 2604 G
429 2571 462 2614 (e
480 2571 588 2615 eras.)
708 2571 751 2605 13
775 2571 959 2606 nobiseum
985 2571 1109 2616 utique
1136 2572 1351 2606 mansissent
1379 2573 1442 2614 M,
1467 2583 1583 2607 mans,
1607 2574 1731 2618 utique

210 2626 287 2661 nob.
310 2639 328 2662 υ
413 2628 455 2662 14
479 2628 616 2662 heresis
639 2628 814 2664 WGMR
910 2630 952 2664 16
977 2629 1042 2663 hoc
1061 2629 1097 2664 R
1192 2630 1233 2664 17
1260 2632 1301 2664 ut
1318 2630 1401 2664 dum
1419 2630 1522 2664 corda
1539 2641 1603 2665 orm.
1630 2631 1662 2666 G

207 2684 311 2719 corda
327 2686 450 2719 nostra
476 2696 493 2719 υ
599 2686 644 2720 20
669 2697 743 2720 esse
767 2688 803 2720 et
828 2686 1023 2721 schismata
1051 2687 1084 2722 V
1197 2688 1240 2722 23
1266 2687 1349 2722 hinc
1374 2688 1479 2730 WG,
1504 2688 1562 2723 hie
1580 2689 1666 2730 M¹‚
1689 2688 1729 2722 hi

208 2741 291 2776 ΕΜ
297 2743 330 2777 211
424 2743 468 2776 24
495 2753 530 2777 se
549 2753 612 2777 om.
639 2742 671 2777 G
777 2743 965 2777 conuenias
984 2745 1035 2785 R,
1064 2746 1259 2779 conuentus
1278 2746 1326 2780 Μ
1344 2746 1382 2780 in
1400 2756 1469 2780 ras.
1568 2745 1729 2790 disputa.-

205 2799 302 2833 tione
322 2798 358 2835 R
429 2799 474 2835 25
501 2811 536 2834 se
554 2800 764 2844 praeficiunt
788 2800 821 2835 G
892 2801 935 2834 27
963 2802 1190 2845 pestilentiae
1208 2802 1243 2836 in
1261 2803 1309 2837 M
