1838 3152
196 195 280 236 680
727 194 922 229 Caecilii
957 194 1170 239 Cypriani

194 298 455 340 destiterunt.
499 297 652 339 clamat
682 297 814 340 Deus:
854 298 1165 341 sacrificans
1205 299 1306 341 diis
1347 301 1709 343 eradicabitur

194 366 297 409 nisi
329 367 542 408 Domino
574 366 685 407 soli.
726 367 766 408 et
797 367 999 409 Dominus
1031 367 1073 409 in
1104 368 1318 423 euangelio
1352 368 1473 411 dicit:
1507 370 1592 423 qui
1624 383 1700 413 me

194 436 468 491 negauerit
514 436 711 490 negabo
757 436 921 478 illum.
969 437 1009 478 et
1049 437 1129 479 alio
1173 437 1261 480 loco
1302 438 1530 493 indignatio
1572 440 1613 481 et
1647 440 1708 482 ira

197 505 340 547 diuina
371 517 450 546 non
482 506 594 547 tacet
626 505 785 547 dicens:
827 505 944 546 illis
976 505 1197 547 fudistis
1228 507 1479 549 libamina
1510 509 1558 549 et
1588 508 1704 550 illis

195 574 513 632 inposuistis
552 574 834 616 sacrificia.
878 586 1028 627 super
1067 574 1189 617 haec
1231 587 1324 617 non
1364 576 1735 631 indignabor&

196 642 332 683 dicit
363 643 623 684 Dominus.
657 643 697 683 et
718 642 979 684 intercedunt
999 655 1048 684 ne
1069 645 1238 698 rogetur
1259 645 1370 686 Deus
1400 645 1470 698 qui
1498 645 1706 700 indignari

197 724 240 753 se
261 712 348 765 ipse
370 712 562 753 testatur.
587 712 848 753 intercedunt
863 724 912 753 ne
928 713 1116 753 exoretur
1136 713 1325 766 precibus
1344 714 1384 755 et
1401 713 1699 756 satisfactioni-

199 780 275 822 bus
298 778 484 822 Christus
508 780 578 834 qui
600 781 820 835 negantem
841 792 882 822 se
903 793 1053 835 negare
1075 781 1307 834 profitetur.

132 859 182 899 13
254 849 339 891 Nos
361 849 405 891 in
426 849 514 904 ipso
535 849 831 902 persecutionis
853 851 1039 903 tempore
1056 850 1104 891 de
1121 850 1196 892 hoc
1220 850 1307 903 ipso
1328 850 1489 892 litteras
1512 851 1705 893 misimus

198 931 271 960 nec
300 918 435 960 auditi
465 930 619 959 sumus.
652 918 824 959 concilio
854 917 1089 971 frequenter
1114 920 1204 960 acto
1226 930 1306 960 non
1328 920 1586 961 consensione
1609 921 1702 962 tan·
1717 937 1751 963 ιο

198 989 291 1030 111111
326 988 463 1028 nostra
501 986 571 1028 sed
602 987 643 1028 et
674 987 991 1028 comminatione
1032 987 1291 1030 decreuimus
1326 989 1373 1030 ut
1409 989 1711 1041 paenitentiam

197 1056 346 1099 fratres
388 1057 571 1110 agerent,
613 1057 660 1097 ut
695 1056 991 1108 paenitentiam
1029 1069 1109 1098 non
1145 1057 1364 1111 agentibus
1400 1069 1517 1099 nemo
1554 1058 1707 1099 temere

196 1138 340 1178 pacem
362 1125 490 1166 daret.
512 1125 552 1166 et
573 1124 638 1165 illi
660 1126 800 1167 contra
822 1125 956 1166 Deum
977 1126 1181 1180 sacrilegi,
1213 1128 1353 1168 contra
1374 1127 1603 1169 sacerdotes
1626 1127 1707 1168 Dei

198 1194 326 1248 impio
349 1193 484 1236 furore
505 1194 730 1244 temerarii,
753 1194 802 1235 de
824 1194 993 1235 ecclesia
1014 1194 1246 1236 recedentes
1267 1197 1308 1237 et
1330 1196 1471 1238 contra
1492 1195 1707 1237 ecclesiam

196 1263 459 1317 parricidalia
475 1276 590 1304 arma
606 1263 800 1304 tollentes
818 1263 1041 1312 elaborant,
1059 1264 1106 1304 ut
1121 1275 1221 1316 opus
1238 1276 1359 1305 suum
1376 1264 1531 1305 diaboli
1548 1264 1711 1305 malitia
1726 1280 1757 1305 15

198 1333 470 1382 consummet,
497 1344 547 1373 ne
569 1332 806 1373 uulneratos
828 1331 970 1373 diuina
992 1332 1211 1374 clementia
1233 1333 1275 1374 in
1297 1333 1466 1375 ecclesia
1487 1345 1560 1374 sua
1582 1334 1709 1374 curet.

198 1401 441 1443 miserorum
453 1400 751 1454 paenitentiam
764 1400 1073 1443 mendaciorum
1086 1413 1252 1443 suorum
1268 1402 1411 1444 fraude
1428 1403 1708 1455 corrumpunt,

197 1483 246 1512 ne
278 1471 362 1511 Deo
400 1470 633 1525 indignanti
670 1470 859 1520 satisfiat,
897 1482 946 1511 ne
976 1469 1188 1512 Christum
1217 1471 1442 1513 Dominum
1480 1484 1601 1513 suum
1638 1471 1708 1524 qui

200 1540 451 1582 christianus
481 1552 567 1581 esse
589 1539 656 1580 uel
678 1539 842 1580 erubuit
864 1540 959 1581 ante
981 1539 1049 1581 uel
1069 1539 1215 1581 timuit
1236 1539 1500 1593 postmodum
1522 1540 1706 1593 quaerat,

199 1622 249 1651 ne
271 1610 323 1650 ad
345 1608 562 1651 ecclesiam
584 1608 654 1661 qui
677 1608 726 1649 de
748 1608 918 1650 ecclesia
938 1609 1161 1650 recesserat
1181 1609 1334 1650 redeat.
1373 1610 1496 1650 datur
1517 1621 1635 1662 opera
1656 1621 1706 1650 ne
1722 1625 1756 1651 20
1822 1612 1825 1614 ’

199 1677 554 1719 satisfactionibus
577 1679 617 1719 et
638 1677 1003 1719 lamentationibus
1031 1677 1152 1719 iustis
1182 1677 1333 1719 delicta
1353 1677 1620 1728 redimantur,
1657 1690 1708 1720 ne

200 1745 372 1787 uulnera
392 1746 576 1788 lacrimis
598 1745 832 1787 abluantur.
855 1758 933 1799 pax
954 1758 1052 1788 uera
1073 1746 1202 1788 falsae
1223 1747 1336 1799 pacis
1358 1746 1570 1789 mendacio
1588 1747 1707 1789 tolli-

199 1814 281 1865 tur,
313 1814 507 1857 salutaris
537 1815 651 1856 sinus
680 1815 827 1856 matris
858 1826 1030 1858 nouerca
1056 1815 1331 1858 intercedente
1354 1816 1549 1867 cluditur,
1582 1829 1631 1858 ne
1655 1815 1704 1858 de

342 1976 361 2009 1
387 1974 447 2009 Ex.
474 1975 529 2016 22,
558 1975 616 2010 20.
711 1976 732 2009 2
756 1975 888 2009 Matth.
916 1976 969 2017 10,
995 1976 1053 2010 33.
1147 1976 1170 2010 4
1195 1976 1252 2010 Es.
1279 1975 1334 2017 57,
1360 1977 1389 2010 6.

273 2125 293 2159 1
309 2124 548 2159 sacrificandis
562 2125 610 2159 M
618 2125 661 2161 Ὀ
676 2124 892 2169 (sacrificans
909 2124 979 2159 diis
997 2125 1045 2160 M
1049 2124 1109 2170 ²Q)
1204 2125 1225 2159 2
1242 2124 1427 2169 euangelio
1446 2135 1506 2159 suo
1522 2124 1558 2160 R
1574 2125 1636 2159 sed
1654 2134 1716 2159 suo

207 2193 288 2227 exp.
421 2182 442 2216 3
460 2182 673 2227 negauerint
690 2182 726 2218 R
859 2183 895 2216 et
913 2192 975 2226 ego
993 2193 1072 2216 eum
1091 2181 1227 2227 negabo
1250 2182 1279 2228 Q
1411 2182 1433 2216 5
1450 2182 1621 2226 posuistis
1645 2182 1675 2218 Ο

202 2241 227 2275 Ἰ6
257 2239 447 2274 intercedit
475 2241 519 2282 P,
551 2239 792 2274 intercedetur
823 2240 852 2275 C
858 2241 865 2257 ¹
1007 2240 1026 2273 7
1057 2240 1105 2284 se]
1137 2241 1191 2273 set
1216 2239 1251 2274 R
1391 2241 1610 2284 protestatur
1637 2239 1674 2275 R

206 2299 228 2333 8
245 2297 374 2332 christi
392 2298 465 2332 LP
603 2298 623 2331 9
641 2299 818 2342 temperas
842 2298 986 2331 litteras
1006 2298 1053 2332 M
1058 2300 1067 2316 ¹
1092 2297 1249 2341 (litteras
1268 2297 1378 2343 M2Q)
1518 2298 1562 2332 10
1581 2298 1715 2342 sumus]

209 2358 356 2391 sumunt
371 2357 406 2392 R
486 2356 632 2391 consilio
654 2356 719 2392 CR
797 2357 1035 2402 consensione]
1055 2357 1297 2391 consentiente
1316 2357 1345 2391 (J
1426 2357 1468 2391 11
1486 2358 1608 2390 nostro
1629 2355 1674 2391 0²

207 2414 494 2459 comminatione]
531 2414 850 2449 communicatione
879 2414 950 2460 PQ
1091 2414 1133 2448 12
1162 2414 1292 2448 fratres
1326 2425 1356 2448 a.
1391 2425 1423 2448 u.
1458 2413 1718 2458 paenitentiam

208 2482 274 2507 om.
302 2472 337 2506 L
448 2473 491 2506 13
510 2472 593 2506 dare
612 2473 648 2507 R
753 2472 810 2506 illi
828 2474 864 2506 et
883 2473 948 2508 CR
1057 2473 1100 2506 14
1117 2471 1285 2506 temerari
1304 2471 1372 2516 LQ
1483 2471 1525 2505 15
1543 2470 1722 2515 parricida

208 2529 259 2563 lia
280 2529 309 2574 Q
328 2529 517 2573 (perricida
542 2529 616 2563 alia
637 2530 708 2572 M),
736 2529 944 2572 parricidali
962 2529 996 2564 R
1135 2540 1237 2563 51111111
1255 2539 1319 2564 om.
1340 2528 1370 2564 C
1508 2528 1624 2562 zaboli
1642 2528 1677 2563 R

210 2588 253 2620 16
266 2588 448 2622 consumet
462 2587 500 2627 C,
531 2588 774 2621 consumment
790 2587 842 2632 Qv
1028 2587 1084 2631 ne]
1102 2597 1165 2621 nec
1188 2587 1222 2622 V
1403 2587 1501 2620 curet
1515 2586 1549 2619 et
1564 2585 1630 2620 CR

210 2646 253 2679 17
272 2645 397 2680 frauda
416 2646 464 2681 M
480 2645 616 2689 (fraude
640 2645 682 2690 Q)
825 2645 1095 2689 corrumpantto
1101 2647 1110 2663 ¹
1251 2645 1295 2679 18
1312 2655 1354 2679 116
1372 2644 1446 2689 deo]
1466 2655 1528 2679 1166
1546 2654 1584 2678 eo
1603 2643 1632 2689 Q

210 2702 391 2746 indignati
410 2703 539 2744 (3¹LR‚
570 2703 795 2747 indignantis
818 2703 847 2747 Q
985 2703 1031 2737 20
1055 2702 1099 2737 ad
1124 2702 1272 2737 ecclesia
1289 2702 1326 2737 R
1464 2701 1597 2745 redeat]
1630 2711 1722 2735 rece·

211 2760 297 2794 dant
318 2760 347 2805 Q
451 2761 494 2794 21
514 2762 550 2795 61
567 2760 883 2794 lamentationibus
902 2771 965 2794 om.
989 2760 1018 2805 Q
1122 2760 1167 2794 22
1186 2759 1273 2794 false
1292 2759 1328 2801 C,
1351 2759 1464 2794 salsae
1483 2759 1518 2794 R
1610 2758 1722 2803 pacis]

211 2818 313 2861 papis
333 2817 368 2852 R
507 2818 551 2852 23
577 2817 819 2862 praecluditur
838 2818 906 2859 Rv,
924 2816 1139 2862 percluditur
1161 2817 1190 2852 O
