1912 3152
116 983 149 1009 10

117 1327 148 1352 1⁵

119 2022 151 2048 25

119 2366 152 2391 30

287 353 462 396 LXIIII.

336 490 461 532 LXV.

315 560 462 602 LXVI.

293 696 462 739 LXVII.

272 834 464 876 LXVIII.

249 972 464 1014 LXVIIII.

638 249 914 284 Το311111.ΙΙΙ.
940 249 1153 294 capitula.
1588 250 1669 292 105

495 353 606 404 Quae
637 353 720 394 sint
751 352 927 394 carnalia
957 366 1060 406 quae
1096 354 1272 395 mortem
1301 353 1464 407 pariant
1494 353 1535 395 et
1564 365 1667 407 quae

495 421 701 476 spiritalia
721 434 824 475 quae
844 421 896 462 ad
918 421 1051 463 uitam
1072 421 1236 464 ducant.

495 489 643 532 Omnia
664 490 814 532 delicta
834 489 877 531 in
897 489 1103 543 baptismo
1124 490 1283 544 deponi.

494 559 768 612 Disciplinam
788 558 865 600 Dei
895 558 938 600 in
958 559 1243 601 ecclesiasticis
1274 559 1502 614 praeceptis
1532 559 1670 602 obser-

495 627 686 669 uandam.

495 697 758 739 Praedictum
793 696 902 750 quod
932 696 1194 750 disciplinam
1223 709 1367 739 sanam
1414 697 1670 751 aspernaturi

495 766 643 807 essent.

495 834 780 876 Recedendum
803 833 853 876 ab
875 845 920 875 eo
941 833 1011 888 qui
1040 833 1270 876 inordinate
1301 835 1343 876 et
1373 834 1513 876 contra
1543 833 1670 876 disci-

496 903 652 956 plinam
673 903 802 944 uiuat.

494 972 586 1014 Non
625 972 669 1013 in
707 971 908 1024 sapientia
948 971 1093 1013 mundi
1123 983 1196 1013 nec
1233 971 1276 1013 in
1316 971 1548 1025 eloquentia
1586 982 1671 1012 esse

494 1054 667 1095 regnum
696 1041 774 1082 Dei
804 1040 874 1082 sed
905 1040 948 1081 in
979 1040 1055 1082 fide
1086 1040 1217 1082 crucis
1248 1041 1289 1083 et
1318 1041 1473 1082 uirtute
1503 1051 1671 1083 conuer-

495 1109 679 1151 sationis.

329 1178 454 1221 LXX.
487 1177 735 1220 Parentibus
756 1177 1072 1231 obsequendum.

315 1247 464 1289 LXXI.

299 1316 468 1358 LXXII.

267 1453 459 1496 LXXIII.

250 1522 465 1565 LXXIIII.

296 1592 461 1634 LXXV.

279 1730 464 1772 LXXVI.

258 1799 466 1841 LXXVII.

233 1868 465 1910 LXXVIII.

209 1935 464 1978 LXXVIIII.

298 2004 461 2046 LXXX.

277 2142 463 2184 LXXXI.

251 2211 459 2253 LXXXII.

232 2280 462 2321 LXXXIII.

214 2349 468 2390 LXXXIIII.

495 1247 639 1289 Patres
661 1258 817 1300 quoque
839 1258 1001 1300 asperos
1026 1258 1110 1288 esse
1132 1246 1240 1288 circa
1255 1246 1361 1287 filios
1377 1258 1456 1288 non
1469 1247 1667 1299 oportere.

501 1315 667 1366 SeruOS‚
699 1329 794 1357 cum
815 1315 1085 1366 crediderint,
1122 1316 1216 1368 plus
1238 1314 1417 1357 dominis
1439 1314 1672 1357 carnalibus

495 1384 647 1426 seruire
669 1384 825 1426 (1011010.

495 1453 602 1495 Item
624 1453 809 1495 dominos
830 1453 1014 1495 mitiores
1036 1465 1121 1494 esse
1142 1452 1299 1495 debere.

498 1522 655 1564 Viduas
676 1523 868 1576 probatas
890 1535 1071 1576 quasque
1091 1522 1355 1564 honorandas

494 1591 669 1634 Suorum
700 1593 741 1633 et
770 1592 948 1634 maxime
990 1591 1178 1633 fidelium
1216 1603 1353 1633 curam
1395 1589 1488 1645 plus
1519 1602 1670 1632 unum-

496 1673 699 1714 quemque
720 1660 867 1703 habere
889 1661 1046 1703 debere.

499 1730 699 1772 Maiorem
720 1730 821 1772 natu
842 1742 921 1771 non
940 1730 1093 1771 temere
1114 1728 1400 1771 accusandum.

499 1799 742 1841 Peccantem
763 1798 926 1853 publice
947 1798 1261 1853 obiurgandum.

499 1867 602 1910 Cum
624 1867 838 1910 haereticis
860 1880 938 1909 non
959 1867 1220 1920 loquendum.

498 1936 760 1978 Innocentem
782 1936 953 1977 fidenter
973 1936 1109 1988 petere
1130 1937 1172 1977 et
1193 1935 1411 1988 inpetrare.

494 2004 612 2046 Nihil
646 2004 765 2046 licere
796 2004 958 2046 diabolo
988 2005 1030 2046 in
1061 2004 1287 2054 hominem,
1328 2003 1409 2045 nisi
1439 2003 1551 2046 Deus
1580 2016 1673 2058 per-

497 2073 670 2115 miserit.

497 2143 727 2184 Mercedem
751 2142 1024 2184 mercennario
1047 2142 1127 2183 cito
1148 2142 1410 2184 reddendam.

493 2211 585 2253 Non
605 2211 904 2265 augurandum.

496 2280 657 2322 Cirrum
681 2293 760 2322 11011
781 2280 1029 2322 habendum.

501 2349 593 2390 Non
614 2349 864 2390 uellendum.

236 2509 260 2544 2
285 2508 417 2542 ducunt
434 2508 469 2543 L
539 2508 563 2544 8
581 2510 616 2542 ct
630 2519 695 2542 om.
710 2508 759 2543 W
828 2508 850 2544 9
870 2508 997 2542 uiuant
1017 2509 1066 2543 W
1137 2508 1187 2545 10
1203 2508 1455 2553 insipientiaA
1520 2508 1557 2542 in
1574 2509 1675 2552 (ante

166 2565 272 2610 eloq.)
285 2576 349 2600 om.
360 2566 406 2600 M
477 2566 525 2601 14
543 2576 617 2599 0330
630 2577 693 2599 om.
710 2566 744 2599 L
808 2565 900 2600 circa
914 2566 1005 2600 filios
1020 2576 1159 2610 asperos
1173 2576 1247 2600 csse
1260 2566 1295 2600 A
1367 2567 1506 2611 01101101
1514 2566 1608 2601 ALv

169 2623 217 2661 15
243 2622 389 2667 LXXII]
409 2623 561 2657 LXXIII
583 2623 632 2657 W
719 2623 765 2658 17
784 2623 957 2657 LXXIII.
972 2650 979 2656 .
995 2650 1002 2656 .
1018 2649 1024 2655 .
1045 2622 1170 2657 debere
1185 2633 1248 2657 om.
1269 2623 1318 2658 W
1388 2623 1474 2657 item
1489 2633 1552 2656 om.
1573 2623 1609 2657 R

168 2680 217 2717 18
235 2691 322 2724 quas
336 2681 386 2715 W
456 2681 503 2716 19
530 2680 668 2725 LXXV]
687 2681 781 2714 LXX
806 2681 854 2715 W
924 2681 976 2717 20
1000 2680 1124 2715 debere
1148 2680 1278 2715 habere
1295 2681 1386 2715 AW
1456 2681 1505 2716 22
1532 2690 1676 2724 pecean-

166 2737 249 2772 dum
264 2738 311 2772 W
383 2737 433 2773 24
450 2738 685 2772 innocentiam
700 2738 784 2772 LM
784 2739 817 2772 Β
826 2739 873 2773 W
879 2742 925 2779 ²v‚
942 2738 1143 2772 innocentia
1158 2739 1207 2773 W
1215 2742 1220 2759 ¹
1299 2738 1490 2782 inpetrare]
1506 2737 1676 2781 interpre-

166 2797 243 2829 tare
259 2796 307 2830 W
372 2795 423 2832 25
441 2795 618 2829 diaboliA
680 2795 959 2830 hominelVMB
1029 2795 1078 2831 27
1099 2795 1331 2829 mercennarii
1345 2795 1379 2828 A
1451 2795 1501 2830 28
1514 2794 1677 2839 oigoran-

166 2852 250 2887 dum
263 2853 309 2892 A,
327 2852 546 2896 agurandum
565 2853 613 2887 W
622 2856 645 2893 ¹,
672 2852 930 2897 auguriandum
944 2853 979 2887 B
1055 2852 1104 2889 29
1131 2852 1261 2888 circum
1277 2853 1310 2886 A
1382 2863 1449 2886 non
1464 2853 1495 2886 A
1507 2852 1675 2888 WVLB.

167 2909 205 2943 in
222 2909 337 2954 capite
356 2920 423 2943 non
439 2909 485 2943 M
487 2921 503 2944 ι’
567 2910 619 2945 30
637 2909 841 2944 uallcndum
857 2911 886 2944 A
1025 2926 1028 2929 ¹
