1838 3152
590 249 828 298 Epistulae
852 247 996 283 LIIII.
1024 259 1051 282 c.
1080 248 1178 283 1—4.
1552 248 1637 291 623

134 355 242 396 dem
272 353 540 402 honorata,
572 353 818 405 quaedam
850 352 1169 394 inhonorata.
1204 364 1275 393 nos
1306 363 1472 404 operam
1494 351 1637 393 demus

134 424 176 465 et
195 423 397 476 quantum
427 433 645 475 possumus
677 421 909 464 laboremus
931 422 978 462 ut
999 432 1073 462 uas
1101 432 1270 461 aureum
1299 420 1367 462 uel
1397 421 1639 475 argenteum

131 490 273 532 simus.
307 491 487 532 ceterum
519 489 665 532 fictilia
699 503 795 532 uasa
825 488 1079 543 confringere
1100 488 1276 530 Domino
1303 488 1379 530 soli
1401 500 1638 531 concessum

133 559 195 600 est
219 559 286 600 cui
307 560 348 600 et
371 559 489 613 uirga
521 559 651 600 ferrea
681 559 780 600 data
811 559 885 600 est.
919 570 1005 599 esse
1037 569 1116 598 non
1146 558 1283 610 potest
1314 558 1444 599 maior
1474 558 1639 599 domino

103 643 117 665 ε,
131 640 204 668 suo
225 639 368 668 seruus
390 639 462 669 nec
484 627 703 680 quisquam
726 627 805 669 sibi
827 627 934 680 quod
956 626 1033 668 soli
1056 625 1142 667 filio
1173 627 1290 679 pater
1319 626 1469 667 tribuit
1501 626 1638 667 uindi-

132 709 234 749 care,
259 698 305 737 ut
326 708 368 738 se
389 698 508 750 putet
530 698 603 738 aut
624 696 675 738 ad
698 709 834 738 aream
857 695 1140 737 uentilandam
1162 696 1204 736 et
1224 695 1480 748 purgandam
1502 695 1640 747 palam

131 766 214 806 iam
236 765 339 806 ferre
361 776 477 818 posse
498 766 570 807 aut
591 778 614 806 a
635 764 840 806 frumento
873 765 1065 805 uniuersa
1095 763 1251 805 zizania
1281 764 1460 805 humano
1489 763 1640 804 iudicio

131 846 330 888 separare.
370 833 545 886 superba
582 835 645 874 est
682 833 762 874 ista
800 833 1021 874 obstinatio
1054 833 1094 874 et
1125 832 1325 886 sacrilega
1361 832 1641 885 praesumptio

132 916 257 955 quam
289 902 369 943 sibi
401 902 514 944 furor
543 914 695 955 prauus
727 901 921 943 adsumit.
965 902 1005 943 et
1038 901 1137 942 dum
1169 901 1248 942 sibi
1280 913 1441 954 semper
1471 900 1640 954 quidam

86 986 117 1010 10
131 971 224 1024 plus
253 984 377 1024 quam
398 971 515 1012 mitis
538 970 701 1012 iustitia
722 970 905 1024 deposcit
927 970 1163 1017 adsumunt,
1194 970 1243 1011 de
1265 969 1435 1012 ecclesia
1455 971 1640 1024 pereunt,

131 1041 172 1081 et
203 1040 302 1080 dum
334 1052 376 1081 se
407 1039 631 1081 insolenter
668 1039 885 1089 extollunt,
925 1039 1014 1093 ipso
1054 1052 1125 1081 suo
1156 1041 1317 1081 tumore
1348 1040 1500 1081 caecati
1532 1039 1641 1080 ueri-

130 1108 229 1150 tatis
276 1109 417 1150 lumen
461 1108 675 1150 amittunt.
722 1108 887 1161 propter
928 1107 1036 1161 quod
1077 1109 1118 1148 et
1157 1119 1228 1149 nos
1269 1109 1642 1161 temperamentum

130 1178 317 1219 tenentes
338 1178 379 1218 et
399 1177 548 1219 libram
572 1177 741 1219 Domini
772 1176 1098 1229 contemplantes
1121 1177 1162 1217 et
1183 1177 1259 1217 Dei
1290 1177 1420 1230 patris
1441 1177 1642 1231 pietatem

132 1259 177 1287 ac
206 1245 532 1288 misericordiam
564 1247 792 1300 cogitantes
825 1245 895 1287 diu
924 1245 1187 1298 multumque
1218 1245 1402 1287 tractatu
1433 1245 1542 1287 inter
1570 1258 1643 1287 nos

86 1332 116 1356 ιε»
130 1315 271 1356 habito
302 1314 412 1356 iusta
441 1314 720 1356 moderatione
751 1315 909 1368 agenda
940 1314 1200 1356 librauimuS.

189 1382 301 1434 Quae
331 1383 470 1425 omnia
500 1384 666 1437 penitus
697 1383 870 1437 potestis
901 1383 1102 1437 inspicere
1132 1383 1252 1425 lectis
1278 1383 1432 1424 libellis
1454 1396 1555 1436 quos
1576 1383 1681 1426 hic4

130 1466 259 1506 nuper
279 1452 460 1507 legeram
480 1454 522 1494 et
538 1453 589 1494 ad
612 1465 684 1493 uos
706 1464 863 1505 quoque
884 1452 1079 1506 legendos
1100 1464 1172 1506 pro
1195 1452 1402 1493 communi
1426 1451 1643 1493 dilectione

130 1521 457 1570 transmiseram,
498 1520 570 1561 ubi
611 1521 737 1574 lapsis
775 1533 849 1562 nec
881 1533 1047 1562 censura
1078 1520 1194 1562 deest
1224 1534 1327 1574 quae
1359 1521 1541 1574 increpet
1572 1533 1644 1562 nec

131 1590 334 1631 medicina
355 1602 457 1643 quae
482 1591 611 1631 sanet.
644 1589 715 1631 sed
737 1591 778 1631 et
799 1589 1021 1631 catholicae
1052 1589 1246 1631 ecclesiae
1276 1589 1481 1631 unitatem
1512 1603 1642 1643 quan-

83 1677 116 1703 20
130 1659 221 1699 tum
252 1658 387 1712 potuit
419 1658 618 1712 expressit
648 1659 787 1700 nostra
818 1658 1100 1700 mediocritas:
1132 1671 1255 1712 quem
1285 1658 1476 1700 libellum
1507 1659 1642 1714 magis

134 1740 180 1769 ac
221 1727 356 1782 magis
397 1740 504 1769 nunc
545 1727 663 1769 uobis
703 1727 862 1781 placere
903 1727 1072 1777 confido,
1120 1728 1279 1780 quando
1326 1741 1419 1769 eum
1462 1728 1543 1770 iam
1585 1728 1644 1770 sic

133 1796 272 1850 legitis
302 1797 349 1837 ut
371 1798 412 1838 et
432 1796 616 1849 probetis
645 1797 685 1837 et
709 1796 869 1847 ametis,
903 1795 1106 1849 siquidem
1138 1797 1245 1850 quod
1277 1809 1348 1838 nos
1381 1797 1517 1838 uerbis
1548 1810 1643 1839 con-

204 2002 221 2034 1
241 2012 321 2035 uero
346 2001 556 2036 inhonorata
574 2001 716 2046 A³QT1=
856 2012 960 2046 opera
978 2002 1014 2035 B
1153 2001 1287 2046 demus]
1314 2002 1443 2036 fratres
1468 2003 1643 2037 carissimi

133 2058 219 2092 add.
238 2071 258 2093 v
398 2060 419 2093 2
437 2060 485 2103 et]
512 2061 552 2093 ut
570 2059 605 2093 Β
738 2070 822 2093 uasa
841 2070 947 2093 aurea
964 2060 1021 2093 uel
1038 2061 1207 2103 argentea
1232 2060 1284 2094 Vv
1418 2060 1475 2094 uel
1492 2062 1528 2094 et
1545 2061 1598 2094 Α1

131 2115 154 2148 3
171 2115 298 2160 simus]
317 2127 390 2150 csse
409 2116 583 2160 possimus
604 2117 636 2151 V
726 2106 810 2150 dirisi
828 2117 875 2151 M
889 2106 1033 2161 (d‘nTsQ)
1125 2117 1148 2151 4
1165 2119 1221 2151 est
1238 2117 1308 2162 cui]
1328 2117 1383 2151 cui
1400 2118 1435 2151 Β
1527 2118 1549 2151 5
1566 2117 1642 2161 nec]

132 2183 176 2207 ne
193 2173 247 2207 A³
355 2173 549 2208 uindicarit
568 2175 675 2208 A¹A³
783 2175 804 2208 6
825 2176 865 2208 ut
882 2175 933 2218 se]
952 2177 1070 2219 potest
1087 2177 1128 2208 ut
1145 2187 1166 2209 v
1270 2176 1375 2219 putat
1393 2175 1427 2209 Β
1533 2175 1552 2208 7
1572 2174 1643 2208 iam

133 2240 198 2264 om.
218 2241 250 2271 v,
281 2231 525 2265 uentitabrum
552 2232 622 2265 iam
641 2232 687 2268 F,
716 2234 752 2265 ct
770 2232 1010 2266 uentilabrum
1037 2232 1108 2266 iam
1127 2234 1176 2266 A¹
1195 2233 1326 2276 (palam
1345 2232 1435 2266 ferre
1453 2232 1524 2266 iam
1542 2242 1642 2276 posse

134 2288 258 2329 A²A³›
398 2289 491 2323 ferre
517 2300 552 2323 sc
572 2289 692 2323 BLM
696 2290 734 2330 T,
765 2290 857 2323 ferre
881 2290 943 2334 Qv,
972 2290 1063 2323 ferro
1088 2301 1123 2324 se
1149 2292 1253 2334 putet
1270 2290 1309 2324 F
1443 2291 1465 2324 8
1482 2300 1642 2334 separare

135 2345 390 2386 A¹A²A³FV‚
408 2357 595 2390 segregare
614 2346 760 2391 BLQT
872 2349 927 2380 cst
946 2358 1012 2381 om.
1032 2347 1067 2381 Β
1182 2347 1398 2391 praesumtio
1416 2348 1453 2381 et
1470 2347 1643 2390 sacrilega

134 2403 329 2438 destinatio
347 2404 397 2438 A·
525 2404 546 2438 9
564 2404 727 2448 assumit]
747 2404 957 2448 insipienter
973 2405 1126 2438 assumit
1150 2405 1182 2438 V
1289 2405 1338 2448 et]
1356 2407 1398 2438 ut
1416 2404 1451 2439 B
1560 2404 1643 2438 dum

134 2460 460 2501 A¹A²A³BFLV‚
487 2461 569 2495 dum
595 2461 790 2495 dominium
813 2461 899 2506 QTv
1038 2461 1181 2505 quidam
1201 2462 1293 2506 plus]
1321 2461 1406 2506 quid
1425 2461 1579 2506 amplius
1598 2462 1641 2501 Β,

133 2518 287 2563 amplius
305 2517 442 2562 aliquid
461 2519 511 2552 A·
626 2519 666 2553 11
686 2518 877 2554 insolentes
898 2520 932 2553 L
1025 2519 1119 2564 ipsos
1137 2521 1259 2553 uotum
1276 2529 1334 2553 ore
1353 2519 1387 2553 L
1493 2519 1535 2552 13
1553 2519 1641 2553 libe-

134 2586 208 2609 ram
226 2575 259 2609 L
330 2575 604 2619 contemplantis
623 2575 691 2620 QT
759 2576 801 2610 14
814 2576 880 2610 hac
897 2576 1171 2611 misericordiam
1186 2565 1294 2621 disi‘Q
1365 2576 1409 2610 15
1425 2576 1550 2610 habita
1565 2576 1599 2609 L

135 2633 264 2677 agendi
285 2633 328 2673 B,
348 2644 437 2677 quae
454 2635 539 2667 sunt
555 2633 693 2678 agenda
716 2634 768 2669 Vv
902 2634 1114 2669 librabimus
1132 2635 1171 2669 F
1299 2635 1341 2668 16
1358 2634 1453 2667 omni
1477 2635 1520 2668 T¹
1546 2635 1642 2677 (emp.

134 2702 178 2724 m.
197 2691 239 2733 2)
350 2691 512 2735 paenitus
530 2690 644 2736 LQT,
660 2702 725 2726 om.
746 2692 782 2726 Β
890 2692 948 2726 hic
965 2703 1031 2726 om.
1052 2693 1095 2732 Β,
1113 2692 1170 2725 his
1189 2691 1227 2725 F
1337 2692 1380 2724 18
1397 2691 1644 2724 transmisera-

137 2758 214 2781 mus
238 2748 270 2782 T
405 2748 564 2792 censura]
587 2747 711 2783 diuina
734 2748 818 2783 add.
848 2749 878 2782 V
1024 2750 1067 2783 19
1085 2748 1262 2783 catholica
1282 2747 1311 2792 Q
1329 2747 1518 2790 (catholice
1536 2747 1599 2789 M)

134 2805 182 2838 20
197 2815 303 2849 quam
324 2805 362 2838 F
450 2806 492 2839 21
512 2815 552 2839 ac
571 2806 686 2851 magis
704 2817 769 2841 om.
791 2807 826 2840 B
918 2807 962 2840 22
980 2806 1252 2850 conscripsimus
1269 2816 1334 2839 om.
1354 2804 1393 2838 F
