1838 3152
579 262 817 307 Epistulae
843 262 1004 297 LXXV.
1030 273 1057 297 c.
1086 264 1228 298 nam.
1568 269 1650 311 823

152 366 359 419 baptismo
387 364 636 407 dubitabant
664 365 734 418 qui
764 365 843 407 etsi
872 377 997 406 nouos
1025 366 1242 418 prophetas
1264 369 1466 421 recipiunt
1487 371 1648 412 eosdem

153 435 295 476 tamen
323 434 483 486 patrem
505 436 546 475 et
566 434 701 476 filium
729 446 846 476 nosse
868 435 1080 476 nobiscum
1103 436 1308 486 uidentur,
1331 438 1502 491 plurimi
1524 440 1649 481 simul

153 502 439 545 conuenientes
469 503 511 544 in
543 503 679 545 Iconio
717 503 1035 557 diligentissime
1065 504 1335 547 tractauimus
1366 508 1406 547 et
1436 507 1650 549 confirma-

154 570 292 612 uimus
321 570 620 624 repudiandum
649 583 737 613 esse
764 583 882 613 omne
910 571 1075 612 omnino
1106 572 1314 625 baptisma
1334 574 1441 627 quod
1463 575 1518 616 sit
1538 577 1651 618 extra

126 652 141 676 ⁵
157 639 373 681 ecclesiam
395 640 681 681 constitutum.

214 707 281 748 Ad
303 707 408 749 illud
430 709 570 750 autem
591 708 697 761 quod
720 720 791 762 pro
812 708 1030 750 haereticis
1050 711 1208 763 ponunt
1223 712 1264 751 et
1281 711 1398 752 aiunt
1420 712 1650 764 apostolum
1665 718 1719 757 20

160 775 311 818 dixisse
332 777 442 818 siue
470 789 556 830 per
585 778 927 827 occasionem,
958 777 1067 819 siue
1096 790 1182 830 per
1211 779 1486 820 ueritatem
1509 778 1652 821 Chri-

157 845 269 886 stus
307 844 678 895 adnuntiatur,
719 846 766 887 ut
795 845 1125 899 respondeamus,
1165 847 1351 899 ineptum
1384 849 1457 900 est,
1490 849 1651 901 quando

158 912 428 955 manifestum
457 913 513 954 sit
542 913 774 966 apostolum
803 914 846 955 in
876 914 1049 966 epistola
1078 927 1151 956 sua
1180 927 1259 967 qua
1287 915 1362 958 hoc
1390 916 1495 957 dixit
1524 929 1653 969 neque

113 995 146 1020 ιο
158 981 458 1023 haereticorum
498 994 628 1035 neque
667 982 865 1035 baptismi
905 995 1044 1024 eorum
1086 984 1336 1025 mentionem
1378 984 1534 1034 fecisse,
1583 985 1653 1026 sed

158 1050 343 1092 locutum
364 1062 451 1092 esse
472 1050 522 1092 de
543 1050 741 1092 fratribus
762 1051 926 1092 tantum
948 1050 1036 1092 siue
1056 1050 1208 1104 perfide
1230 1064 1368 1094 secum
1390 1053 1653 1106 loquentibus

152 1119 240 1160 siue
282 1119 324 1160 in
360 1118 440 1161 fide
480 1119 637 1161 sincera
677 1120 1044 1174 perseuerantibuS‚
1085 1134 1158 1163 nec
1197 1122 1383 1174 oporteat
1420 1122 1495 1163 hoc
1534 1122 1653 1177 longo

151 1188 334 1229 tractatu
365 1189 565 1238 excutere,
603 1187 675 1229 sed
706 1187 838 1241 ipsam
870 1189 971 1230 satis
1003 1189 1057 1229 sit
1089 1188 1302 1242 epistolam
1337 1190 1471 1243 legere
1492 1191 1533 1231 et
1554 1189 1653 1243 quid

153 1257 364 1311 apostolus
392 1256 542 1298 dixerit
564 1256 613 1297 de
634 1257 722 1311 ipso
743 1258 925 1310 apostolo
946 1269 1242 1312 recognoscere.

109 1340 141 1365 ιε
215 1324 324 1376 Quid
354 1337 463 1380 ergo,
500 1326 704 1379 inquiunt,
741 1326 811 1367 fiet
841 1327 891 1368 de
919 1326 984 1368 his
1018 1327 1087 1380 qui
1119 1327 1170 1368 ab
1199 1327 1415 1369 haereticis
1445 1327 1653 1369 uenientes
1667 1329 1715 1370 21

154 1395 242 1437 sine
272 1395 465 1437 ecclesiae
494 1395 699 1448 baptismo
721 1395 891 1437 admissi
916 1397 1042 1438 sunt?
1073 1396 1107 1438 si
1130 1397 1180 1438 de
1201 1396 1361 1438 saeculo
1383 1398 1652 1447 excesserunt,

157 1468 198 1506 in
230 1477 370 1506 eorum
405 1475 573 1506 numero
609 1463 680 1516 qui
711 1464 819 1517 apud
849 1476 921 1506 nos
954 1464 1196 1507 catechizati
1233 1464 1399 1518 quidem
1436 1466 1543 1514 sunt,
1582 1465 1652 1506 sed

153 1533 268 1587 prius
316 1545 440 1586 quam
480 1533 789 1587 baptizarentur
829 1533 1020 1575 obierunt
1059 1534 1274 1583 habentur,
1326 1532 1425 1575 non‘
1446 1533 1652 1575 modicum

153 1602 480 1644 emolumentum
520 1601 711 1643 ueritatis
747 1603 789 1643 et
824 1601 931 1652 fidei,
973 1602 1023 1643 ad
1059 1614 1181 1655 quam
1217 1602 1359 1643 relicto
1397 1615 1527 1644 errore
1562 1615 1654 1656 per-

109 1684 144 1710 20
156 1671 366 1721 uenerant,
390 1670 467 1712 etsi
490 1670 885 1712 consummationem
907 1670 1065 1725 gratiae
1088 1670 1294 1712 consecuti
1315 1683 1393 1712 non
1410 1672 1506 1712 sunt
1523 1671 1654 1712 morte

153 1739 380 1794 praeuenti.
415 1739 485 1792 qui
518 1740 658 1781 autem
690 1738 822 1780 adhuc
853 1739 895 1780 in
929 1740 1090 1781 saeculo
1122 1740 1363 1793 permanent
1395 1738 1655 1792 baptizentur

155 1808 350 1851 ecclesiae
370 1808 589 1861 baptismo,
611 1810 659 1849 ut
680 1808 966 1850 remissionem
986 1810 1248 1861 peccatorum
1270 1808 1459 1860 consequi
1480 1807 1652 1860 possint,

158 1891 210 1920 ne
229 1889 302 1932 per
322 1876 500 1919 alienam
528 1877 901 1931 praesumptionem
923 1877 965 1918 in
987 1877 1161 1931 pristino
1183 1889 1314 1918 errore
1336 1878 1547 1918 manentes
1568 1876 1654 1917 sine

157 1946 315 2002 gratiae
347 1946 698 1988 consummatione
727 1946 965 1988 moriantur.
1002 1947 1182 1988 ceterum
1215 1945 1332 1999 quale
1364 1945 1563 1987 delictum
1593 1946 1656 1986 est

107 2026 142 2053 ²⁵
157 2016 223 2058 uel
254 2016 421 2057 illorum
443 2015 512 2068 qui
543 2014 824 2057 admittuntur
854 2015 921 2056 uel
953 2027 1092 2056 eorum
1122 2014 1192 2067 qui
1223 2014 1464 2063 admittunt,
1502 2014 1548 2055 ut
1576 2025 1654 2055 non

154 2084 311 2127 ablutis
340 2096 412 2137 per
442 2084 635 2126 ecclesiae
672 2084 884 2126 lauacrum
919 2084 1106 2125 sordibus
1141 2095 1214 2125 nec
1246 2083 1423 2136 peccatis
1460 2081 1656 2135 expositis

155 2154 354 2207 usurpata
374 2155 528 2194 temere
550 2153 920 2194 communicatione
937 2153 1178 2204 contingant
1193 2164 1338 2205 corpus
1356 2152 1397 2193 et
1413 2150 1654 2205 sanguinem

152 2222 337 2272 Domini,
369 2234 462 2263 cum
491 2222 693 2276 scriptum
721 2222 797 2263 sit:
830 2222 1135 2275 quicumque
1166 2221 1333 2263 ederit
1362 2231 1538 2274 panem
1568 2219 1656 2260 aut

292 2357 312 2392 7
338 2357 433 2392 Phil.
461 2359 492 2399 1,
520 2358 572 2392 18.
667 2357 713 2392 28
738 2357 755 2392 Ι
782 2357 857 2393 Cor.
886 2358 938 2398 11,
964 2357 1019 2391 27.

228 2472 246 2505 1
266 2481 376 2506 nouos
396 2471 453 2517 (2²,
470 2481 539 2506 non
558 2482 621 2506 uos
640 2471 812 2517 EIMQ¹‚
831 2482 899 2506 non
916 2473 957 2505 ut
973 2481 1035 2505 nos
1054 2470 1237 2505 Baluzius
1336 2470 1358 2504 3
1376 2470 1412 2504 in
1430 2482 1493 2505 om.
1513 2470 1611 2514 EIQ

158 2528 182 2563 4
199 2539 336 2563 omnem
358 2528 388 2574 Q
557 2529 578 2563 6
596 2528 835 2573 apostolorum
853 2529 901 2563 M
916 2527 1131 2573 (apostolum
1153 2527 1215 2572 Q);
1232 2528 1315 2562 item
1332 2528 1353 2561 l.
1373 2530 1395 2562 9
1555 2528 1577 2560 8
1594 2538 1656 2561 nn-

159 2586 346 2620 nuncietur
364 2586 409 2621 Iv
516 2586 558 2621 11
577 2587 719 2620 tantum
737 2586 778 2620 dc
795 2585 970 2620 fratribus
993 2584 1023 2629 Q
1114 2595 1175 2629 per
1192 2583 1297 2618 fidem
1316 2584 1388 2628 EQ
1496 2584 1538 2618 12
1555 2594 1654 2628 opor-

159 2643 231 2677 tiat
248 2643 297 2677 M
309 2643 486 2686 (oporteat
508 2643 551 2687 Q)
708 2643 749 2677 17
768 2642 926 2687 numero]
944 2641 1122 2676 habentur
1139 2641 1196 2676 hic
1213 2641 1341 2675 inserit
1359 2652 1379 2675 υ
1528 2641 1654 2675 cateci-

158 2700 231 2734 zati
251 2700 277 2734 I
481 2700 525 2735 18
541 2699 720 2735 habentur
737 2699 862 2744 E102,
889 2699 1060 2733 habentes
1078 2698 1126 2733 M
1127 2697 1189 2744 ρ’,
1215 2697 1393 2732 habentur
1413 2696 1545 2731 habent
1562 2698 1651 2732 emti.

157 2758 361 2803 Riyalti1w5
385 2757 473 2799 fort.
492 2756 668 2792 habentur
685 2757 831 2791 fruituri
1038 2755 1212 2790 modicum
1230 2755 1320 2790 coni.
1340 2754 1536 2798 Maranus,
1554 2753 1654 2788 modo

156 2814 281 2849 dicunt
299 2814 362 2849 ΕΙ
365 2814 417 2859 Qv
426 2827 438 2857 ‚·
456 2825 525 2848 non
542 2814 644 2849 modo
662 2813 804 2849 discunt
821 2814 913 2849 coni.
932 2813 1116 2858 Riyaltius
1296 2812 1341 2846 25
1358 2810 1555 2845 admittunt
1573 2822 1605 2845 u.
1623 2821 1654 2845 e.

156 2871 219 2916 qui
237 2871 480 2906 admittuntur
496 2882 518 2906 υ
