1838 3152
178 198 262 240 520
695 194 891 230 Caecilii
917 194 1134 239 Cypriani

177 301 378 353 martyres
407 311 478 353 per
509 298 685 340 calorem
716 298 870 352 gloriae
901 297 1039 339 minus
1070 298 1319 351 scripturam
1351 299 1675 353 contemplantes

178 370 318 411 contra
356 369 487 423 legem
522 367 691 409 Domini
728 368 821 420 plus
859 366 1017 419 aliquid
1057 368 1262 419 cuperent,
1305 380 1328 408 a
1358 368 1605 422 presbyteris
1638 370 1678 411 et

179 437 359 480 diaconis
381 436 695 492 suggerentibus
718 435 928 477 admoneri
950 435 1156 486 deberent,
1187 435 1294 477 sicut
1317 447 1475 489 semper
1496 436 1539 478 in
1561 450 1679 490 prae—

180 508 353 549 teritum
384 506 541 548 factum
572 506 646 547 est.

143 585 165 624 4
238 575 447 630 Castigare
469 587 539 617 nos
562 575 702 628 itaque
733 574 875 616 diuina
906 586 1074 615 censura
1103 586 1176 615 nec
1206 574 1394 616 noctibus
1425 575 1574 616 desinit
1605 588 1707 618 nece,

181 645 337 687 diebus.
381 646 542 699 praeter
580 644 798 685 nocturnas
835 642 1014 684 uisiones
1051 655 1122 695 per
1161 643 1246 685 dies
1288 655 1445 697 quoque
1484 644 1681 697 impletur

181 714 288 767 apud
319 725 391 755 nos
422 713 571 766 spiritu
603 714 740 754 sancto
772 723 990 764 puerorum
1020 711 1211 753 innocens
1243 713 1369 763 aetas,
1409 725 1510 766 quae
1541 713 1584 754 in
1615 726 1680 756 ec-

180 782 282 824 stasi
314 782 428 824 uidet
459 781 587 824 oculis
618 782 659 823 et
690 780 807 822 audit
838 781 879 822 et
908 780 1091 834 loquitur
1123 793 1168 822 ea
1199 781 1347 834 quibus
1378 794 1449 824 nos
1479 783 1680 825 Dominus

179 863 342 893 monere
364 852 403 892 et
425 851 626 892 instruere
657 849 864 904 dignatur.
899 849 939 890 et
965 849 1142 891 audietis
1174 850 1311 891 omnia
1342 851 1501 903 quando
1533 864 1598 893 me
1630 851 1681 892 ad

178 932 250 961 uos
281 921 470 962 reducem
501 919 641 961 fecerit
661 918 874 968 DominuS‚
908 919 978 972 qui
1007 919 1053 959 ut
1081 919 1310 961 secederem
1339 920 1473 962 iussit.
1508 920 1675 962 interim
1689 929 1725 955 10

178 989 388 1031 temerarii
410 989 450 1030 et
471 988 626 1030 incauti
658 990 698 1030 et
729 987 882 1030 tumidi
913 988 1080 1041 quidam
1111 988 1219 1030 inter
1249 1000 1334 1040 uos⁷
1368 989 1439 1042 qui
1470 990 1679 1032 hominem

178 1071 257 1099 non
288 1058 483 1112 cogitant,
515 1057 582 1099 uel
612 1057 747 1099 Deum
778 1057 966 1108 timeant,
1000 1057 1172 1099 scientes
1205 1058 1396 1111 quoniam
1430 1058 1464 1099 si
1495 1059 1605 1101 ultra
1636 1059 1680 1101 in

178 1127 310 1168 isdem
340 1127 706 1181 perseuerauerint,
739 1127 833 1168 utar
863 1139 908 1168 ea
936 1126 1212 1169 admonitione
1244 1140 1323 1180 qua
1353 1140 1419 1169 me
1450 1127 1513 1169 uti
1533 1128 1679 1170 Domi-

180 1208 257 1237 nus
288 1195 416 1247 iubet‚
448 1196 495 1237 ut
525 1195 692 1237 interim
722 1195 1015 1248 prohibeantur
1045 1195 1198 1246 offerre,
1233 1196 1368 1237 acturi
1398 1197 1438 1237 et
1469 1197 1577 1250 apud
1607 1208 1680 1239 nos

181 1266 221 1307 et
252 1265 359 1318 apud
399 1264 645 1306 confessores
685 1264 793 1317 ipsos
825 1266 865 1306 et
897 1264 1005 1318 apud
1043 1264 1204 1317 plebem
1242 1264 1478 1306 uniuersam
1514 1278 1678 1308 causam
1692 1282 1723 1307 15

180 1346 309 1385 suam,
349 1347 442 1375 cum
474 1334 648 1375 Domino
679 1333 943 1387 permittente
973 1334 1016 1374 in
1047 1333 1183 1375 sinum
1216 1333 1363 1375 matris
1394 1333 1586 1376 ecclesiae
1618 1346 1682 1376 re-

181 1403 321 1458 colligi
360 1403 622 1455 coeperimus.
663 1403 712 1444 de
751 1402 826 1444 hoc
864 1402 915 1443 ad
954 1402 1157 1456 martyras
1197 1402 1238 1443 et
1277 1401 1521 1444 confessores
1560 1404 1600 1444 et
1631 1403 1682 1445 ad

179 1472 343 1526 plebem
383 1471 544 1513 litteras
583 1471 660 1513 feci
700 1484 800 1525 quas
839 1472 1032 1524 utrasque
1072 1471 1156 1525 legi
1187 1471 1303 1513 uobis
1334 1472 1542 1513 mandaui.
1588 1472 1682 1526 opto

181 1553 267 1591 uos,
308 1540 455 1582 fratres
494 1540 696 1582 carissimi
729 1553 775 1581 ac
808 1540 1188 1590 desiderantissimi,
1233 1540 1277 1581 in
1308 1541 1483 1582 Domino
1523 1553 1682 1594 semper

181 1610 282 1652 bene
312 1609 449 1652 ualere
481 1610 522 1651 et
551 1609 681 1651 nostri
711 1609 958 1650 meminisse.
992 1609 1139 1651 ualete.
1698 1613 1731 1639 ²⁰

251 1804 269 1838 1
289 1805 404 1838 minus
423 1804 557 1848 gloriae
580 1804 609 1839 O
694 1803 908 1848 scripturam
925 1803 1041 1837 minus
1059 1815 1090 1844 v,
1109 1803 1225 1838 minus
1244 1803 1454 1848 scripturam
1471 1803 1588 1837 minus
1610 1802 1639 1848 Q

181 1863 201 1896 2
231 1864 352 1897 contra
382 1862 498 1907 legem
527 1861 661 1895 domini
690 1871 756 1895 om.
781 1861 833 1896 Vv
949 1861 970 1895 3
999 1860 1206 1895 diaconibus
1229 1862 1260 1895 T
1372 1860 1553 1905 preteritis
1577 1861 1606 1895 C

181 1920 202 1954 5
220 1931 358 1954 cessura
381 1920 410 1955 C
513 1921 534 1954 6
551 1921 739 1954 nocturnas
758 1919 853 1953 enim
870 1930 890 1954 v
996 1920 1015 1953 7
1034 1919 1126 1963 apud
1143 1930 1204 1953 nos
1223 1919 1391 1963 impletur
1414 1919 1486 1961 CR,
1506 1919 1687 1964 inplentur

182 1978 273 2022 apud
290 1988 352 2011 nos
374 1977 403 2022 Q
520 1977 621 2021 quac]
641 1978 724 2021 quia
747 1977 776 2012 (J
882 1976 920 2010 in
937 1987 1000 2011 om.
1026 1977 1109 2012 &¹113
1225 1977 1337 2011 extasi
1361 1977 1497 2022 CQRT
1609 1978 1630 2011 8
1649 1977 1686 2011 in

182 2035 292 2069 oculis
314 2035 343 2080 Q
453 2035 574 2069 audiet
596 2036 628 2070 T
642 2035 693 2079 (et
711 2036 791 2076 om.)
900 2035 922 2068 9
939 2034 1073 2069 auditis
1092 2035 1138 2078 R,
1158 2034 1279 2069 audiet
1302 2035 1332 2070 C
1439 2034 1483 2068 10
1498 2034 1623 2069 reduce
1646 2035 1684 2075 Τ,

182 2092 321 2127 reducet
338 2092 373 2127 R
460 2092 505 2126 ad
522 2103 584 2127 uos
601 2093 762 2127 reducem
780 2102 835 2126 me
853 2103 873 2127 v
959 2091 1121 2126 dominus
1140 2092 1264 2126 fecerit
1287 2092 1372 2127 CRv
1451 2093 1568 2127 iunxit
1591 2092 1634 2127 0¹

181 2150 222 2183 11
241 2151 384 2184 morarii
404 2152 444 2184 M
461 2150 656 2194 (temerarii
677 2150 719 2195 Q)
798 2149 940 2195 quidem
964 2149 1052 2186 C¹R
1139 2151 1182 2184 12
1199 2150 1380 2185 dominum
1401 2150 1464 2195 TQ
1483 2139 1641 2194 (dffills)

181 2208 223 2242 13
241 2207 378 2242 hisdem
401 2208 464 2243 CR
581 2208 840 2252 perserauerint
856 2208 891 2243 R
1008 2209 1110 2242 utaer
1133 2208 1162 2243 G
1277 2207 1554 2242 admonitionem
1576 2208 1609 2242 T

185 2274 291 2308 quam
314 2264 412 2309 CQR
504 2265 570 2309 me]
591 2275 608 2299 e
632 2265 668 2307 C,
688 2276 753 2300 om.
772 2265 822 2299 M
833 2266 926 2309 (emh.
948 2265 993 2310 Q)
1078 2256 1155 2310 ἰη-ἱ]
1174 2266 1215 2299 ut
1231 2265 1260 2311 Q
1353 2266 1397 2299 14
1414 2266 1455 2299 ut
1472 2276 1536 2300 om.
1562 2265 1627 2301 GR

184 2322 227 2356 15
245 2322 333 2356 istos
356 2322 385 2357 C
469 2322 512 2357 1ss
529 2333 608 2356 cum
626 2333 692 2357 om.
714 2322 743 2368 Q
820 2323 1031 2367 pertimente
1055 2323 1084 2358 C
1168 2323 1218 2368 in]
1238 2334 1316 2357 cum
1334 2323 1371 2357 in
1392 2322 1439 2368 Q²
1455 2323 1506 2368 (in
1523 2323 1571 2356 M
1574 2322 1640 2368 Q1)

186 2379 268 2414 sinu
289 2379 318 2425 Q
436 2380 477 2414 17
497 2380 620 2425 colligi
640 2380 678 2425 Q,
709 2380 859 2425 collegio
881 2381 913 2415 T
1026 2380 1082 2425 ad]
1109 2381 1144 2415 et
1162 2380 1206 2414 ad
1229 2380 1290 2425 CQ
1405 2381 1602 2424 martyreas
1626 2379 1686 2421 0¹,

180 2438 355 2482 martyres
379 2438 463 2473 CTv
549 2439 585 2472 et
602 2448 667 2472 om.
692 2438 729 2479 C,
747 2437 842 2482 ipsos
861 2440 895 2472 et
916 2437 946 2483 Q
1038 2437 1095 2482 ad]
1115 2437 1209 2482 apud
1229 2437 1258 2483 Q
1352 2437 1395 2471 18
1412 2437 1513 2472 uobis
1530 2437 1603 2482 legi
1621 2448 1641 2472 v

179 2496 263 2538 opto
284 2521 290 2527 .
307 2521 313 2528 .
330 2521 336 2528 .
357 2494 473 2529 ualete
491 2505 556 2529 om.
580 2495 610 2530 O
723 2495 768 2529 20
792 2495 910 2529 ualete
929 2506 992 2530 om.
1013 2495 1058 2530 R.
1079 2516 1119 2520 -
1138 2495 1270 2530 Caecili
1288 2495 1455 2540 Cypriani
1475 2496 1556 2539 (om.
1574 2494 1625 2538 R)
1643 2493 1687 2529 ad

181 2552 402 2597 presbyteros
426 2555 460 2587 et
480 2552 643 2587 diaconos
673 2553 819 2597 explicit
840 2553 913 2595 GR,
944 2553 999 2588 Ad
1017 2553 1150 2588 clerum
1166 2553 1208 2588 de
1228 2552 1439 2597 quibusdam
1468 2551 1685 2597 presbyteris

182 2611 243 2653 qui
271 2611 402 2644 temere
431 2621 552 2655 pacem
582 2610 694 2655 lapsis
723 2610 896 2645 dederunt
924 2610 1073 2646 necdum
1103 2611 1226 2646 sedata
1254 2621 1333 2655 pres
1353 2610 1447 2654 (pars
1470 2610 1515 2654 T)
1534 2611 1569 2644 et
1595 2609 1686 2644 citra

182 2669 318 2711 (contra
340 2669 384 2712 T)
402 2657 838 2713 conerncupiscentiam
859 2668 901 2713 Q)
921 2669 1162 2713 episcoporum
1188 2667 1333 2713 explicit
1351 2666 1514 2712 (explicit
1539 2677 1603 2702 om.
1624 2666 1681 2707 M,

183 2725 260 2759 exn.
283 2725 328 2771 Q)
353 2725 424 2770 TQ.
444 2746 486 2751 -
