1838 3152
200 265 280 307 742
725 263 917 299 Caecilii
950 264 1166 309 Cypriani

195 367 336 410 diuina
368 367 648 409 recedentibus
671 367 834 409 stetisse
855 368 897 408 et
918 368 1092 409 certasse
1115 367 1362 419 sublimiter,
1385 369 1601 411 Danielem
1622 383 1696 412 nec

195 437 417 479 solitudine
467 436 645 490 regionis
696 436 855 478 alienae
905 448 977 478 nec
1025 436 1318 489 persecutionis
1375 437 1568 480 adsiduae
1629 438 1694 479 in-

194 504 408 547 festatione
457 505 700 546 deterritum
744 504 977 558 frequenter
1020 517 1066 547 ac
1110 504 1272 547 fortiter
1308 506 1485 560 gloriosa
1520 507 1696 549 edidisse

194 573 394 628 martyria
409 606 418 624 ,
476 574 560 615 tres
617 573 719 615 item
768 585 913 626 pueros
963 586 1036 615 nec
1085 574 1201 615 annis
1250 586 1323 615 nec
1372 575 1495 617 minis
1545 575 1695 618 fractos

193 642 333 683 contra
366 642 481 696 ignes
517 641 763 696 Babylonios
798 641 976 683 fideliter
1010 642 1219 685 obstitisse
1249 643 1290 684 et
1320 643 1518 686 uictorem
1558 657 1724 699 regems

192 711 235 752 in
284 710 374 764 ipsa
424 722 497 753 sua
547 710 785 763 captiuitate
825 710 983 752 uicisse.
1026 710 1179 753 uiderit
1220 712 1287 753 uel
1322 712 1696 764 praeuaricatorum

192 793 385 822 numerus
407 780 472 821 uel
501 779 757 832 proditorum
789 779 858 832 qui
888 792 995 821 nunc
1030 779 1073 821 in
1109 780 1278 822 ecclesia
1313 781 1452 823 contra
1483 782 1697 824 ecclesiam

194 860 359 903 surgere
398 849 438 890 et
477 848 602 890 fidem
641 849 796 901 pariter
837 861 883 890 ac
922 849 1142 891 ueritatem
1181 850 1426 892 labefactare
1467 853 1696 905 coeperunt.

195 917 408 970 permanet
451 916 559 970 apud
601 917 801 970 plurimos
847 917 1002 959 sincera
1047 931 1162 959 mens
1207 919 1248 959 et
1287 918 1433 974 religio
1462 919 1621 975 integra
1657 922 1697 963 et

194 998 275 1028 non
297 986 376 1027 nisi
397 986 572 1028 Domino
595 987 635 1027 et
656 987 740 1028 Deo
763 998 834 1028 suo
857 987 994 1028 anima
1010 987 1170 1038 deuota,
1194 1000 1267 1029 nec
1287 987 1555 1030 christianam
1571 988 1695 1031 fidem
1710 1005 1743 1030 10

196 1055 328 1098 aliena
349 1055 519 1110 perfidia
540 1055 737 1110 deprimit
759 1056 809 1097 ad
831 1055 1008 1107 ruinam,
1042 1056 1113 1097 sed
1134 1056 1269 1111 magis
1294 1057 1445 1099 excitat
1475 1057 1515 1098 et
1545 1057 1697 1100 exaltat

193 1125 243 1166 ad
266 1124 454 1179 gloriam,
485 1125 709 1167 secundum
740 1125 847 1178 quod
875 1125 1022 1167 beatus
1051 1126 1259 1179 apostolus
1289 1126 1480 1168 hortatur
1510 1127 1550 1168 et
1573 1126 1694 1169 dicit:

192 1194 316 1248 quid
367 1194 499 1236 enim
551 1194 592 1235 si
652 1194 958 1236 exciderunt
1009 1208 1032 1237 a
1081 1194 1187 1236 fide
1238 1195 1444 1249 quidam
1505 1207 1694 1247 eorum,

191 1262 440 1316 numquid
478 1263 782 1305 infidelitas
825 1263 1037 1305 illorum
1069 1263 1228 1306 fidem
1260 1264 1354 1306 Dei
1388 1265 1696 1307 euacuauit?

192 1332 343 1374 absit.
397 1333 473 1373 est
524 1333 657 1374 enim
707 1333 837 1374 Deus
890 1346 1068 1384 uerax,
1120 1333 1283 1375 omnis
1329 1332 1500 1375 autem
1545 1334 1736 1376 homo15

191 1401 413 1443 mendax.
459 1402 494 1443 si
526 1403 665 1443 autem
705 1402 836 1443 omnis
878 1402 999 1444 homo
1040 1402 1214 1444 mendax
1255 1403 1317 1444 est
1356 1402 1396 1444 et
1435 1402 1545 1443 solus
1585 1403 1694 1445 Deus

192 1483 326 1521 uei-ax,
350 1470 449 1524 quid
471 1470 583 1512 aliud
605 1470 712 1512 serui
735 1471 775 1512 et
795 1471 974 1513 maxime
996 1470 1224 1513 sacerdotes
1250 1471 1326 1512 Dei
1346 1471 1476 1512 facere
1498 1471 1693 1513 debemus

191 1539 271 1581 nisi
301 1539 349 1581 ut
377 1539 576 1581 humanos
606 1552 759 1582 errores
790 1541 830 1582 et
859 1540 1073 1582 mendacia
1102 1540 1382 1594 relinquamus
1411 1541 1451 1581 et
1480 1542 1695 1594 praecepta

193 1608 399 1651 dominica
421 1609 696 1651 custodientes
717 1609 759 1651 in
780 1610 857 1651 Dei
878 1610 1054 1651 ueritate
1076 1612 1345 1651 maneamus?

153 1686 179 1727 9
250 1676 381 1728 Quare
404 1678 481 1719 etsi
503 1678 633 1732 aliqui
656 1679 704 1721 de
726 1678 893 1734 collegis
914 1678 1064 1720 nostris
1083 1679 1361 1732 [extiterunt],
1395 1678 1542 1720 fratres
1565 1678 1691 1720 dilec-
1710 1692 1745 1718 20

192 1747 358 1798 tissimi,
396 1747 463 1801 qui
497 1748 685 1790 deificam
718 1747 981 1801 disciplinam
1012 1747 1309 1803 neglegendam
1330 1748 1489 1801 putant,
1529 1747 1569 1788 et
1601 1760 1695 1789 cum

193 1816 375 1858 Basilide
398 1818 439 1858 et
459 1816 651 1859 Martiale
679 1817 832 1859 temere
861 1817 1176 1868 communicent,
1215 1817 1458 1858 conturbare
1476 1816 1599 1858 fidem
1622 1828 1695 1857 110-

195 1885 323 1927 stram
340 1898 403 1927 res
425 1886 508 1928 ista
529 1898 609 1927 non
631 1885 763 1937 debet,
788 1898 881 1927 cum
904 1885 1075 1939 spiritus
1098 1886 1263 1927 sanctus
1285 1885 1326 1927 in
1348 1885 1518 1939 psalmis
1540 1885 1696 1927 talibus

193 1954 464 1996 comminetur
496 1954 652 1996 dicens:
686 1954 742 1995 tu
773 1955 942 1997 autem
974 1955 1136 1997 odisti
1169 1954 1505 2007 disciplinam
1537 1955 1584 1996 et
1616 1954 1695 1996 ab·

330 2109 372 2143 12
400 2108 497 2143 Rom.
522 2109 554 2150 3,
580 2109 613 2143 3.
638 2109 670 2143 4.
765 2108 810 2143 24
834 2109 892 2143 Ps.
917 2108 972 2151 49,
1001 2110 1053 2142 17.
1082 2109 1136 2145 18.

262 2254 280 2285 1
300 2254 335 2286 et
352 2253 506 2286 certasse
523 2263 588 2287 om.
614 2252 678 2288 CR
832 2252 853 2286 2
870 2251 1039 2297 regionis]
1059 2251 1243 2296 religionis
1263 2252 1298 2286 L
1452 2262 1514 2286 nec
1532 2262 1596 2286 om.
1617 2252 1652 2285 P

189 2309 432 2353 persecutione
453 2309 499 2350 R,
529 2309 811 2354 persecutionem
830 2309 859 2344 C
1066 2309 1310 2343 infestationis
1340 2308 1508 2343 adsiduae
1539 2308 1603 2343 GR

189 2366 211 2400 3
227 2366 294 2400 hac
316 2366 345 2411 Q
513 2366 687 2410 gloriosae
709 2366 789 2402 C¹L
958 2366 1095 2401 dedisse
1118 2366 1177 2408 Cv,
1196 2366 1327 2400 didisse
1345 2366 1380 2400 L
1539 2364 1561 2399 4
1578 2366 1694 2410 annis]

190 2423 340 2458 caminis
359 2424 538 2459 Baluzius
631 2424 651 2458 6
668 2423 783 2468 ipsam
802 2435 901 2459 suam
919 2423 1169 2469 captiuitatem
1192 2422 1221 2468 Q
1313 2422 1597 2468 praedicatorum
1615 2423 1651 2457 P

190 2482 209 2515 7
227 2492 394 2516 numerus
412 2482 471 2515 uel
487 2481 709 2526 proditorum
726 2481 761 2516 L
777 2492 805 2516 s.
824 2482 847 2516 l.
864 2493 907 2517 m.
928 2484 953 2516 2
1076 2481 1295 2526 perditorum
1314 2480 1380 2516 GR
1505 2480 1548 2514 10
1565 2480 1695 2515 deuota

188 2538 264 2583 nec]
285 2538 470 2573 deuotione
488 2538 523 2573 R
730 2539 772 2572 11
790 2539 943 2573 alienam
960 2549 1022 2584 per
1039 2538 1144 2573 fidem
1163 2538 1192 2573 C
1198 2540 1207 2556 ¹
1410 2537 1586 2582 deprimet
1603 2537 1632 2573 C
1638 2540 1647 2556 ¹

192 2596 234 2630 12
250 2595 443 2640 apostolus]
461 2596 589 2640 paulus
607 2595 693 2630 add.
711 2607 731 2630 v
883 2596 926 2630 13
943 2596 1077 2640 eorum]
1095 2595 1237 2630 illorum
1259 2595 1323 2630 CR
1475 2596 1518 2629 14
1535 2595 1692 2640 illorum]

188 2663 307 2688 eorum
324 2653 370 2695 R,
389 2664 453 2688 om.
475 2653 505 2688 Ο
632 2653 819 2688 euacuabit
837 2653 956 2689 G2PR
1088 2653 1131 2687 15
1149 2655 1269 2687 autem
1287 2663 1351 2687 om.
1372 2652 1402 2688 G
1528 2652 1569 2686 17
1588 2663 1694 2686 uerax

188 2711 242 2744 est
261 2710 291 2756 Q
421 2710 463 2745 18
480 2712 521 2745 ut
538 2721 602 2745 om.
623 2710 658 2745 L
785 2711 830 2744 20
847 2721 954 2755 quare
973 2721 1064 2746 corr.
1083 2711 1124 2745 m
1141 2710 1228 2754 quin
1249 2710 1278 2756 Q
1297 2711 1417 2754 (quare
1436 2710 1495 2752 M>
1624 2709 1692 2743 ali-

187 2767 267 2812 quis
288 2767 317 2813 Q
464 2768 650 2802 extiterint
673 2768 733 2813 Qv,
752 2770 816 2803 om.
838 2768 911 2802 LP
1052 2768 1095 2803 21
1114 2768 1249 2802 deicam
1269 2767 1299 2803 O
1435 2768 1563 2812 putent
1581 2766 1646 2802 CR

186 2824 231 2859 22
247 2825 408 2859 martiali
432 2825 497 2861 CR
618 2824 880 2860 communicant
899 2826 953 2861 Ρυ
1070 2826 1226 2859 uestram
1246 2825 1311 2860 CR
1435 2824 1479 2858 23
1496 2826 1532 2858 et
1550 2835 1625 2858 cum
1646 2824 1693 2858 M

188 2882 279 2925 <eum
301 2881 343 2927 0)
