1912 3152
293 194 375 234 34?
814 192 1009 226 Caecilii
1036 192 1253 236 Cypriani

290 297 360 336 tur
382 297 422 337 et
444 295 486 336 in
508 307 680 337 errorem
706 295 995 337 inducerentur
1013 295 1296 338 existimantes
1314 296 1557 338 Eleazarum
1579 298 1801 352 nonaginta

290 376 414 405 annos
436 366 581 406 natum
604 364 656 406 ad
678 364 1005 418 alienigenarum
1027 376 1181 406 morem
1204 365 1349 406 relicta
1373 367 1413 407 et
1433 366 1594 419 prodita
1611 366 1688 407 Dei
1710 366 1800 420 lege

287 433 504 483 transisse,
527 446 600 475 nec
620 433 726 475 tanti
749 446 836 475 esse
859 433 1009 475 lucrari
1032 433 1175 474 breuia
1198 433 1309 475 uitae
1333 436 1558 482 tormenta,
1581 436 1627 476 ut
1651 434 1799 477 offenso

287 502 373 544 Deo
396 502 622 544 incurreret
644 503 809 544 aeterna
830 501 1047 555 supplicia.
1072 502 1203 555 adque
1226 502 1296 543 ille
1319 503 1577 544 excruciatus
1600 503 1671 544 diu
1695 505 1733 544 et
1757 504 1799 544 111

288 572 468 612 extremo
490 571 575 612 iam
598 570 867 621 constitutus,
902 583 996 611 cum
1018 570 1125 611 inter
1156 571 1327 612 uerbera
1359 573 1399 612 et
1430 572 1635 612 tormenta
1666 583 1799 613 more-
1834 586 1846 610 5

288 641 421 690 retur,
454 640 731 694 ingemescens
753 639 831 680 ait:
873 639 1104 690 Domine,
1138 640 1222 692 qui
1254 641 1484 681 sanctam
1522 640 1675 681 habes
1709 640 1800 681 sci-

289 709 500 758 entiam,
522 707 858 750 manifestum
890 710 965 749 est
996 708 1116 761 quia
1148 721 1257 750 cum
1279 708 1470 762 possim
1493 709 1652 750 morte
1673 708 1800 750 libe-

288 778 390 819 rari
438 777 753 818 durissimos
808 777 1011 818 dolores
1058 777 1292 831 corporis
1347 778 1510 820 tolero
1558 777 1801 832 flagellis

289 847 560 899 uapulaus,
585 846 750 887 animo
784 847 955 887 autem
986 847 1193 900 propter
1224 846 1392 900 ipsius
1423 848 1611 888 metum
1634 846 1799 888 liben-

289 917 367 957 ter
396 915 517 957 haec
549 914 729 968 patior.
778 914 936 956 sincera
972 927 1137 967 prorsus
1171 915 1270 956 fides
1307 918 1347 956 et
1385 916 1518 956 uirtus
1556 915 1716 969 integra
1754 928 1799 957 ac
1818 928 1847 952 10

288 985 390 1027 satis
411 998 512 1038 pura
533 997 612 1025 non
634 997 773 1038 regem
795 984 1049 1025 Antiochum
1071 985 1272 1039 cogitasse
1294 985 1365 1026 sed
1387 985 1519 1026 Deum
1551 984 1727 1025 iudicem
1759 986 1798 1026 et

288 1055 410 1095 scisse
431 1052 625 1107 proficere
647 1053 727 1094 sibi
749 1053 800 1094 ad
823 1053 1001 1095 salutem
1024 1065 1103 1094 non
1124 1066 1260 1107 posse,
1294 1054 1327 1094 si
1350 1053 1561 1095 hominem
1593 1053 1799 1094 derideret

288 1136 334 1164 ac
356 1122 540 1172 falleret,
575 1121 737 1174 quando
769 1122 878 1163 Deus
912 1122 981 1175 qui
1013 1123 1286 1164 conscientiae
1317 1125 1478 1164 nostrae
1510 1122 1630 1164 iudex
1664 1124 1724 1164 est
1759 1124 1798 1163 et

288 1193 399 1233 solus
422 1191 631 1233 timendus
653 1203 726 1232 nec
749 1191 925 1233 derideri
948 1192 1079 1245 possit
1102 1192 1265 1233 omnino
1288 1204 1358 1232 nec
1382 1191 1484 1232 falli.

346 1259 387 1302 Si
424 1260 554 1314 igitur
591 1261 631 1302 et
669 1273 740 1302 nos
779 1260 905 1301 dicati
943 1273 988 1302 ac
1011 1260 1149 1302 deuoti
1172 1261 1255 1301 Deo
1279 1260 1474 1310 uiuimus,
1508 1260 1542 1300 si
1565 1272 1686 1313 supra
1711 1259 1800 1313 ipsa
1817 1272 1847 1296 15

287 1329 492 1370 iustorum
515 1329 688 1381 antiqua
710 1330 750 1369 et
773 1330 914 1370 sancta
936 1329 1115 1383 uestigia
1138 1329 1217 1370 iter
1239 1328 1435 1378 facimus,
1469 1341 1541 1382 per
1563 1328 1704 1370 eadem
1727 1328 1798 1369 do-

289 1398 482 1439 cumenta
502 1410 747 1451 poenarum,
780 1410 852 1451 per
875 1398 1017 1439 eadem
1054 1399 1290 1452 passionum
1328 1400 1526 1452 martyria
1565 1410 1797 1452 pergamus,

287 1467 363 1508 hoc
385 1466 627 1519 ampliorem
650 1466 827 1520 gloriam
850 1468 1120 1520 conputantes
1143 1467 1339 1520 temporis
1361 1467 1512 1514 nostri,
1564 1467 1670 1519 quod
1707 1479 1799 1507 011111

288 1538 428 1577 uetera
450 1536 634 1588 exempla
657 1537 943 1582 numerentur,
978 1537 1222 1578 exuberante
1260 1536 1524 1590 postmodum
1561 1535 1675 1589 copia
1714 1535 1799 1577 uir-

289 1605 394 1646 tutis
416 1617 461 1645 ac
481 1604 576 1645 fidei
597 1605 805 1645 numerari
827 1616 906 1645 non
937 1606 1106 1657 possunt
1138 1606 1339 1658 martyres
1372 1604 1587 1646 christiani
1619 1605 1798 1646 testante
1813 1616 1844 1642 20

289 1673 541 1728 Apocalypsi
577 1674 618 1714 et
654 1673 834 1715 dicente:
880 1675 995 1727 post
1026 1673 1147 1715 haec
1186 1673 1295 1714 uidi
1343 1675 1396 1714 tu
1411 1673 1463 1714 rb
1478 1686 1551 1714 am
1584 1674 1799 1714 multam

291 1756 437 1796 quam
469 1742 795 1783 dinumerare
827 1755 967 1784 nemo
1006 1743 1220 1796 poterat
1268 1755 1321 1783 ex
1369 1742 1506 1783 omni
1553 1743 1705 1796 gente
1755 1743 1800 1783 et

291 1825 347 1854 ex
380 1811 515 1853 omni
545 1810 687 1851 tribu
721 1812 767 1852 et
798 1811 984 1865 populo
1028 1814 1076 1853 et
1124 1812 1304 1866 lingua
1351 1812 1548 1852 stantes
1594 1811 1642 1851 in
1694 1823 1802 1852 con-

291 1882 472 1934 spectu
503 1880 686 1922 throni
720 1882 768 1921 et
800 1881 942 1935 agni:
977 1883 1027 1922 et
1059 1882 1210 1922 erant
1241 1881 1422 1923 amicti
1454 1880 1622 1921 stolas
1654 1880 1802 1922 albas

292 1952 340 1992 et
371 1950 568 2004 palmae
599 1949 813 1990 fuerunt
843 1949 893 1990 in
924 1950 1164 1991 manibus
1196 1963 1368 1992 eorum
1401 1951 1449 1991 et
1481 1962 1662 2004 magno
1704 1949 1847 1990 cla-25

291 2033 427 2061 more
449 2019 714 2060 dicebant:
748 2019 892 2060 salus
913 2019 1015 2060 Deo
1038 2021 1213 2061 nostro
1246 2019 1453 2061 sedenti
1486 2031 1637 2072 super
1668 2018 1803 2059 thro-

290 2102 405 2131 num
438 2090 485 2129 et
516 2101 659 2142 agno.
707 2087 754 2128 et
786 2088 1106 2141 respondens
1138 2101 1267 2130 unus
1312 2101 1365 2129 ex
1397 2087 1698 2129 senioribus
1731 2087 1804 2128 di-

294 2158 365 2199 cit
397 2157 541 2198 mihi:
590 2156 674 2209 qui
706 2156 890 2197 amicti
933 2159 1056 2199 sunt
1088 2157 1254 2199 stolas
1295 2157 1442 2199 albas
1482 2156 1567 2209 qui
1608 2158 1726 2198 sunt
1759 2157 1805 2197 et

432 2283 452 2316 6
478 2281 516 2315 ΙΙ
534 2281 641 2315 Maec.
661 2281 692 2321 6,
713 2280 766 2314 30.
841 2282 883 2315 21
912 2282 1018 2326 Apoe.
1038 2282 1068 2323 7,
1088 2283 1117 2316 9.
1139 2282 1191 2316 10.
1213 2283 1256 2316 13
1275 2293 1324 2326 sq.

366 2388 384 2418 1
413 2385 599 2419 eliezerum
619 2385 648 2419 S
755 2387 776 2421 2
803 2386 1110 2430 aligenigenarum
1130 2386 1179 2420 W
1284 2385 1347 2419 deo
1367 2385 1405 2418 S¹
1527 2385 1548 2418 3
1574 2385 1751 2418 tormenta
1770 2384 1806 2422 S,

297 2445 474 2477 momenta
497 2444 604 2478 WRU
673 2445 696 2478 4
721 2443 845 2487 adque]
865 2445 903 2477 at
920 2454 940 2477 v
1011 2444 1032 2477 <5
1052 2443 1161 2477 habet
1180 2443 1223 2477 S¹
1307 2443 1325 2476 7
1353 2452 1487 2485 possem
1507 2441 1564 2476 Ην
1658 2452 1677 2475 a
1697 2443 1807 2475 morte

302 2503 389 2542 le,
416 2503 566 2535 mortem
585 2502 620 2536 R
737 2501 758 2534 8
783 2501 913 2535 doloris
932 2501 975 2535 S¹
1093 2501 1113 2533 9
1138 2500 1192 2534 tui
1212 2500 1324 2543 ipsius
1343 2511 1362 2534 2*
1481 2499 1524 2532 lo
1550 2499 1635 2533 haec
1659 2510 1703 2533 em·
1726 2498 1807 2532 haes

300 2559 329 2593 S
344 2571 390 2594 m.
408 2562 432 2593 2
505 2559 547 2592 14
573 2558 752 2592 timendus
771 2560 826 2591 cst
851 2558 955 2592 WRv
1043 2558 1086 2591 15
1110 2557 1172 2592 deo
1190 2568 1228 2591 ae
1247 2556 1368 2591 deuoti
1387 2556 1456 2590 Wr
1544 2556 1574 2589 si
1593 2557 1642 2591 W
1657 2567 1682 2590 s.
1703 2556 1743 2596 l.,
1770 2558 1808 2589 ut

301 2617 377 2651 siR
449 2616 527 2660 ipsa
544 2627 609 2650 om.
622 2616 679 2650 Ro
751 2616 794 2649 16
811 2615 1035 2649 1001011111εόι
1100 2615 1143 2649 19
1161 2612 1446 2649 exuberenturS¹
1527 2613 1694 2655 21‘turba
1710 2613 1743 2648 R

302 2674 452 2708 multam
473 2674 645 2714 SWRV‚
674 2683 840 2717 magnam
862 2684 878 2707 υ
965 2673 1012 2708 22
1038 2673 1156 2717 potest
1176 2672 1211 2706 R
1297 2671 1342 2705 23
1367 2670 1510 2713 linguas
1531 2670 1565 2704 R
1651 2680 1810 2714 conspee-

303 2734 381 2765 turn
401 2731 429 2765 S
512 2732 556 2766 26
581 2720 662 2765 diff&
679 2730 722 2765 Sl
816 2729 970 2764 sedentis
988 2730 1025 2764 R
1094 2729 1137 2763 27
1165 2728 1346 2773 respondit
1365 2727 1421 2762 ΒΓ
1493 2726 1614 2761 dicens
1637 2728 1744 2763 WRv

306 2790 351 2823 28
376 2789 450 2834 qui]
470 2789 531 2823 isti
548 2788 610 2833 qui
627 2788 677 2829 R,
705 2788 744 2822 hi
761 2787 823 2832 qui
839 2799 861 2823 υ
932 2787 1040 2821 stolas
1059 2786 1158 2821 albas
1179 2786 1206 2820 S
1214 2786 1290 2820 WR
1301 2786 1349 2827 V,
1378 2783 1478 2820 stolis
1497 2783 1591 2818 albis
1610 2797 1628 2820 υ
