1838 3152
650 201 861 245 Epistula
896 200 1081 235 IIII-Y.
1532 204 1616 246 479

122 307 190 361 qui
221 317 413 359 pauperes
444 305 485 346 et
516 304 744 358 indigentes
775 304 960 346 laborant
982 306 1021 346 et
1052 307 1191 347 tamen
1213 306 1255 347 in
1277 306 1450 348 Domino
1482 314 1617 360 perse·-

120 376 280 424 uerant,
312 374 404 427 peto
437 373 541 414 nihil
573 373 691 421 desit,
725 385 818 415 cum
847 373 1055 415 summula
1084 373 1216 415 omnis
1239 387 1340 426 quae
1362 375 1525 417 redacta
1557 375 1619 417 est

120 443 207 486 illic
227 442 282 484 sit
303 443 410 496 apud
441 442 607 484 clericos
637 441 859 483 distributa
890 443 1055 495 propter
1083 442 1282 483 eiusmodi
1304 455 1434 490 casuS.
1467 446 1513 485 ut
1544 443 1618 485 ha-

120 512 261 554 berent
282 511 418 564 plures
435 510 541 552 unde
562 510 614 552 ad
644 511 907 552 necessitates
939 511 979 552 et
1010 523 1216 564 pressuras
1248 511 1502 565 singulorum
1523 523 1617 566 ope-

93 580 201 626 »rari
222 579 390 633 possint.

176 649 276 691 Peto
298 660 455 701 quoque
476 648 523 689 ut
544 647 595 688 ad
617 647 912 700 procurandam
929 647 1109 700 quietem
1132 648 1299 690 solertia
1321 649 1362 690 et
1383 648 1618 691 sollicitudo
1633 653 1657 692 2

120 718 256 760 uestra
276 729 356 758 non
379 716 497 758 desit.
540 729 635 758 nam
657 716 734 758 etsi
757 717 901 758 fratres
921 728 992 770 pro
1025 716 1241 759 dilectione
1270 730 1342 758 sua
1364 717 1501 771 cupidi
1524 719 1619 760 sunt

121 787 171 828 ad
192 785 512 827 conueniendum
534 786 575 826 et
596 785 850 827 uisitandum
872 786 1118 827 confessores
1147 786 1272 827 bonos
1293 798 1392 839 quos
1422 786 1618 828 inlustra—

119 856 182 897 uit
203 855 285 896 iam
307 854 495 909 gloriosis
516 854 648 897 initiis
670 854 811 895 diuina
842 854 1044 909 dignatio,
1076 855 1215 896 tamen
1247 856 1363 896 caute
1385 855 1458 897 hoc
1481 857 1520 897 et
1542 867 1619 897 non

77 940 109 966 ιο
120 923 382 979 glomeratim
403 935 475 965 nec
509 935 580 976 per
608 922 919 964 multitudinem
952 923 1078 965 semel
1110 922 1292 965 iunctam
1322 924 1420 976 puto
1442 935 1528 965 esse
1559 924 1620 965 fa-

121 992 322 1042 ciendum,
354 1004 402 1033 ne
433 1005 479 1033 ex
510 992 585 1033 hoc
607 991 692 1045 ipso
723 991 882 1033 inuidia
912 992 1140 1033 concitetur
1161 992 1201 1033 et
1222 992 1454 1034 introeundi
1483 992 1620 1035 aditus

125 1062 346 1116 denegetur
377 1063 417 1103 et
439 1061 537 1102 dum
573 1060 829 1102 insatiabiles
859 1061 1042 1102 multum
1074 1061 1278 1111 uolumuS,
1311 1062 1444 1103 totum
1477 1062 1620 1116 perda-

123 1142 226 1172 mus.
270 1129 469 1171 consulite
491 1141 586 1184 ergo
608 1131 650 1171 et
670 1129 882 1183 prouidete
904 1131 951 1171 ut
971 1142 1065 1171 cum
1096 1131 1417 1183 temperamento
1438 1130 1525 1172 fieri
1547 1131 1621 1172 hoc

123 1199 254 1241 tutius
275 1199 416 1253 possit,
449 1199 508 1240 ita
524 1201 571 1240 ut
603 1198 830 1252 presbyteri
864 1211 1023 1252 quoque
1045 1199 1115 1252 qui
1137 1198 1225 1241 illic
1247 1199 1354 1252 apud
1375 1200 1622 1242 confessores

80 1285 110 1311 15
122 1268 297 1310 offerunt
318 1267 470 1323 singuli
494 1281 586 1310 cum
608 1267 781 1322 singulis
802 1268 981 1309 diaconis
1002 1280 1074 1320 per
1090 1267 1201 1309 uices
1217 1267 1432 1317 alternent,
1466 1268 1560 1321 quia
1583 1269 1622 1311 et

124 1337 298 1379 mutatio
333 1349 594 1390 personarum
626 1338 667 1379 et
698 1336 937 1378 uicissitudo
972 1337 1298 1378 conuenientium
1331 1337 1482 1378 minuit
1514 1337 1622 1379 inui-

125 1405 248 1447 diam.
293 1406 398 1447 circa
415 1406 551 1448 omnia.
567 1406 676 1447 enim
694 1405 816 1447 mites
838 1406 879 1447 et
900 1405 1090 1455 humiles,
1114 1406 1160 1446 ut
1181 1405 1310 1448 seruis
1325 1406 1401 1448 Dei
1419 1406 1621 1461 congruit,

125 1474 374 1528 temporibus
392 1475 544 1516 seruire
557 1475 598 1515 et
614 1473 743 1528 quieti
759 1474 986 1528 prospicere
1001 1475 1042 1516 et
1058 1474 1169 1528 plebi
1185 1475 1398 1528 prouidere
1413 1475 1619 1517 debemus.

126 1545 220 1597 opto
242 1555 326 1594 uos,
359 1543 506 1585 fratres
528 1543 731 1586 carissimi
752 1556 799 1586 ac
819 1543 1205 1594 desiderantissimi,
1238 1556 1396 1597 semper
1419 1544 1517 1586 bene
1548 1557 1621 1586 ua-

77 1612 213 1656 nolere
233 1614 274 1654 et
295 1613 423 1654 nostri
452 1612 699 1654 meminisse.
743 1612 1047 1654 fraternitatem
1068 1612 1302 1654 uniuersam
1325 1613 1514 1655 salutate.
1557 1626 1624 1655 sa-

125 1681 232 1723 lutat
254 1693 325 1723 uos
348 1682 539 1723 diaconus
560 1683 600 1722 et
619 1681 688 1734 qui
710 1693 870 1723 mecum
892 1682 988 1723 sunt
1009 1681 1204 1723 salutant.
1228 1682 1375 1723 ualete.

171 1842 189 1876 1
217 1828 303 1875 drffii
327 1841 359 1875 Ζ
429 1842 452 1877 2
478 1842 652 1875 summala
674 1842 731 1886 T¹,
759 1852 893 1876 summa
911 1842 967 1886 Ζμ
1038 1842 1059 1876 3
1085 1842 1318 1887 p1·opter]per
1335 1855 1358 1887 μ
1430 1843 1469 1876 ut
1496 1842 1528 1876 h.
1548 1841 1625 1886 plu-

125 1898 191 1942 res]
219 1898 308 1933 unde
327 1898 498 1933 haberent
516 1910 682 1943 pauperes
701 1899 735 1933 Z
801 1899 826 1935 4
852 1899 908 1943 ad]
945 1910 989 1933 an
1007 1900 1037 1932 Z
1106 1900 1354 1934 necessitatem
1372 1913 1396 1944 μ
1468 1902 1503 1934 et
1529 1910 1625 1944 pres-

129 1957 242 2000 suras]
262 1945 384 2001 exsssa
403 1970 426 2000 μ
513 1959 534 1991 5
559 1960 702 2001 possent
719 1970 742 2001 μ
820 1958 840 1991 6
866 1957 1026 1991 sollertia
1043 1958 1085 1991 N
1169 1958 1188 1991 7
1213 1957 1306 1991 desit
1324 1958 1371 1998 N,
1399 1957 1446 1991 sit
1468 1958 1508 2000 T,
1534 1956 1626 1991 desi-

128 2016 190 2048 nat
208 2015 263 2058 Ζμ
337 2025 418 2049 nam
435 2026 500 2049 om.
519 2016 575 2059 Ζμ
648 2015 720 2049 sint
738 2028 761 2059 μ
834 2015 857 2050 8
883 2014 1054 2049 lustrauit
1072 2029 1097 2059 μ
1168 2016 1190 2049 9
1214 2015 1378 2059 gloriosis
1397 2014 1527 2059 initiis]
1547 2014 1624 2059 glo—

130 2071 237 2106 riosos
256 2072 353 2106 intus
371 2073 429 2116 Ζμ
503 2072 547 2106 10
571 2072 692 2117 semel]
712 2072 820 2106 simul
836 2084 856 2107 v
927 2072 1085 2106 uinctum
1104 2073 1138 2107 Z
1205 2073 1251 2108 12
1278 2072 1509 2117 degeneretur
1527 2072 1558 2106 Z

127 2131 163 2164 et
179 2139 243 2164 om.
262 2130 296 2164 Z
378 2130 558 2164 insatialis
581 2132 618 2171 T,
645 2129 831 2164 instabiles
850 2131 891 2165 N
972 2129 1138 2174 multum]
1163 2131 1279 2164 totum
1297 2130 1350 2164 Zv
1436 2129 1479 2163 13
1504 2139 1625 2163 consu-

128 2187 198 2222 lete
219 2189 250 2221 T
338 2187 414 2222 fieri
440 2187 503 2222 11οο
527 2189 565 2229 T,
591 2188 667 2222 fieri
694 2189 742 2231 N,
769 2188 834 2222 hoc
852 2189 919 2232 Ζμ,
947 2187 1011 2221 hoc
1036 2187 1095 2232 agi
1112 2198 1133 2221 v
1227 2187 1273 2223 14
1298 2188 1411 2221 totius
1429 2187 1506 2222 NT
1504 2187 1538 2221 Z

127 2244 239 2289 possit
256 2245 397 2290 impleri
415 2259 439 2289 μ
510 2245 578 2290 ita]
596 2246 717 2290 itaque
735 2246 777 2280 N
846 2246 889 2279 15
906 2245 1112 2280 diaconibus
1131 2246 1185 2290 Ζμ
1261 2247 1296 2279 et
1314 2245 1397 2289 quia
1415 2258 1438 2290 μ
1512 2245 1553 2279 17
1572 2244 1626 2278 111·

128 2302 230 2336 miles
253 2304 284 2336 T
365 2313 556 2347 congruum
575 2303 624 2336 sit
642 2316 678 2347 μ,
705 2303 870 2347 congruit
894 2303 942 2337 sit
967 2302 1027 2337 sed
1045 2303 1080 2337 Z
1164 2302 1207 2336 18
1232 2302 1388 2346 quietem
1407 2315 1430 2347 μ
1519 2303 1562 2336 19
1588 2313 1626 2335 ac

126 2359 444 2394 desiderantissimi
462 2361 580 2401 NTV,
599 2371 664 2395 om.
683 2361 739 2406 Ζμ
798 2360 843 2394 20
867 2363 902 2394 et
919 2360 1032 2395 nostri
1059 2386 1087 2394 ..
1105 2389 1110 2394 .
1132 2360 1248 2395 ualete
1274 2371 1339 2394 om.
1358 2360 1415 2404 Ζμ
1464 2360 1627 2394 fraterni·

127 2419 238 2452 tatem
265 2420 417 2452 uestram
436 2419 478 2453 N
544 2418 699 2452 salutate
725 2430 788 2452 om.
809 2419 884 2453 NT
951 2418 1111 2452 salutant
1130 2419 1189 2453 Νι·
1259 2418 1302 2452 21
1329 2417 1489 2452 salutant
1513 2428 1578 2452 om.
1599 2429 1626 2452 ι·.

129 2495 169 2501 -
194 2476 250 2510 Ad
273 2476 404 2511 clerum
430 2479 470 2510 ut
494 2476 601 2520 (sicut
630 2478 674 2515 T)
699 2487 804 2521 supra
829 2475 974 2520 explicit
1000 2476 1041 2510 N
1044 2477 1076 2510 T
1075 2503 1082 2516 ‚
1108 2475 1162 2510 Ad
1187 2476 1318 2510 clerum
1343 2478 1484 2520 propter
1509 2486 1627 2509 curam

129 2540 319 2578 pauperum
345 2533 489 2578 explicit
506 2535 546 2575 Z,
574 2544 638 2568 om.
666 2547 700 2578 μ.
722 2554 763 2559 -
