<?xml version="1.0" encoding="UTF-8"?>
<!DOCTYPE html PUBLIC "-//W3C//DTD XHTML 1.0 Transitional//EN"
    "http://www.w3.org/TR/xhtml1/DTD/xhtml1-transitional.dtd">
<html xmlns="http://www.w3.org/1999/xhtml" xml:lang="en" lang="en">
 <head>
  <title>
</title>
<meta http-equiv="Content-Type" content="text/html;charset=utf-8" />
  <meta name='ocr-system' content='tesseract 3.04.00' />
  <meta name='ocr-capabilities' content='ocr_page ocr_carea ocr_par ocr_line ocrx_word'/>
</head>
<body>
  <div class='ocr_page' id='page_1' title='image "./corpusscriptor203cypruoft_0429.png"; bbox 0 0 1838 3152; ppageno 0'>
   <div class='ocr_carea' id='block_1_1' title="bbox 341 815 1288 880">
    <p class='ocr_par' dir='ltr' id='par_1_1' title="bbox 341 815 1288 880">
     <span class='ocr_line' id='line_1_1' title="bbox 341 815 1288 880; baseline 0.001 -1"><span class='ocrx_word' id='word_1_1' title='bbox 341 816 451 879; x_wconf 85' lang='lat' dir='ltr'>DE</span> <span class='ocrx_word' id='word_1_2' title='bbox 506 816 724 880; x_wconf 85' lang='lat' dir='ltr'><strong>ZELO</strong></span> <span class='ocrx_word' id='word_1_3' title='bbox 783 815 888 880; x_wconf 85' lang='grc' dir='ltr'>ΕΤ</span> <span class='ocrx_word' id='word_1_4' title='bbox 939 816 1288 880; x_wconf 84' lang='lat' dir='ltr'><strong>LIVORE.</strong></span> 
     </span>
    </p>
   </div>
   <div class='ocr_carea' id='block_1_2' title="bbox 26 986 1611 2314">
    <p class='ocr_par' dir='ltr' id='par_1_2' title="bbox 71 986 1611 1207">
     <span class='ocr_line' id='line_1_2' title="bbox 127 986 1611 1067; baseline -0.002 -10"><span class='ocrx_word' id='word_1_5' title='bbox 127 986 287 1057; x_wconf 79' lang='lat' dir='ltr'>Zelare</span> <span class='ocrx_word' id='word_1_6' title='bbox 319 1015 426 1067; x_wconf 89' lang='lat' dir='ltr'>quod</span> <span class='ocrx_word' id='word_1_7' title='bbox 458 1014 611 1055; x_wconf 90' lang='lat' dir='ltr'>bonum</span> <span class='ocrx_word' id='word_1_8' title='bbox 643 1013 783 1055; x_wconf 83' lang='lat' dir='ltr'>uideas</span> <span class='ocrx_word' id='word_1_9' title='bbox 815 1015 855 1055; x_wconf 93' lang='lat' dir='ltr'>et</span> <span class='ocrx_word' id='word_1_10' title='bbox 887 1013 1071 1055; x_wconf 90' lang='lat' dir='ltr'>inuidere</span> <span class='ocrx_word' id='word_1_11' title='bbox 1093 1013 1333 1055; x_wconf 88' lang='lat' dir='ltr'>melioribus</span> <span class='ocrx_word' id='word_1_12' title='bbox 1356 1013 1446 1055; x_wconf 88' lang='lat' dir='ltr'>leue</span> <span class='ocrx_word' id='word_1_13' title='bbox 1474 1015 1611 1066; x_wconf 73' lang='lat' dir='ltr'>aput}</span> 
     </span>
     <span class='ocr_line' id='line_1_3' title="bbox 71 1082 1572 1138; baseline -0.002 -12"><span class='ocrx_word' id='word_1_14' title='bbox 71 1085 267 1138; x_wconf 85' lang='lat' dir='ltr'>quosdam</span> <span class='ocrx_word' id='word_1_15' title='bbox 289 1085 330 1125; x_wconf 84' lang='lat' dir='ltr'>et</span> <span class='ocrx_word' id='word_1_16' title='bbox 352 1083 560 1124; x_wconf 89' lang='lat' dir='ltr'>modicum</span> <span class='ocrx_word' id='word_1_17' title='bbox 582 1082 736 1124; x_wconf 99' lang='lat' dir='ltr'>crimen</span> <span class='ocrx_word' id='word_1_18' title='bbox 759 1083 945 1133; x_wconf 81' lang='lat' dir='ltr'>uidetur,</span> <span class='ocrx_word' id='word_1_19' title='bbox 969 1084 1116 1124; x_wconf 83' lang='lat' dir='ltr'>fratres</span> <span class='ocrx_word' id='word_1_20' title='bbox 1139 1082 1418 1132; x_wconf 74' lang='lat' dir='ltr'>dilectissimi,</span> <span class='ocrx_word' id='word_1_21' title='bbox 1451 1083 1572 1124; x_wconf 90' lang='lat' dir='ltr'>dum-</span> 
     </span>
     <span class='ocr_line' id='line_1_4' title="bbox 71 1151 1573 1207; baseline -0.002 -12"><span class='ocrx_word' id='word_1_22' title='bbox 71 1166 147 1207; x_wconf 86' lang='lat' dir='ltr'>que</span> <span class='ocrx_word' id='word_1_23' title='bbox 182 1153 441 1194; x_wconf 78' lang='lat' dir='ltr'>existimatur</span> <span class='ocrx_word' id='word_1_24' title='bbox 477 1152 566 1193; x_wconf 91' lang='lat' dir='ltr'>leue</span> <span class='ocrx_word' id='word_1_25' title='bbox 600 1163 686 1193; x_wconf 89' lang='lat' dir='ltr'>esse</span> <span class='ocrx_word' id='word_1_26' title='bbox 722 1153 763 1193; x_wconf 89' lang='lat' dir='ltr'>et</span> <span class='ocrx_word' id='word_1_27' title='bbox 799 1151 1008 1193; x_wconf 83' lang='lat' dir='ltr'>modicum</span> <span class='ocrx_word' id='word_1_28' title='bbox 1039 1164 1116 1193; x_wconf 89' lang='lat' dir='ltr'>non</span> <span class='ocrx_word' id='word_1_29' title='bbox 1147 1151 1342 1201; x_wconf 89' lang='lat' dir='ltr'>timetur,</span> <span class='ocrx_word' id='word_1_30' title='bbox 1374 1152 1473 1193; x_wconf 87' lang='lat' dir='ltr'>dum</span> <span class='ocrx_word' id='word_1_31' title='bbox 1494 1164 1573 1193; x_wconf 90' lang='lat' dir='ltr'>non</span> 
     </span>
    </p>

    <p class='ocr_par' dir='ltr' id='par_1_3' title="bbox 26 1220 1578 2314">
     <span class='ocr_line' id='line_1_5' title="bbox 26 1220 1575 1270; baseline -0.002 -6"><span class='ocrx_word' id='word_1_32' title='bbox 26 1233 41 1258; x_wconf 72' lang='lat'><strong>⁵</strong></span> <span class='ocrx_word' id='word_1_33' title='bbox 70 1222 240 1264; x_wconf 88' lang='lat' dir='ltr'>timetur</span> <span class='ocrx_word' id='word_1_34' title='bbox 261 1221 555 1265; x_wconf 82' lang='lat' dir='ltr'>contemnitur,</span> <span class='ocrx_word' id='word_1_35' title='bbox 590 1221 686 1261; x_wconf 88' lang='lat' dir='ltr'>dum</span> <span class='ocrx_word' id='word_1_36' title='bbox 712 1220 992 1262; x_wconf 87' lang='lat' dir='ltr'>contemnitur</span> <span class='ocrx_word' id='word_1_37' title='bbox 1012 1232 1091 1261; x_wconf 88' lang='lat' dir='ltr'>non</span> <span class='ocrx_word' id='word_1_38' title='bbox 1113 1220 1231 1261; x_wconf 80' lang='lat' dir='ltr'>facile</span> <span class='ocrx_word' id='word_1_39' title='bbox 1252 1220 1432 1270; x_wconf 83' lang='lat' dir='ltr'>uitatur,</span> <span class='ocrx_word' id='word_1_40' title='bbox 1465 1222 1507 1262; x_wconf 89' lang='lat' dir='ltr'>et</span> <span class='ocrx_word' id='word_1_41' title='bbox 1528 1220 1575 1261; x_wconf 85' lang='lat' dir='ltr'>fit</span> 
     </span>
     <span class='ocr_line' id='line_1_6' title="bbox 71 1289 1574 1343; baseline -0.003 -10"><span class='ocrx_word' id='word_1_42' title='bbox 71 1304 187 1333; x_wconf 77' lang='lat' dir='ltr'>caeca</span> <span class='ocrx_word' id='word_1_43' title='bbox 218 1291 258 1331; x_wconf 89' lang='lat' dir='ltr'>et</span> <span class='ocrx_word' id='word_1_44' title='bbox 289 1290 448 1331; x_wconf 79' lang='lat' dir='ltr'>occulta</span> <span class='ocrx_word' id='word_1_45' title='bbox 478 1289 677 1342; x_wconf 78' lang='lat' dir='ltr'>pernicies</span> <span class='ocrx_word' id='word_1_46' title='bbox 699 1302 801 1342; x_wconf 76' lang='lat' dir='ltr'>quae</span> <span class='ocrx_word' id='word_1_47' title='bbox 822 1289 921 1330; x_wconf 87' lang='lat' dir='ltr'>dum</span> <span class='ocrx_word' id='word_1_48' title='bbox 943 1289 1080 1330; x_wconf 90' lang='lat' dir='ltr'>minus</span> <span class='ocrx_word' id='word_1_49' title='bbox 1102 1289 1349 1343; x_wconf 75' lang='lat' dir='ltr'>perspicitur</span> <span class='ocrx_word' id='word_1_50' title='bbox 1370 1291 1417 1330; x_wconf 90' lang='lat' dir='ltr'>ut</span> <span class='ocrx_word' id='word_1_51' title='bbox 1438 1289 1574 1331; x_wconf 83' lang='lat' dir='ltr'>caueri</span> 
     </span>
     <span class='ocr_line' id='line_1_7' title="bbox 72 1358 1575 1412; baseline -0.003 -10"><span class='ocrx_word' id='word_1_52' title='bbox 72 1372 95 1402; x_wconf 87' lang='lat' dir='ltr'>a</span> <span class='ocrx_word' id='word_1_53' title='bbox 114 1359 424 1412; x_wconf 87' lang='lat' dir='ltr'>prouidentibus</span> <span class='ocrx_word' id='word_1_54' title='bbox 446 1358 595 1411; x_wconf 84' lang='lat' dir='ltr'>possit,</span> <span class='ocrx_word' id='word_1_55' title='bbox 618 1358 853 1411; x_wconf 78' lang='lat' dir='ltr'>inprouidas</span> <span class='ocrx_word' id='word_1_56' title='bbox 875 1361 1033 1400; x_wconf 80' lang='lat' dir='ltr'>mentes</span> <span class='ocrx_word' id='word_1_57' title='bbox 1056 1359 1232 1400; x_wconf 82' lang='lat' dir='ltr'>latenter</span> <span class='ocrx_word' id='word_1_58' title='bbox 1252 1358 1424 1412; x_wconf 82' lang='lat' dir='ltr'>adfligit.</span> <span class='ocrx_word' id='word_1_59' title='bbox 1457 1369 1575 1411; x_wconf 90' lang='lat' dir='ltr'>porro</span> 
     </span>
     <span class='ocr_line' id='line_1_8' title="bbox 71 1427 1570 1481; baseline -0.002 -10"><span class='ocrx_word' id='word_1_60' title='bbox 71 1429 209 1471; x_wconf 83' lang='lat' dir='ltr'>autem</span> <span class='ocrx_word' id='word_1_61' title='bbox 231 1429 431 1470; x_wconf 86' lang='lat' dir='ltr'>Dominus</span> <span class='ocrx_word' id='word_1_62' title='bbox 454 1428 675 1481; x_wconf 76' lang='lat' dir='ltr'>prudentes</span> <span class='ocrx_word' id='word_1_63' title='bbox 696 1441 782 1470; x_wconf 90' lang='lat' dir='ltr'>esse</span> <span class='ocrx_word' id='word_1_64' title='bbox 815 1440 886 1469; x_wconf 90' lang='lat' dir='ltr'>nos</span> <span class='ocrx_word' id='word_1_65' title='bbox 919 1429 1039 1469; x_wconf 88' lang='lat' dir='ltr'>iussit</span> <span class='ocrx_word' id='word_1_66' title='bbox 1070 1430 1111 1469; x_wconf 92' lang='lat' dir='ltr'>et</span> <span class='ocrx_word' id='word_1_67' title='bbox 1141 1430 1262 1470; x_wconf 75' lang='lat' dir='ltr'>cauta</span> <span class='ocrx_word' id='word_1_68' title='bbox 1292 1427 1570 1469; x_wconf 85' lang='lat' dir='ltr'>sollicitudine</span> 
     </span>
     <span class='ocr_line' id='line_1_9' title="bbox 71 1497 1573 1552; baseline -0.001 -13"><span class='ocrx_word' id='word_1_69' title='bbox 71 1497 243 1552; x_wconf 82' lang='lat' dir='ltr'>uigilare</span> <span class='ocrx_word' id='word_1_70' title='bbox 265 1497 485 1551; x_wconf 82' lang='lat' dir='ltr'>praecepit,</span> <span class='ocrx_word' id='word_1_71' title='bbox 510 1510 558 1538; x_wconf 88' lang='lat' dir='ltr'>ne</span> <span class='ocrx_word' id='word_1_72' title='bbox 579 1497 837 1539; x_wconf 70' lang='lat' dir='ltr'>aduersarius</span> <span class='ocrx_word' id='word_1_73' title='bbox 859 1498 1040 1552; x_wconf 75' lang='lat' dir='ltr'>uigilans</span> <span class='ocrx_word' id='word_1_74' title='bbox 1062 1510 1222 1550; x_wconf 90' lang='lat' dir='ltr'>semper</span> <span class='ocrx_word' id='word_1_75' title='bbox 1243 1498 1329 1551; x_wconf 88' lang='lat' dir='ltr'>ipse</span> <span class='ocrx_word' id='word_1_76' title='bbox 1352 1499 1392 1538; x_wconf 92' lang='lat' dir='ltr'>et</span> <span class='ocrx_word' id='word_1_77' title='bbox 1414 1509 1573 1549; x_wconf 88' lang='lat' dir='ltr'>semper</span> 
     </span>
     <span class='ocr_line' id='line_1_10' title="bbox 30 1566 1572 1620; baseline 0 -12"><span class='ocrx_word' id='word_1_78' title='bbox 30 1577 62 1602; x_wconf 85' lang='lat'>¹0</span> <span class='ocrx_word' id='word_1_79' title='bbox 72 1567 266 1609; x_wconf 84' lang='lat' dir='ltr'>insidians</span> <span class='ocrx_word' id='word_1_80' title='bbox 298 1567 368 1608; x_wconf 89' lang='lat' dir='ltr'>ubi</span> <span class='ocrx_word' id='word_1_81' title='bbox 401 1567 442 1608; x_wconf 90' lang='lat' dir='ltr'>in</span> <span class='ocrx_word' id='word_1_82' title='bbox 463 1568 604 1620; x_wconf 83' lang='lat' dir='ltr'>pectus</span> <span class='ocrx_word' id='word_1_83' title='bbox 628 1567 808 1620; x_wconf 78' lang='lat' dir='ltr'>obrepsit</span> <span class='ocrx_word' id='word_1_84' title='bbox 830 1568 878 1608; x_wconf 84' lang='lat' dir='ltr'>de</span> <span class='ocrx_word' id='word_1_85' title='bbox 900 1568 1095 1609; x_wconf 69' lang='lat' dir='ltr'>scintillis</span> <span class='ocrx_word' id='word_1_86' title='bbox 1117 1567 1264 1609; x_wconf 85' lang='lat' dir='ltr'>conflet</span> <span class='ocrx_word' id='word_1_87' title='bbox 1286 1567 1489 1617; x_wconf 84' lang='lat' dir='ltr'>incendia,</span> <span class='ocrx_word' id='word_1_88' title='bbox 1523 1566 1572 1608; x_wconf 88' lang='lat' dir='ltr'>de</span> 
     </span>
     <span class='ocr_line' id='line_1_11' title="bbox 73 1636 1575 1691; baseline 0.001 -15"><span class='ocrx_word' id='word_1_89' title='bbox 73 1636 209 1690; x_wconf 89' lang='lat' dir='ltr'>paruis</span> <span class='ocrx_word' id='word_1_90' title='bbox 244 1636 425 1677; x_wconf 79' lang='lat' dir='ltr'>maxima</span> <span class='ocrx_word' id='word_1_91' title='bbox 462 1639 679 1691; x_wconf 75' lang='lat' dir='ltr'>exaggeret</span> <span class='ocrx_word' id='word_1_92' title='bbox 716 1639 756 1678; x_wconf 87' lang='lat' dir='ltr'>et</span> <span class='ocrx_word' id='word_1_93' title='bbox 793 1637 891 1678; x_wconf 88' lang='lat' dir='ltr'>dum</span> <span class='ocrx_word' id='word_1_94' title='bbox 928 1637 1110 1678; x_wconf 86' lang='lat' dir='ltr'>remissis</span> <span class='ocrx_word' id='word_1_95' title='bbox 1149 1638 1189 1678; x_wconf 87' lang='lat' dir='ltr'>et</span> <span class='ocrx_word' id='word_1_96' title='bbox 1225 1637 1400 1678; x_wconf 82' lang='lat' dir='ltr'>incautis</span> <span class='ocrx_word' id='word_1_97' title='bbox 1422 1636 1575 1678; x_wconf 88' lang='lat' dir='ltr'>leniore</span> 
     </span>
     <span class='ocr_line' id='line_1_12' title="bbox 73 1704 1570 1759; baseline 0 -13"><span class='ocrx_word' id='word_1_98' title='bbox 73 1716 169 1746; x_wconf 83' lang='lat' dir='ltr'>aura</span> <span class='ocrx_word' id='word_1_99' title='bbox 190 1705 231 1746; x_wconf 88' lang='lat' dir='ltr'>et</span> <span class='ocrx_word' id='word_1_100' title='bbox 251 1704 352 1746; x_wconf 82' lang='lat' dir='ltr'>flatu</span> <span class='ocrx_word' id='word_1_101' title='bbox 375 1705 560 1747; x_wconf 88' lang='lat' dir='ltr'>molliore</span> <span class='ocrx_word' id='word_1_102' title='bbox 582 1706 810 1755; x_wconf 79' lang='lat' dir='ltr'>blanditur,</span> <span class='ocrx_word' id='word_1_103' title='bbox 845 1706 1035 1759; x_wconf 87' lang='lat' dir='ltr'>procellis</span> <span class='ocrx_word' id='word_1_104' title='bbox 1057 1719 1101 1747; x_wconf 85' lang='lat' dir='ltr'>ac</span> <span class='ocrx_word' id='word_1_105' title='bbox 1123 1706 1360 1748; x_wconf 87' lang='lat' dir='ltr'>turbinibus</span> <span class='ocrx_word' id='word_1_106' title='bbox 1382 1706 1570 1747; x_wconf 80' lang='lat' dir='ltr'>excitatis</span> 
     </span>
     <span class='ocr_line' id='line_1_13' title="bbox 72 1773 1570 1830; baseline 0.001 -15"><span class='ocrx_word' id='word_1_107' title='bbox 72 1773 210 1815; x_wconf 82' lang='lat' dir='ltr'>ruinas</span> <span class='ocrx_word' id='word_1_108' title='bbox 237 1774 331 1815; x_wconf 86' lang='lat' dir='ltr'>fidei</span> <span class='ocrx_word' id='word_1_109' title='bbox 364 1776 404 1816; x_wconf 92' lang='lat' dir='ltr'>et</span> <span class='ocrx_word' id='word_1_110' title='bbox 436 1775 584 1816; x_wconf 82' lang='lat' dir='ltr'>salutis</span> <span class='ocrx_word' id='word_1_111' title='bbox 605 1787 651 1816; x_wconf 77' lang='lat' dir='ltr'>ac</span> <span class='ocrx_word' id='word_1_112' title='bbox 674 1775 783 1817; x_wconf 80' lang='lat' dir='ltr'>uitae</span> <span class='ocrx_word' id='word_1_113' title='bbox 804 1776 1022 1830; x_wconf 71' lang='lat' dir='ltr'>naufragia</span> <span class='ocrx_word' id='word_1_114' title='bbox 1043 1776 1253 1817; x_wconf 82' lang='lat' dir='ltr'>moliatur.</span> <span class='ocrx_word' id='word_1_115' title='bbox 1288 1775 1570 1817; x_wconf 82' lang='lat' dir='ltr'>excubandum</span> 
     </span>
     <span class='ocr_line' id='line_1_14' title="bbox 73 1843 1575 1898; baseline 0.001 -14"><span class='ocrx_word' id='word_1_116' title='bbox 73 1843 133 1884; x_wconf 85' lang='lat' dir='ltr'>est</span> <span class='ocrx_word' id='word_1_117' title='bbox 153 1843 311 1896; x_wconf 85' lang='lat' dir='ltr'>itaque,</span> <span class='ocrx_word' id='word_1_118' title='bbox 344 1844 490 1886; x_wconf 82' lang='lat' dir='ltr'>fratres</span> <span class='ocrx_word' id='word_1_119' title='bbox 512 1844 795 1893; x_wconf 74' lang='lat' dir='ltr'>dilectissimi,</span> <span class='ocrx_word' id='word_1_120' title='bbox 818 1846 948 1898; x_wconf 76' lang='lat' dir='ltr'>adque</span> <span class='ocrx_word' id='word_1_121' title='bbox 970 1845 1160 1886; x_wconf 84' lang='lat' dir='ltr'>omnibus</span> <span class='ocrx_word' id='word_1_122' title='bbox 1183 1845 1340 1886; x_wconf 85' lang='lat' dir='ltr'>uiribus</span> <span class='ocrx_word' id='word_1_123' title='bbox 1362 1844 1575 1886; x_wconf 77' lang='lat' dir='ltr'>elaboran-</span> 
     </span>
     <span class='ocr_line' id='line_1_15' title="bbox 29 1910 1575 1967; baseline 0 -14"><span class='ocrx_word' id='word_1_124' title='bbox 29 1918 60 1944; x_wconf 84' lang='lat'><strong>1·&#39;·</strong></span> <span class='ocrx_word' id='word_1_125' title='bbox 74 1910 192 1962; x_wconf 86' lang='lat' dir='ltr'>dum,</span> <span class='ocrx_word' id='word_1_126' title='bbox 226 1914 272 1954; x_wconf 93' lang='lat' dir='ltr'>ut</span> <span class='ocrx_word' id='word_1_127' title='bbox 294 1913 461 1955; x_wconf 91' lang='lat' dir='ltr'>inimico</span> <span class='ocrx_word' id='word_1_128' title='bbox 482 1914 681 1955; x_wconf 80' lang='lat' dir='ltr'>saeuienti</span> <span class='ocrx_word' id='word_1_129' title='bbox 703 1916 743 1956; x_wconf 87' lang='lat' dir='ltr'>et</span> <span class='ocrx_word' id='word_1_130' title='bbox 766 1915 900 1956; x_wconf 80' lang='lat' dir='ltr'>iacula</span> <span class='ocrx_word' id='word_1_131' title='bbox 922 1928 995 1956; x_wconf 70' lang='lat' dir='ltr'>sua</span> <span class='ocrx_word' id='word_1_132' title='bbox 1016 1915 1057 1956; x_wconf 93' lang='lat' dir='ltr'>in</span> <span class='ocrx_word' id='word_1_133' title='bbox 1079 1927 1218 1955; x_wconf 87' lang='lat' dir='ltr'>omnes</span> <span class='ocrx_word' id='word_1_134' title='bbox 1238 1914 1415 1967; x_wconf 90' lang='lat' dir='ltr'>corporis</span> <span class='ocrx_word' id='word_1_135' title='bbox 1437 1914 1575 1967; x_wconf 85' lang='lat' dir='ltr'>partes</span> 
     </span>
     <span class='ocr_line' id='line_1_16' title="bbox 74 1981 1571 2038; baseline 0.001 -16"><span class='ocrx_word' id='word_1_136' title='bbox 74 1981 220 2034; x_wconf 90' lang='lat' dir='ltr'>quibus</span> <span class='ocrx_word' id='word_1_137' title='bbox 242 1983 398 2035; x_wconf 88' lang='lat' dir='ltr'>percuti</span> <span class='ocrx_word' id='word_1_138' title='bbox 422 1985 462 2024; x_wconf 86' lang='lat' dir='ltr'>et</span> <span class='ocrx_word' id='word_1_139' title='bbox 485 1984 692 2025; x_wconf 79' lang='lat' dir='ltr'>uulnerari</span> <span class='ocrx_word' id='word_1_140' title='bbox 714 1996 931 2036; x_wconf 86' lang='lat' dir='ltr'>possumus</span> <span class='ocrx_word' id='word_1_141' title='bbox 953 1984 1149 2038; x_wconf 81' lang='lat' dir='ltr'>dirigenti</span> <span class='ocrx_word' id='word_1_142' title='bbox 1172 1984 1351 2025; x_wconf 75' lang='lat' dir='ltr'>sollicita</span> <span class='ocrx_word' id='word_1_143' title='bbox 1382 1985 1422 2024; x_wconf 90' lang='lat' dir='ltr'>et</span> <span class='ocrx_word' id='word_1_144' title='bbox 1453 1982 1571 2036; x_wconf 84' lang='lat' dir='ltr'>plena</span> 
     </span>
     <span class='ocr_line' id='line_1_17' title="bbox 76 2049 1574 2106; baseline 0.001 -16"><span class='ocrx_word' id='word_1_145' title='bbox 76 2049 293 2104; x_wconf 77' lang='lat' dir='ltr'>uigilantia</span> <span class='ocrx_word' id='word_1_146' title='bbox 316 2065 587 2106; x_wconf 82' lang='lat' dir='ltr'>repugnemus</span> <span class='ocrx_word' id='word_1_147' title='bbox 611 2053 833 2094; x_wconf 73' lang='lat' dir='ltr'>secuudum</span> <span class='ocrx_word' id='word_1_148' title='bbox 855 2053 962 2106; x_wconf 82' lang='lat' dir='ltr'>quod</span> <span class='ocrx_word' id='word_1_149' title='bbox 994 2053 1142 2094; x_wconf 83' lang='lat' dir='ltr'>Petrus</span> <span class='ocrx_word' id='word_1_150' title='bbox 1173 2053 1381 2105; x_wconf 82' lang='lat' dir='ltr'>apostolus</span> <span class='ocrx_word' id='word_1_151' title='bbox 1413 2052 1455 2093; x_wconf 90' lang='lat' dir='ltr'>in</span> <span class='ocrx_word' id='word_1_152' title='bbox 1487 2051 1574 2104; x_wconf 89' lang='lat' dir='ltr'>epi-</span> 
     </span>
     <span class='ocr_line' id='line_1_18' title="bbox 76 2118 1578 2176; baseline 0.003 -17"><span class='ocrx_word' id='word_1_153' title='bbox 76 2118 184 2160; x_wconf 84' lang='lat' dir='ltr'>stula</span> <span class='ocrx_word' id='word_1_154' title='bbox 205 2132 277 2161; x_wconf 81' lang='lat' dir='ltr'>sua</span> <span class='ocrx_word' id='word_1_155' title='bbox 298 2123 533 2173; x_wconf 83' lang='lat' dir='ltr'>praemonet</span> <span class='ocrx_word' id='word_1_156' title='bbox 555 2123 597 2163; x_wconf 91' lang='lat' dir='ltr'>et</span> <span class='ocrx_word' id='word_1_157' title='bbox 617 2122 735 2163; x_wconf 88' lang='lat' dir='ltr'>docet</span> <span class='ocrx_word' id='word_1_158' title='bbox 756 2122 913 2164; x_wconf 89' lang='lat' dir='ltr'>dicens:</span> <span class='ocrx_word' id='word_1_159' title='bbox 938 2122 1097 2163; x_wconf 89' lang='lat' dir='ltr'>sobrii</span> <span class='ocrx_word' id='word_1_160' title='bbox 1120 2124 1310 2171; x_wconf 84' lang='lat' dir='ltr'>estote,</span> <span class='ocrx_word' id='word_1_161' title='bbox 1334 2121 1578 2176; x_wconf 78' lang='lat' dir='ltr'>uigilate.</span> 
     </span>
     <span class='ocr_line' id='line_1_19' title="bbox 77 2188 1578 2245; baseline 0.003 -16"><span class='ocrx_word' id='word_1_162' title='bbox 77 2188 191 2240; x_wconf 80' lang='lat' dir='ltr'>quia</span> <span class='ocrx_word' id='word_1_163' title='bbox 222 2189 560 2232; x_wconf 81' lang='lat' dir='ltr'>aduersarius</span> <span class='ocrx_word' id='word_1_164' title='bbox 594 2194 771 2233; x_wconf 90' lang='lat' dir='ltr'>uester</span> <span class='ocrx_word' id='word_1_165' title='bbox 802 2191 1047 2233; x_wconf 81' lang='lat' dir='ltr'>diabolus</span> <span class='ocrx_word' id='word_1_166' title='bbox 1079 2194 1336 2245; x_wconf 80' lang='lat' dir='ltr'>tamquam</span> <span class='ocrx_word' id='word_1_167' title='bbox 1379 2192 1456 2233; x_wconf 90' lang='lat' dir='ltr'>leo</span> <span class='ocrx_word' id='word_1_168' title='bbox 1498 2206 1578 2233; x_wconf 91' lang='lat' dir='ltr'>ru-</span> 
     </span>
     <span class='ocr_line' id='line_1_20' title="bbox 35 2256 1262 2314; baseline 0.003 -16"><span class='ocrx_word' id='word_1_169' title='bbox 35 2256 224 2311; x_wconf 68' lang='lat' dir='ltr'>nogiens</span> <span class='ocrx_word' id='word_1_170' title='bbox 255 2258 463 2312; x_wconf 79' lang='lat' dir='ltr'>aliquid</span> <span class='ocrx_word' id='word_1_171' title='bbox 495 2260 742 2302; x_wconf 81' lang='lat' dir='ltr'>deuorare</span> <span class='ocrx_word' id='word_1_172' title='bbox 773 2274 1026 2314; x_wconf 77' lang='lat' dir='ltr'>quaerens</span> <span class='ocrx_word' id='word_1_173' title='bbox 1059 2261 1262 2303; x_wconf 88' lang='lat' dir='ltr'>circuit.</span> 
     </span>
    </p>
   </div>
   <div class='ocr_carea' id='block_1_3' title="bbox 211 2397 513 2439">
    <p class='ocr_par' dir='ltr' id='par_1_4' title="bbox 211 2397 513 2439">
     <span class='ocr_line' id='line_1_21' title="bbox 211 2397 513 2439; baseline 0.003 -9"><span class='ocrx_word' id='word_1_174' title='bbox 211 2398 254 2431; x_wconf 70' lang='lat'>18</span> <span class='ocrx_word' id='word_1_175' title='bbox 282 2397 292 2430; x_wconf 96' lang='lat' dir='ltr'>l</span> <span class='ocrx_word' id='word_1_176' title='bbox 316 2398 411 2431; x_wconf 73' lang='lat' dir='ltr'>Petr.</span> <span class='ocrx_word' id='word_1_177' title='bbox 430 2399 462 2439; x_wconf 82' lang='lat'>5,</span> <span class='ocrx_word' id='word_1_178' title='bbox 481 2400 513 2432; x_wconf 71' lang='grc' dir='ltr'>ὅ.</span> 
     </span>
    </p>
   </div>
   <div class='ocr_carea' id='block_1_4' title="bbox 74 2526 1581 3028">
    <p class='ocr_par' dir='ltr' id='par_1_5' title="bbox 74 2526 1581 2973">
     <span class='ocr_line' id='line_1_22' title="bbox 141 2526 1581 2570; baseline 0.001 -12"><span class='ocrx_word' id='word_1_179' title='bbox 141 2534 282 2559; x_wconf 77' lang='lat' dir='ltr'>INCIPIT</span> <span class='ocrx_word' id='word_1_180' title='bbox 302 2536 347 2559; x_wconf 77' lang='lat' dir='ltr'>m:</span> <span class='ocrx_word' id='word_1_181' title='bbox 365 2536 453 2560; x_wconf 68' lang='lat' dir='ltr'>zeno</span> <span class='ocrx_word' id='word_1_182' title='bbox 474 2536 516 2560; x_wconf 75' lang='grc' dir='ltr'>ΕΤ</span> <span class='ocrx_word' id='word_1_183' title='bbox 535 2536 673 2560; x_wconf 69' lang='lat' dir='ltr'>nvom-3</span> <span class='ocrx_word' id='word_1_184' title='bbox 691 2529 841 2563; x_wconf 61' lang='lat' dir='ltr'>(unone</span> <span class='ocrx_word' id='word_1_185' title='bbox 858 2526 907 2570; x_wconf 79' lang='grc'>1))</span> <span class='ocrx_word' id='word_1_186' title='bbox 924 2527 1058 2561; x_wconf 82' lang='lat' dir='ltr'>WDM</span> <span class='ocrx_word' id='word_1_187' title='bbox 1062 2527 1095 2560; x_wconf 83' lang='grc' dir='ltr'><strong><em>Β</em></strong></span> <span class='ocrx_word' id='word_1_188' title='bbox 1164 2529 1186 2560; x_wconf 74' lang='lat'><strong>2</strong></span> <span class='ocrx_word' id='word_1_189' title='bbox 1212 2526 1363 2561; x_wconf 82' lang='lat' dir='ltr'>inuideri</span> <span class='ocrx_word' id='word_1_190' title='bbox 1388 2526 1435 2560; x_wconf 94' lang='lat' dir='ltr'><em>W</em></span> <span class='ocrx_word' id='word_1_191' title='bbox 1506 2526 1581 2559; x_wconf 86' lang='lat' dir='ltr'>leue</span> 
     </span>
     <span class='ocr_line' id='line_1_23' title="bbox 75 2581 1580 2629; baseline 0.001 -14"><span class='ocrx_word' id='word_1_192' title='bbox 75 2582 109 2615; x_wconf 86' lang='lat' dir='ltr'>et</span> <span class='ocrx_word' id='word_1_193' title='bbox 122 2581 292 2617; x_wconf 85' lang='lat' dir='ltr'>modicum</span> <span class='ocrx_word' id='word_1_194' title='bbox 311 2583 404 2628; x_wconf 85' lang='lat' dir='ltr'>apud</span> <span class='ocrx_word' id='word_1_195' title='bbox 421 2595 454 2627; x_wconf 84' lang='lat' dir='ltr'>q.</span> <span class='ocrx_word' id='word_1_196' title='bbox 474 2596 494 2619; x_wconf 79' lang='lat' dir='ltr'><em>v</em></span> <span class='ocrx_word' id='word_1_197' title='bbox 558 2585 576 2617; x_wconf 74' lang='lat'>7</span> <span class='ocrx_word' id='word_1_198' title='bbox 595 2584 748 2629; x_wconf 62' lang='lat' dir='ltr'>adfligit!</span> <span class='ocrx_word' id='word_1_199' title='bbox 768 2584 890 2618; x_wconf 83' lang='lat' dir='ltr'>adficit</span> <span class='ocrx_word' id='word_1_200' title='bbox 902 2584 940 2618; x_wconf 90' lang='grc' dir='ltr'>Ι)</span> <span class='ocrx_word' id='word_1_201' title='bbox 1001 2586 1023 2617; x_wconf 79' lang='grc'>8</span> <span class='ocrx_word' id='word_1_202' title='bbox 1042 2595 1103 2618; x_wconf 87' lang='lat' dir='ltr'>nos</span> <span class='ocrx_word' id='word_1_203' title='bbox 1121 2596 1194 2618; x_wconf 84' lang='lat' dir='ltr'>esse</span> <span class='ocrx_word' id='word_1_204' title='bbox 1208 2585 1263 2620; x_wconf 88' lang='lat' dir='ltr'>M.</span> <span class='ocrx_word' id='word_1_205' title='bbox 1283 2595 1344 2618; x_wconf 81' lang='lat' dir='ltr'>nos</span> <span class='ocrx_word' id='word_1_206' title='bbox 1356 2584 1389 2617; x_wconf 87' lang='lat' dir='ltr'><em>B</em></span> <span class='ocrx_word' id='word_1_207' title='bbox 1452 2586 1472 2616; x_wconf 73' lang='lat'>9</span> <span class='ocrx_word' id='word_1_208' title='bbox 1491 2594 1580 2616; x_wconf 86' lang='lat' dir='ltr'>sem-</span> 
     </span>
     <span class='ocr_line' id='line_1_24' title="bbox 74 2639 1510 2686; baseline 0.001 -14"><span class='ocrx_word' id='word_1_209' title='bbox 74 2648 133 2683; x_wconf 84' lang='lat' dir='ltr'>per</span> <span class='ocrx_word' id='word_1_210' title='bbox 150 2639 225 2683; x_wconf 90' lang='lat' dir='ltr'>ipse</span> <span class='ocrx_word' id='word_1_211' title='bbox 242 2651 307 2674; x_wconf 85' lang='lat' dir='ltr'>om.</span> <span class='ocrx_word' id='word_1_212' title='bbox 323 2641 380 2676; x_wconf 84' lang='lat' dir='ltr'><em>I).-</em></span> <span class='ocrx_word' id='word_1_213' title='bbox 409 2641 484 2685; x_wconf 82' lang='lat' dir='ltr'>ipse</span> <span class='ocrx_word' id='word_1_214' title='bbox 501 2652 566 2675; x_wconf 82' lang='lat' dir='ltr'>om.</span> <span class='ocrx_word' id='word_1_215' title='bbox 589 2653 605 2675; x_wconf 82' lang='lat'>1·</span> <span class='ocrx_word' id='word_1_216' title='bbox 700 2642 744 2675; x_wconf 90' lang='grc'>10</span> <span class='ocrx_word' id='word_1_217' title='bbox 768 2641 925 2686; x_wconf 84' lang='lat' dir='ltr'>obrepsit</span> <span class='ocrx_word' id='word_1_218' title='bbox 944 2642 1187 2676; x_wconf 82' lang='lat' dir='ltr'>WMBVD&#39;.</span> <span class='ocrx_word' id='word_1_219' title='bbox 1214 2641 1412 2684; x_wconf 80' lang='lat' dir='ltr'>obrepserit</span> <span class='ocrx_word' id='word_1_220' title='bbox 1432 2641 1510 2674; x_wconf 61' lang='lat' dir='ltr'>mv</span> 
     </span>
     <span class='ocr_line' id='line_1_25' title="bbox 75 2695 1510 2744; baseline 0.001 -14"><span class='ocrx_word' id='word_1_221' title='bbox 75 2695 117 2730; x_wconf 89' lang='lat'>11</span> <span class='ocrx_word' id='word_1_222' title='bbox 141 2700 334 2741; x_wconf 78' lang='lat' dir='ltr'>exaggerat</span> <span class='ocrx_word' id='word_1_223' title='bbox 357 2700 391 2732; x_wconf 85' lang='lat' dir='ltr'><em>B</em></span> <span class='ocrx_word' id='word_1_224' title='bbox 484 2701 520 2732; x_wconf 86' lang='lat' dir='ltr'>et</span> <span class='ocrx_word' id='word_1_225' title='bbox 536 2700 638 2738; x_wconf 76' lang='lat' dir='ltr'>(autc</span> <span class='ocrx_word' id='word_1_226' title='bbox 659 2699 757 2744; x_wconf 84' lang='lat' dir='ltr'>dum)</span> <span class='ocrx_word' id='word_1_227' title='bbox 777 2700 851 2734; x_wconf 70' lang='lat' dir='ltr'>Ds.</span> <span class='ocrx_word' id='word_1_228' title='bbox 868 2700 888 2733; x_wconf 91' lang='lat' dir='ltr'>l.</span> <span class='ocrx_word' id='word_1_229' title='bbox 904 2711 947 2733; x_wconf 81' lang='lat' dir='ltr'>m.</span> <span class='ocrx_word' id='word_1_230' title='bbox 964 2704 1007 2736; x_wconf 69' lang='lat'>2.</span> <span class='ocrx_word' id='word_1_231' title='bbox 1035 2702 1075 2733; x_wconf 85' lang='lat' dir='ltr'>ut</span> <span class='ocrx_word' id='word_1_232' title='bbox 1090 2700 1137 2733; x_wconf 92' lang='lat' dir='ltr'><em>M</em></span> <span class='ocrx_word' id='word_1_233' title='bbox 1244 2700 1284 2732; x_wconf 76' lang='lat'>12</span> <span class='ocrx_word' id='word_1_234' title='bbox 1309 2699 1356 2742; x_wconf 74' lang='lat' dir='ltr'>etl</span> <span class='ocrx_word' id='word_1_235' title='bbox 1382 2701 1445 2732; x_wconf 85' lang='lat' dir='ltr'>aut</span> <span class='ocrx_word' id='word_1_236' title='bbox 1466 2699 1510 2732; x_wconf 87' lang='lat' dir='ltr'><em>M</em></span> 
     </span>
     <span class='ocr_line' id='line_1_26' title="bbox 76 2753 1577 2799; baseline 0.001 -11"><span class='ocrx_word' id='word_1_237' title='bbox 76 2753 118 2788; x_wconf 83' lang='lat'>14</span> <span class='ocrx_word' id='word_1_238' title='bbox 142 2755 389 2790; x_wconf 84' lang='lat' dir='ltr'>elaborandum</span> <span class='ocrx_word' id='word_1_239' title='bbox 412 2758 464 2790; x_wconf 80' lang='lat' dir='ltr'>est</span> <span class='ocrx_word' id='word_1_240' title='bbox 480 2756 516 2790; x_wconf 82' lang='lat' dir='ltr'>I)</span> <span class='ocrx_word' id='word_1_241' title='bbox 612 2757 653 2791; x_wconf 82' lang='lat'>15</span> <span class='ocrx_word' id='word_1_242' title='bbox 679 2757 840 2791; x_wconf 82' lang='lat' dir='ltr'>mittenti</span> <span class='ocrx_word' id='word_1_243' title='bbox 862 2757 976 2791; x_wconf 80' lang='lat' dir='ltr'>iacula</span> <span class='ocrx_word' id='word_1_244' title='bbox 999 2757 1043 2791; x_wconf 93' lang='lat' dir='ltr'><em>M</em></span> <span class='ocrx_word' id='word_1_245' title='bbox 1049 2758 1061 2776; x_wconf 80' lang='lat'>²</span> <span class='ocrx_word' id='word_1_246' title='bbox 1130 2757 1245 2790; x_wconf 80' lang='lat' dir='ltr'>omnis</span> <span class='ocrx_word' id='word_1_247' title='bbox 1267 2756 1304 2790; x_wconf 89' lang='lat' dir='ltr'><em>D</em></span> <span class='ocrx_word' id='word_1_248' title='bbox 1398 2756 1439 2789; x_wconf 72' lang='lat'>16</span> <span class='ocrx_word' id='word_1_249' title='bbox 1466 2755 1577 2799; x_wconf 80' lang='lat' dir='ltr'>bossi-</span> 
     </span>
     <span class='ocr_line' id='line_1_27' title="bbox 76 2812 1575 2859; baseline 0.001 -14"><span class='ocrx_word' id='word_1_250' title='bbox 76 2820 150 2845; x_wconf 89' lang='lat' dir='ltr'>mus</span> <span class='ocrx_word' id='word_1_251' title='bbox 164 2812 211 2846; x_wconf 92' lang='lat' dir='ltr'><em>M</em></span> <span class='ocrx_word' id='word_1_252' title='bbox 300 2814 487 2859; x_wconf 79' lang='lat' dir='ltr'>dirigenti]</span> <span class='ocrx_word' id='word_1_253' title='bbox 506 2814 673 2858; x_wconf 73' lang='lat' dir='ltr'>diligenti</span> <span class='ocrx_word' id='word_1_254' title='bbox 697 2826 735 2848; x_wconf 79' lang='lat' dir='ltr'>ac</span> <span class='ocrx_word' id='word_1_255' title='bbox 758 2815 805 2848; x_wconf 90' lang='lat' dir='ltr'><em>M</em></span> <span class='ocrx_word' id='word_1_256' title='bbox 820 2815 883 2849; x_wconf 68' lang='lat' dir='ltr'>sed</span> <span class='ocrx_word' id='word_1_257' title='bbox 905 2825 944 2848; x_wconf 66' lang='lat' dir='ltr'>arc</span> <span class='ocrx_word' id='word_1_258' title='bbox 964 2827 991 2848; x_wconf 67' lang='grc' dir='ltr'>κ.</span> <span class='ocrx_word' id='word_1_259' title='bbox 1006 2815 1026 2848; x_wconf 86' lang='lat' dir='ltr'>l.</span> <span class='ocrx_word' id='word_1_260' title='bbox 1049 2826 1093 2848; x_wconf 85' lang='lat' dir='ltr'>m.</span> <span class='ocrx_word' id='word_1_261' title='bbox 1109 2817 1134 2848; x_wconf 78' lang='lat'><em>2</em></span> <span class='ocrx_word' id='word_1_262' title='bbox 1244 2815 1287 2847; x_wconf 68' lang='lat'>18</span> <span class='ocrx_word' id='word_1_263' title='bbox 1312 2815 1514 2857; x_wconf 78' lang='lat' dir='ltr'>praemonet</span> <span class='ocrx_word' id='word_1_264' title='bbox 1540 2813 1575 2846; x_wconf 91' lang='lat' dir='ltr'>in</span> 
     </span>
     <span class='ocr_line' id='line_1_28' title="bbox 77 2869 1574 2916; baseline 0 -13"><span class='ocrx_word' id='word_1_265' title='bbox 77 2869 251 2913; x_wconf 77' lang='lat' dir='ltr'>aepistula</span> <span class='ocrx_word' id='word_1_266' title='bbox 272 2882 335 2905; x_wconf 86' lang='lat' dir='ltr'>sua</span> <span class='ocrx_word' id='word_1_267' title='bbox 351 2871 399 2905; x_wconf 86' lang='lat' dir='ltr'><em>M</em></span> <span class='ocrx_word' id='word_1_268' title='bbox 479 2874 514 2905; x_wconf 86' lang='lat' dir='ltr'>et</span> <span class='ocrx_word' id='word_1_269' title='bbox 534 2872 686 2914; x_wconf 74' lang='lat' dir='ltr'>uigilate</span> <span class='ocrx_word' id='word_1_270' title='bbox 707 2872 884 2906; x_wconf 75' lang='lat' dir='ltr'><em>M1D²Bv</em></span> <span class='ocrx_word' id='word_1_271' title='bbox 978 2874 1023 2905; x_wconf 72' lang='lat'>20</span> <span class='ocrx_word' id='word_1_272' title='bbox 1047 2871 1183 2916; x_wconf 84' lang='lat' dir='ltr'>aliquid</span> <span class='ocrx_word' id='word_1_273' title='bbox 1207 2872 1256 2905; x_wconf 90' lang='lat' dir='ltr'><em>W</em></span> <span class='ocrx_word' id='word_1_274' title='bbox 1259 2871 1343 2905; x_wconf 80' lang='lat' dir='ltr'>DM</span> <span class='ocrx_word' id='word_1_275' title='bbox 1346 2871 1379 2904; x_wconf 80' lang='lat' dir='ltr'><em>R</em></span> <span class='ocrx_word' id='word_1_276' title='bbox 1387 2870 1432 2905; x_wconf 80' lang='lat' dir='ltr'>V.</span> <span class='ocrx_word' id='word_1_277' title='bbox 1460 2872 1495 2903; x_wconf 72' lang='lat' dir='ltr'>ct</span> <span class='ocrx_word' id='word_1_278' title='bbox 1514 2870 1574 2904; x_wconf 75' lang='lat' dir='ltr'>ali-</span> 
     </span>
     <span class='ocr_line' id='line_1_29' title="bbox 79 2925 1088 2973; baseline 0.002 -13"><span class='ocrx_word' id='word_1_279' title='bbox 79 2925 161 2969; x_wconf 83' lang='lat' dir='ltr'>quid</span> <span class='ocrx_word' id='word_1_280' title='bbox 180 2928 239 2961; x_wconf 83' lang='lat' dir='ltr'>uel</span> <span class='ocrx_word' id='word_1_281' title='bbox 259 2929 414 2972; x_wconf 83' lang='lat' dir='ltr'>aliquem</span> <span class='ocrx_word' id='word_1_282' title='bbox 439 2941 456 2962; x_wconf 75' lang='grc' dir='ltr'>ι·</span> <span class='ocrx_word' id='word_1_283' title='bbox 528 2930 655 2963; x_wconf 82' lang='lat' dir='ltr'>circuit</span> <span class='ocrx_word' id='word_1_284' title='bbox 674 2934 753 2973; x_wconf 74' lang='lat' dir='ltr'>post</span> <span class='ocrx_word' id='word_1_285' title='bbox 777 2931 919 2973; x_wconf 75' lang='lat' dir='ltr'>rugiens</span> <span class='ocrx_word' id='word_1_286' title='bbox 940 2930 1044 2973; x_wconf 72' lang='lat' dir='ltr'>poni!</span> <span class='ocrx_word' id='word_1_287' title='bbox 1072 2941 1088 2962; x_wconf 72' lang='lat' dir='ltr'>n</span> 
     </span>
    </p>

    <p class='ocr_par' dir='ltr' id='par_1_6' title="bbox 1214 2988 1304 3028">
     <span class='ocr_line' id='line_1_30' title="bbox 1214 2988 1304 3028; baseline 0 0"><span class='ocrx_word' id='word_1_288' title='bbox 1214 2988 1266 3028; x_wconf 70' lang='lat'>‘27</span> <span class='ocrx_word' id='word_1_289' title='bbox 1283 2988 1304 3010; x_wconf 77' lang='lat'><em>*</em></span> 
     </span>
    </p>
   </div>
  </div>
 </body>
</html>
