1838 3152
590 257 826 302 Epistulae
853 259 1061 295 LXXVII.
1087 272 1114 296 c.
1143 264 1238 297 1—3.
1572 263 1654 308 835

168 361 346 416 spiritali
383 362 520 416 gladio
556 361 766 404 diabolum
800 362 1058 413 interfecisti,
1094 365 1260 418 agmina
1292 379 1449 420 quoque
1480 366 1653 409 fratrum

168 430 263 472 hinc
283 431 324 471 et
344 430 437 472 inde
466 429 603 471 uerbis
632 430 716 471 tuis
738 430 1000 484 conposuisti‚
1033 433 1080 473 ut
1102 432 1272 474 insidiae
1293 434 1458 477 inimico
1480 436 1656 489 undique

167 499 431 541 tenderentur
451 499 493 540 et
514 498 712 540 cadauera
732 498 861 552 ipsius
882 499 1037 552 publici
1059 500 1187 542 hostis
1209 503 1250 543 et
1270 503 1383 544 nerui
1406 493 1553 546 condsi
1575 505 1657 546 cal-

167 567 368 610 carentur.
400 567 517 609 crede
549 566 679 617 nobie,
711 566 933 621 carissime,
967 568 1158 621 quoniam
1188 581 1266 611 non
1299 573 1361 613 est
1389 584 1412 613 a
1440 573 1657 615 centesimo

139 636 351 691 apraemio
394 636 527 677 minor
560 636 633 677 tua
667 635 859 677 innocens
893 636 1043 685 anima,
1084 650 1184 690 quae
1216 651 1288 680 nec
1321 640 1472 682 saeculi
1507 642 1659 695 primos

168 705 333 759 inpetus
354 704 498 759 timuit
518 716 591 746 nec
612 704 671 745 ire
692 703 734 745 in
753 704 923 745 exilium
945 705 1152 747 recusauit
1172 719 1244 748 nec
1266 707 1491 761 relinquere
1512 710 1658 752 ciuita-

168 775 252 815 tem
289 773 500 815 dubitauit
535 785 607 814 nec
638 772 679 814 in
711 772 869 814 deserto
901 773 987 814 loco
1021 774 1171 815 morari
1207 775 1364 817 horruit
1395 778 1435 818 et
1466 778 1659 830 quoniam

168 842 313 884 multis
351 841 641 883 documentum
677 840 941 882 confessionis
978 841 1104 891 dedit,
1142 843 1232 896 ipsa
1267 845 1514 898 martyrium
1551 846 1659 899 prior

169 911 298 952 duxit.
331 911 430 963 quot
459 909 569 951 enim
590 909 641 950 ad
662 909 861 963 martyria
889 909 1074 952 facienda
1103 911 1287 964 exemplo
1308 924 1379 954 suo
1401 915 1659 966 prouocauit:

122 994 156 1020 10
168 982 209 1022 et
225 993 304 1022 non
320 980 483 1020 tantum
504 979 736 1032 martyrum
752 978 802 1019 de
818 978 976 1020 saeculo
998 979 1081 1020 iam
1102 980 1383 1022 excedentium
1405 982 1555 1024 sociata
1575 995 1661 1025 esse

168 1049 315 1102 coepit,
338 1047 408 1089 sed
431 1049 472 1089 et
493 1059 587 1089 cum
609 1046 761 1088 futuris
783 1046 999 1088 caelestem
1022 1047 1251 1090 amicitiam
1274 1049 1495 1102 copulauit.

226 1117 370 1172 Agunt
400 1127 494 1171 ergo
522 1115 602 1157 tibi
623 1115 836 1157 nobiscum
858 1115 1044 1157 damnati
1065 1117 1263 1158 maximas
1285 1118 1392 1171 apud
1414 1119 1546 1161 Deum
1568 1133 1661 1174 gra·
1678 1125 1701 1166 3

169 1187 262 1236 tias,
286 1185 488 1240 Cypriane
523 1184 746 1234 carissime,
784 1182 891 1237 quod
927 1184 1078 1226 litteris
1113 1185 1195 1226 tuis
1232 1187 1461 1229 laborantia
1499 1191 1661 1242 pectora

169 1254 376 1304 recreasti,
408 1253 588 1295 fustibus
617 1251 834 1294 uulnerata
863 1253 1048 1294 membra
1075 1254 1241 1304 curasti,
1273 1255 1519 1309 conpedibus
1544 1257 1663 1310 pedes

124 1337 156 1362 15
174 1324 325 1379 ligatos
355 1322 574 1375 resoluisti,
605 1321 839 1364 semitonsis
869 1321 1073 1376 capitibus
1101 1322 1389 1376 capillaturam
1411 1323 1662 1378 adaequasti,

168 1392 358 1434 tenebras
381 1392 550 1433 carceris
572 1390 846 1440 inluminasti,
879 1392 1037 1432 montes
1059 1391 1218 1432 metalli
1239 1392 1281 1433 in
1302 1392 1422 1446 plana
1444 1393 1661 1445 deduxisti,

169 1462 337 1504 naribus
359 1461 486 1502 etiam
507 1459 736 1514 fragrantes
758 1459 876 1501 flores
898 1459 1117 1513 inposuisti
1139 1462 1179 1501 et
1196 1462 1351 1502 tetrum
1373 1461 1535 1503 odorem
1558 1461 1662 1504 fumi

169 1531 414 1573 discussisti.
446 1529 543 1572 fecit
572 1530 711 1571 autem
734 1530 774 1570 et
795 1530 1058 1582 prosecutum
1088 1531 1149 1570 est
1179 1529 1455 1571 ministerium
1483 1531 1602 1572 tuum
1623 1532 1662 1572 et

171 1599 331 1652 Quirini
353 1598 615 1641 dilectissimi
635 1598 778 1648 nostri,
801 1598 907 1651 quod
924 1610 995 1651 per
1011 1598 1317 1639 Herennianum
1338 1598 1661 1652 hypodiaconum

122 1682 157 1707 20
171 1670 212 1711 et
233 1669 507 1710 Lucanum‘et
527 1667 756 1709 Maximum
778 1667 818 1708 et
839 1666 1083 1708 Amantium
1105 1666 1313 1708 acoluthos
1335 1666 1664 1708 distribuendum

170 1737 334 1787 misisti,
364 1749 643 1791 quaecumque
663 1735 979 1778 necessitatibus
1004 1747 1215 1789 corporum
1237 1735 1450 1777 defuerant
1473 1735 1664 1789 expediri.

237 1885 259 1920 2
277 1886 334 1920 inc
350 1886 373 1920 Ιι
512 1883 630 1919 uerbis
651 1911 657 1917 .
675 1910 680 1916 .
696 1911 704 1918 .
724 1883 875 1918 insidiae
892 1884 1023 1928 repetit
1042 1883 1073 1917 T
1212 1883 1348 1918 inimici
1367 1897 1387 1917 ν
1525 1884 1547 1918 3
1564 1883 1663 1918 cada-

171 1944 264 1978 ueris
283 1943 360 1977 Brv
533 1942 695 1987 publicae
718 1943 771 1977 Th
948 1941 1061 1975 hostis
1079 1941 1127 1986 et]
1146 1941 1259 1975 hostis
1279 1941 1453 1985 ΒΤνμνυ,
1470 1941 1582 1975 hortis
1599 1941 1621 1974 Ιι

170 2001 287 2035 neruis
305 2001 372 2045 ¹nstv
549 1999 697 2034 concisis
715 1999 793 2043 μ’ν,
811 2009 876 2034 om.
895 2000 916 2043 β
1091 1999 1113 2033 4
1133 1998 1233 2032 nobis
1251 1998 1433 2032 carissime
1450 2008 1514 2032 om.
1540 1998 1617 2042 Τὴμ

169 2061 225 2093 est
241 2069 307 2092 om.
326 2059 347 2104 β
524 2058 546 2092 5
562 2058 677 2102 prima
695 2070 716 2091 ν
890 2057 911 2090 6
929 2056 1125 2090 recussauit
1141 2056 1172 2089 T
1346 2055 1365 2089 7
1383 2056 1592 2089 commorari
1611 2067 1664 2092 vir,

171 2116 259 2150 mori
276 2127 296 2150 r
478 2115 500 2150 8
518 2115 593 2159 ipse
610 2126 631 2149 r
813 2115 835 2148 9
851 2114 942 2149 dixit
963 2113 1079 2154 T¹Bh‚
1097 2113 1205 2147 discit
1222 2123 1242 2147 r
1424 2114 1510 2156 quot
1525 2113 1666 2156 scripsi,

169 2173 263 2218 quod
282 2173 373 2218 ΤΙιμ,
392 2173 480 2207 alios
499 2173 666 2218 ΒΗνβνυ
835 2171 1007 2216 facienda]
1027 2170 1196 2215 pacienda
1214 2181 1233 2205 r
1402 2169 1446 2204 10
1462 2171 1498 2204 et
1515 2180 1578 2204 om.
1599 2182 1620 2213 μ

170 2230 306 2265 sociata
333 2231 475 2275 scripsi,
506 2230 600 2265 socia
612 2230 732 2275 Ηβνυ,
761 2229 889 2264 solatia
908 2229 948 2269 T,
977 2228 1144 2263 solatium
1162 2242 1197 2272 μ,
1228 2228 1377 2263 solacios
1394 2227 1428 2269 h,
1458 2227 1571 2261 socius
1591 2226 1667 2261 ΒΥ.-

169 2289 218 2331 cf.
231 2300 270 2333 p.
287 2291 421 2332 549,16
569 2288 614 2322 12
631 2287 791 2322 damnati
808 2298 873 2321 om.
895 2286 948 2321 Br
1085 2275 1172 2320 ᾱιῖῗιῖ
1190 2286 1269 2330 Thu
1418 2284 1460 2318 13
1477 2283 1669 2327 carissime]

169 2345 403 2380 dilectissime
422 2345 522 2380 Brvv
630 2346 673 2379 15
690 2344 872 2379 semitonsi
890 2344 960 2378 BT
1066 2343 1194 2387 capitis
1213 2354 1233 2377 v
1341 2341 1554 2386 capillatura
1571 2339 1625 2374 Br

171 2403 380 2447 adaequasti
397 2403 500 2437 illum
517 2403 562 2437 H
682 2402 724 2437 16
741 2402 886 2447 planum
905 2401 1077 2445 ΒΗνμνυ
1193 2400 1234 2434 17
1253 2399 1445 2443 flagrantes
1462 2398 1494 2438 h,
1512 2397 1670 2441 fraglan-

171 2463 227 2495 tes
244 2460 308 2505 Ηβ
315 2462 335 2502 ¹,
354 2460 589 2506 flagrantibus
607 2460 664 2495 Br
822 2459 965 2494 floribus
984 2458 1039 2492 Br
1201 2457 1243 2491 18
1259 2455 1472 2500 discussisti]
1491 2453 1669 2489 exclusisti

173 2518 341 2564 ΒΗνβνυ
449 2520 672 2563 persecutum
688 2528 731 2552 rv
839 2518 894 2551 est
911 2527 976 2551 om.
996 2516 1107 2556 Brvv,
1126 2517 1163 2549 et
1180 2527 1204 2558 μ
1315 2514 1357 2547 19
1374 2512 1501 2556 nostri]
1520 2522 1580 2545 nos
1598 2510 1629 2544 Τ

172 2587 233 2621 per
249 2587 314 2611 om.
334 2577 355 2621 β
573 2575 819 2610 hei-renianum
842 2575 881 2616 T,
901 2573 1115 2608 hennianum
1133 2572 1193 2616 Ιιμ,
1212 2570 1349 2605 felicem
1368 2569 1605 2603 heremianum
1624 2567 1668 2606 Β,

172 2633 310 2668 felicem
327 2633 584 2668 hiereinianum
601 2644 621 2667 r
751 2631 983 2677 ypodiaconos
1001 2631 1037 2665 B
1172 2628 1218 2663 20
1233 2627 1410 2662 lucianum
1429 2626 1506 2660 Brv
1635 2627 1671 2658 et

173 2691 371 2725 amantium
386 2692 453 2725 om.
473 2703 505 2731 ν,
523 2692 560 2725 et
576 2689 802 2735 augustalem
826 2690 862 2723 et
878 2687 1077 2722 amantium
1095 2686 1152 2721 Br
1275 2683 1445 2719 acholitos
1467 2682 1498 2716 T
1511 2692 1547 2716 os
1566 2692 1613 2716 ex
1630 2681 1672 2719 is,

172 2748 416 2793 presbyterum
434 2748 491 2782 Br
626 2749 669 2782 21
692 2746 895 2781 necessitati
915 2745 971 2780 Br
1109 2742 1262 2787 corporis
1281 2741 1342 2786 Πβ
1478 2738 1666 2773 defuerunt

178 2806 258 2850 ΤΙιμ
398 2832 407 2840 .
426 2805 591 2850 Expediti
610 2816 730 2840 sumus
748 2816 768 2839 r

1310 2856 1365 2898 53
1382 2857 1403 2879 *
