1838 3152
456 239 726 275 Sententiae
752 238 1063 283 episcoporum
1089 250 1146 272 nr.
1173 240 1320 273 25-29,
1550 241 1633 282 447

123 345 385 387 lauatione
416 343 557 386 eius?
603 342 711 396 quod
747 342 889 395 utique
925 342 974 383 de
1010 341 1074 382 his
1115 342 1184 395 qui
1226 343 1276 383 ab
1318 343 1534 385 haereticis
1571 342 1636 384 in-

123 413 371 468 tinguuntur
415 414 455 454 et
499 412 548 453 de
596 410 884 466 tinguentibus
934 410 1127 463 loquitur.
1175 409 1210 451 si
1259 411 1368 452 enim
1417 412 1487 464 qui
1536 412 1638 465 aput

123 482 216 523 illos
258 481 520 535 baptizantur
568 492 640 533 per
689 479 971 521 remissionem
1015 480 1275 532 peccatorum
1325 479 1456 521 uitam
1503 482 1636 522 aeter-

123 563 219 592 nam
250 549 570 602 consequuntur,
604 560 676 589 cur
707 548 757 589 ad
790 547 1006 589 ecclesiam
1039 547 1239 588 ueniunt?
1271 547 1305 588 si
1343 560 1439 589 uero
1470 562 1493 589 a
1526 561 1636 590 mor-

79 628 94 653 5
123 619 193 660 tuo
235 617 383 659 salutis
423 616 527 659 nihil
569 616 788 670 accipitur,
835 629 881 658 ac
920 617 1133 670 propterea
1173 615 1336 670 cognito
1378 628 1510 658 errore
1550 617 1636 671 pri-

123 687 229 728 stino
271 686 322 727 ad
362 685 581 728 ueritatem
631 699 725 727 cum
770 685 1022 739 paenitentia
1062 685 1343 734 reuertuntur,
1391 697 1469 726 uno
1514 685 1635 727 uitali

122 755 369 808 baptismate
407 755 513 808 quod
551 754 593 796 in
614 754 816 796 catholica
847 754 1017 796 ecclesia
1037 755 1099 796 est
1134 754 1175 795 et
1211 752 1457 795 sanctificari
1493 754 1637 796 debere

123 823 404 866 manifestum.

638 949 782 988 Castus
805 960 830 988 a
853 949 972 988 Sicca
993 949 1118 989 dixit:

78 1040 109 1066 ιο
179 1028 258 1080 Qui
291 1028 526 1082 contempta
562 1027 737 1069 ueritate
769 1027 999 1080 praesumit
1038 1029 1374 1070 consuetudinem
1410 1027 1525 1081 sequi
1562 1027 1635 1068 aut
1652 1026 1705 1066 28

121 1098 229 1139 circa
269 1097 417 1138 fratres
459 1095 625 1138 inuidus
661 1096 724 1137 est
761 1097 802 1137 et
838 1096 1046 1150 malignus
1087 1097 1237 1150 quibus
1278 1096 1432 1139 ueritas
1474 1095 1632 1138 reuela-

121 1169 189 1209 tur
225 1168 299 1208 aut
340 1165 447 1207 circa
482 1165 616 1207 Deum
653 1164 842 1219 ingratus
879 1165 996 1207 cuius
1032 1165 1300 1218 inspiratione
1337 1165 1508 1208 ecclesia
1545 1164 1633 1206 eius

121 1236 350 1277 instruitur.

574 1362 798 1401 Eucratius
820 1373 845 1401 a
866 1361 1020 1401 'thenis
1044 1362 1172 1402 dixit:

77 1451 107 1476 ¹⁵
178 1443 322 1485 Fidem
344 1444 526 1484 nostram
558 1444 600 1484 et
627 1442 892 1496 baptismatis
915 1442 1096 1496 gratiam
1129 1442 1169 1484 et
1200 1441 1305 1497 legis
1337 1440 1634 1483 ecclesiasticae
1649 1446 1702 1486 29

121 1511 306 1567 regulam
327 1511 529 1557 Dominus
551 1512 592 1552 et
617 1511 728 1553 Deus
749 1511 886 1553 noster
907 1511 1021 1552 Iesus
1039 1510 1226 1552 Christus
1249 1522 1321 1552 suo
1343 1523 1410 1552 ore
1431 1510 1636 1565 apostolos

120 1582 264 1623 docens
286 1580 553 1634 perimpleuit
569 1579 727 1622 dicens:
759 1579 836 1622 ite
869 1581 917 1622 et
949 1581 1127 1622 docete
1158 1580 1338 1634 gentes
1369 1579 1636 1633 baptizan-

122 1652 199 1692 tes
231 1661 313 1692 eos
344 1649 394 1690 in
426 1649 630 1691 nomine
651 1649 828 1691 Patris
860 1650 909 1691 et
938 1649 1068 1690 Filii
1100 1651 1148 1691 et
1180 1648 1415 1704 Spiritus
1447 1649 1634 1692 sancti.

123 1719 276 1760 falsum
309 1730 404 1772 ergo
435 1717 737 1760 haereticorum
768 1718 977 1772 baptisma
1009 1719 1050 1759 et
1082 1717 1273 1771 iniquum
1295 1731 1319 1759 a
1339 1717 1457 1760 nobis
1477 1718 1635 1772 pellen-

74 1801 108 1830 20
123 1788 222 1830 dum
245 1787 308 1829 est
328 1788 370 1828 et
392 1786 503 1828 omni
526 1786 824 1829 contestatione
844 1787 1125 1837 refutandum,
1149 1786 1198 1828 de
1220 1798 1394 1840 quorum
1416 1798 1484 1828 ore
1506 1786 1635 1837 uirus,

121 1868 199 1899 non
222 1856 329 1906 uita,
362 1868 435 1897 nec
454 1855 590 1910 gratia
611 1855 821 1906 caelestis,
854 1855 925 1897 sed
964 1855 1222 1908 blasphemia
1257 1855 1463 1897 trinitatis
1499 1855 1635 1909 expri-

123 1926 263 1967 mitur.
297 1926 338 1966 et
360 1924 449 1966 ideo
472 1924 682 1966 uenientes
704 1924 755 1966 ad
776 1924 992 1966 ecclesiam
1009 1924 1236 1966 haereticos
1254 1924 1415 1979 integro
1434 1925 1475 1966 et
1492 1923 1635 1966 catho-

120 1993 198 2036 lico
234 1993 484 2047 baptismate
520 1993 722 2046 baptizari
760 1993 907 2036 debere
944 1993 1214 2035 manifestum
1257 1994 1345 2043 est,
1378 1995 1426 2035 ut
1461 2006 1485 2035 a
1521 1993 1633 2035 blas-

254 2131 296 2164 17
322 2130 451 2165 Matth.
472 2131 527 2170 28,
547 2131 600 2164 19.

186 2258 203 2291 1
230 2257 365 2291 lauatio
389 2258 477 2292 TAv
594 2258 651 2303 ab]
670 2257 715 2293 ad
735 2258 768 2293 J,
854 2258 1110 2304 intinguuntur
1128 2259 1173 2300 S,
1200 2259 1392 2304 tinguntur
1411 2259 1559 2304 LTAv,·
1586 2260 1633 2303 cf.

111 2325 149 2359 p.
165 2317 246 2355 444,
265 2318 307 2349 11
400 2316 422 2349 3
448 2315 654 2350 remissione
673 2315 700 2350 S
784 2316 806 2350 4
832 2317 1059 2360 consequitur
1078 2316 1144 2352 ST
1150 2318 1157 2335 ¹
1269 2328 1326 2352 cor
1343 2317 1393 2352 L¹
1489 2318 1636 2352 uenient

124 2371 167 2404 T·
228 2374 339 2406 morto
352 2372 393 2406 S¹
456 2373 478 2406 5
496 2373 653 2417 cognitio
665 2373 703 2417 S,
719 2373 843 2417 agnito
862 2385 879 2408 υ
941 2374 962 2407 6
980 2374 1247 2409 reuertanturS
1308 2375 1326 2409 7
1344 2375 1521 2420 baptismo
1535 2376 1566 2408 T

116 2429 262 2463 ecclesia
280 2429 458 2463 catholica
476 2431 532 2464 Av
628 2432 664 2464 et
682 2442 751 2464 om.
773 2431 905 2466 LTAv
1001 2430 1127 2465 debere
1146 2431 1378 2466 manifestum
1395 2433 1437 2473 S,
1457 2432 1636 2467 debebunt

117 2485 245 2521 LTAv
316 2488 337 2521 9
355 2488 500 2521 eaustus
520 2487 549 2522 S
618 2488 661 2522 12
679 2487 844 2532 ingratus
861 2489 917 2522 est
928 2489 986 2522 Av
1057 2488 1252 2532 spiratione
1272 2489 1301 2524 S
1369 2490 1412 2524 14
1429 2489 1634 2524 euchrarius

117 2542 162 2583 L,
181 2543 383 2578 euchratius
405 2555 422 2578 υ
497 2544 620 2578 thanis
633 2545 678 2579 Τι
754 2545 796 2579 15
820 2547 978 2579 nostram
993 2546 1042 2590 et]
1057 2557 1090 2579 n.
1111 2556 1132 2580 a
1151 2546 1182 2581 S
1242 2546 1286 2581 16
1312 2546 1456 2591 regulae
1474 2546 1503 2581 S
1549 2545 1634 2580 deus

116 2601 153 2634 et
170 2600 332 2635 dominus
355 2602 452 2641 TAv,
478 2601 525 2636 dg
540 2593 609 2636 dno
629 2602 662 2636 L
762 2603 944 2647 apostolus
964 2602 1027 2637 SL
1122 2604 1164 2638 17
1190 2605 1227 2637 et
1243 2614 1308 2638 om.
1330 2604 1434 2638 LTA
1511 2614 1633 2637 omnes

116 2660 239 2702 gentes
257 2659 314 2694 Ao
409 2660 453 2694 18
478 2670 536 2693 eas
557 2659 632 2694 LT
728 2660 781 2694 fili
801 2660 831 2694 S
924 2661 966 2694 19
992 2660 1129 2705 iniqum
1151 2660 1214 2695 SL
1306 2661 1352 2695 20
1376 2661 1634 2695 contestatione

119 2714 180 2749 SL
189 2716 219 2750 T
231 2717 308 2755 ΓΑ,
336 2716 575 2751 detestatione
592 2728 613 2752 v
683 2718 754 2762 ore]
774 2728 868 2751 more
887 2717 917 2752 S
984 2718 1027 2752 21
1054 2718 1132 2753 uita
1149 2728 1211 2752 nec
1229 2719 1281 2759 A,
1300 2718 1412 2752 uitari
1430 2720 1467 2752 et
1484 2718 1630 2759 SL¹T¹‚

116 2772 193 2806 uita
206 2784 274 2807 nou
288 2774 345 2813 '1'²‚
365 2774 442 2808 uita
459 2777 495 2808 ct
514 2775 564 2809 L²
626 2775 672 2809 22
688 2774 758 2809 had
777 2775 925 2810 ecclesia
937 2775 966 2809 S
1024 2776 1069 2810 23
1086 2775 1327 2820 baptismatae
1344 2775 1526 2820 baptizare
1538 2775 1566 2809 S

117 2840 138 2863 a
155 2841 219 2864 om.
240 2831 274 2865 L
347 2831 569 2875 blasphemia
588 2833 651 2867 SL
660 2833 765 2872 TAv,
793 2832 1038 2877 blasphemiae
1058 2844 1076 2867 υ
