1838 3152
571 255 806 301 Epistulae
829 256 988 292 LXXV.
1015 269 1041 292 c.
1067 258 1167 293 3-6,
1529 262 1613 304 813

121 362 274 414 scripta
303 362 440 402 uestra
470 360 765 413 rescripsimus,
797 361 838 402 et
860 360 1026 414 quidem
1048 364 1249 415 quantum
1272 364 1323 405 ad
1344 364 1386 405 id
1408 365 1611 417 pertineat

116 430 224 483 quod
246 428 475 482 Stephanus
505 428 622 478 dixit,
651 428 767 481 quasi
796 429 970 482 apostoli
1001 441 1067 471 eos
1098 431 1167 483 qui
1190 431 1239 472 ab
1262 431 1418 473 haeresi
1440 433 1611 475 ueniunt

114 497 314 550 baptizari
343 497 627 549 prohibuerint
648 498 689 538 et
710 497 785 538 hoc
815 497 1126 539 custodiendum
1156 500 1328 552 posteris
1350 500 1610 551 tradidefint,

114 566 352 619 plenissime
383 578 454 607 uos
485 565 751 618 respondistis
780 565 983 606 neminem
1016 566 1102 606 tam
1132 567 1307 608 stultum
1338 580 1424 609 esse
1446 569 1515 621 qui
1538 569 1613 610 hoc

87 635 252 677 scredat
280 634 484 688 apostolos
514 633 743 683 tradidisse,
774 633 934 686 quando
963 633 1091 675 etiam
1120 634 1227 686 ipsas
1248 635 1432 678 haereses
1454 638 1612 678 constet

115 703 360 745 execrabiles
382 715 427 744 110
448 701 708 744 detestandas
735 702 877 754 postea
905 702 1109 743 extitisse:
1141 715 1234 744 cum
1257 705 1297 744 et
1318 704 1499 746 Marcion
1521 704 1613 746 Cer-

116 771 231 813 donis
262 770 487 824 discipulus
515 769 752 811 inueniatur
780 781 867 811 sero
896 770 989 822 post
1018 771 1221 823 apostolos
1244 773 1285 812 et
1304 774 1396 825 post
1418 772 1541 827 longa
1562 773 1613 814 ab

115 839 174 881 eis
207 840 393 892 tempora
428 838 672 892 sacrilegam
707 838 904 880 aduersus
926 839 1060 879 Deum
1092 839 1357 881 traditionem
1392 840 1611 892 induxisse,

115 907 310 961 Appelles
331 918 488 960 quoque
509 905 788 960 blasphemiae
810 906 896 947 eius
918 908 1172 949 consentiens
1195 908 1327 949 multa
1349 908 1431 950 alia
1452 921 1558 951 noua
1574 910 1615 950 et

72 991 104 1015 ιο
118 976 309 1031 grauiora
337 975 431 1017 fidei
460 987 507 1016 ac
535 974 705 1016 ueritati
733 975 901 1016 inimica
930 974 1147 1017 addiderit.
1178 977 1247 1017 sed
1276 978 1317 1018 et
1340 976 1551 1018 Valentini
1575 978 1615 1019 et

114 1044 311 1086 Basilidis
342 1045 504 1096 tempus
533 1043 799 1084 manifestum
828 1045 902 1093 est,
933 1044 1039 1096 quod
1063 1045 1104 1085 et
1124 1044 1203 1097 ipsi
1234 1046 1325 1097 post
1346 1046 1552 1098 apostolos
1573 1047 1614 1087 et

116 1114 208 1166 post
230 1113 394 1167 longam
416 1113 596 1154 aetatem
618 1112 815 1154 aduersus
836 1112 1050 1154 ecclesiam
1067 1113 1144 1154 Dei
1163 1114 1372 1155 sceleratis
1390 1115 1616 1156 mendaciis

116 1182 201 1224 suis
231 1181 530 1223 rebellauerint.
562 1182 715 1222 ceteros
744 1192 901 1233 quoque
923 1181 1148 1222 haereticos
1171 1183 1330 1224 constat
1351 1195 1498 1236 prauas
1520 1196 1616 1225 suas

117 1252 248 1293 sectas
269 1252 311 1292 et
332 1250 586 1291 inuentiones
616 1262 840 1303 peruersas‚
870 1251 993 1304 prout
1022 1250 1192 1303 quisque
1215 1263 1346 1293 errore
1369 1251 1516 1293 ductus
1537 1253 1614 1302 est,

70 1335 102 1361 1⁵
115 1321 257 1374 postea
279 1318 507 1360 induxisse:
531 1330 631 1371 quos
655 1330 794 1359 omnes
814 1318 1079 1360 manifestum
1102 1321 1163 1360 est
1185 1332 1208 1360 a
1225 1320 1354 1361 semet
1375 1319 1476 1372 ipsis
1499 1319 1616 1361 dam-

116 1390 234 1430 natos
264 1400 349 1429 esse
371 1389 412 1429 et
432 1388 526 1429 ante
555 1387 665 1428 diem
694 1387 837 1428 iudicii
859 1387 1176 1429 inexcusabilem
1198 1389 1445 1430 sententiam
1468 1388 1616 1430 aduer-

117 1469 208 1498 sum
239 1457 367 1498 semet
396 1457 504 1508 ipsos
535 1455 696 1497 dixisse.
731 1467 903 1508 quorum
936 1455 1141 1509 baptisma
1163 1457 1232 1509 qui
1255 1456 1480 1506 confirmat,
1517 1456 1615 1509 quid

117 1526 230 1567 aliud
261 1538 383 1578 quam
414 1538 508 1566 cum
538 1525 637 1577 ipsis
659 1536 702 1566 se
723 1523 933 1565 adiudicat
955 1524 995 1565 et
1017 1537 1059 1565 se
1080 1524 1167 1577 ipse
1189 1525 1430 1578 participem
1459 1524 1615 1566 talibus

118 1593 301 1636 faciendo
323 1593 593 1634 condemnat?

72 1676 107 1703 20
176 1663 255 1704 Eos
284 1663 422 1703 autem
451 1661 522 1715 qui
542 1662 695 1703 Romae
725 1662 820 1703 sunt
841 1674 919 1703 non
941 1674 986 1702 ea
1008 1661 1050 1702 111
1071 1661 1261 1703 omnibus
1283 1661 1495 1704 obseruare
1517 1674 1617 1714 quae
1632 1663 1659 1702 6

118 1731 201 1773 sint
223 1732 272 1772 ab
295 1730 453 1785 origine
479 1730 635 1772 tradita
655 1732 696 1772 et
718 1730 871 1772 frustra
893 1731 1170 1783 apostolorum
1194 1731 1481 1772 auctoritatem
1502 1743 1617 1783 prae-

120 1800 284 1842 tendere
314 1799 417 1841 scire
437 1799 528 1852 quis
551 1799 675 1841 etiam
698 1799 791 1840 inde
812 1799 960 1852 potest,
993 1799 1099 1851 quod
1121 1799 1227 1840 cirea
1249 1799 1509 1840 celebrandos
1531 1798 1617 1839 dies

120 1868 302 1910 Paschae
332 1870 372 1910 et
394 1868 502 1910 circa
528 1868 660 1909 multa
690 1868 773 1909 alia
801 1867 965 1909 diuinae
995 1867 1053 1908 rei
1085 1869 1337 1909 sacramenta
1365 1867 1504 1908 uideat
1533 1879 1617 1908 esse

121 1938 230 1992 apud
247 1938 342 1979 11103
359 1938 516 1991 aliquas
533 1938 793 1979 diuersitates
810 1949 883 1978 nec
901 1937 1106 1978 obseruari
1129 1937 1217 1978 illic
1238 1936 1374 1978 omnia
1394 1937 1618 1990 aequaliter

74 2022 106 2048 25
121 2019 222 2060 quae
243 2006 541 2060 Hierosolymis
570 2006 852 2056 obseruantur‚
883 2005 1106 2047 secundum
1135 2005 1242 2058 quod
1271 2006 1314 2047 in
1343 2006 1487 2047 ceteris
1517 2017 1618 2058 quo-

119 2089 197 2129 que
227 2075 419 2129 plurimis
450 2075 673 2128 prouinciis
703 2075 838 2116 multa
865 2086 937 2128 pro
967 2075 1148 2116 locorum
1177 2076 1218 2116 et
1239 2074 1452 2115 hominum
1481 2074 1619 2115 diuer-

120 2146 242 2186 sitate
275 2145 498 2193 uariantur,
533 2156 607 2185 1100
637 2145 776 2185 tamen
805 2144 970 2197 propter
1001 2143 1075 2184 1100
1097 2143 1146 2183 ab
1169 2143 1362 2184 ecclesiae
1394 2142 1618 2184 catholicae

120 2225 218 2267 pace
239 2214 360 2265 atque
380 2212 538 2254 unitate
559 2212 778 2265 aliquando
800 2211 1025 2253 discessum
1048 2212 1121 2252 est.
1145 2212 1251 2264 quod
1270 2224 1374 2253 nunc
1392 2211 1619 2264 Stephanus

121 2293 243 2323 ausus
280 2282 342 2323 est
378 2280 509 2323 facere
545 2293 737 2334 rumpens
773 2281 970 2322 aduersus
1007 2291 1079 2321 uos
1110 2292 1264 2332 pacem,
1302 2293 1424 2332 quam
1457 2291 1618 2331 semper

77 2368 109 2393 30
122 2352 393 2391 antecessores
423 2350 509 2391 eius
532 2349 744 2390 uobiscum
767 2361 903 2390 amore
925 2350 966 2389 et
986 2348 1136 2389 honore
1159 2350 1303 2389 mutuo
1325 2347 1618 2400 custodierunt,

125 2418 256 2460 adhuc
276 2418 402 2459 etiam
424 2418 627 2458 infamans
649 2417 821 2458 Petrum
843 2418 884 2459 et
905 2416 1084 2458 Paulum
1107 2416 1245 2457 beatos
1267 2416 1482 2468 apostolos,
1504 2415 1619 2468 quasi

192 2576 214 2610 3
231 2575 455 2620 prohibuerit
473 2576 511 2610 E
515 2576 575 2610 ιΜ
588 2575 853 2620 (prohibuerint
876 2574 919 2619 Q)
1013 2573 1206 2608 tradiderit
1224 2574 1286 2614 ΕΙ,
1306 2573 1529 2607 tradiderunt
1548 2572 1577 2617 Q

124 2633 146 2667 4
164 2632 379 2677 responditis
399 2632 430 2677 Q
544 2634 566 2667 5
582 2633 659 2677 ipsa
677 2632 808 2666 heresis
832 2632 862 2676 Q
975 2634 997 2665 8
1015 2631 1188 2675 sacrilega
1208 2630 1237 2675 Q
1345 2631 1366 2664 9
1385 2629 1516 2674 apelles
1536 2630 1577 2663 Iv

127 2690 168 2724 14
185 2692 239 2724 est
259 2689 386 2734 EIQ²‚
403 2693 420 2723 t
440 2689 498 2735 ρ’,
518 2692 554 2724 et
571 2690 619 2725 M
808 2690 850 2723 15
868 2689 1077 2733 semetipsos
1095 2688 1134 2721 E
1316 2688 1358 2720 16
1375 2686 1541 2720 aduersus
1561 2696 1578 2719 v

124 2748 167 2781 21
187 2747 400 2781 auctoritate
421 2746 452 2792 Q
623 2747 667 2781 23
684 2747 776 2781 circa
793 2757 860 2780 om.
880 2746 919 2780 E
1087 2745 1132 2779 25
1149 2744 1391 2778 hierusolimis
1410 2744 1489 2788 EQ,
1510 2743 1624 2776 ihero—

126 2804 262 2838 solimis
282 2805 308 2838 I
440 2804 485 2839 26
503 2804 684 2838 hominum
702 2805 793 2838 con-i.
814 2803 1006 2845 Baluzius,
1025 2802 1208 2836 nominum
1222 2801 1286 2835 EI
1291 2802 1341 2845 Qu
1478 2801 1522 2834 26
1541 2810 1625 2844 pace

128 2873 172 2896 ea:
189 2861 340 2906 paschae
358 2862 403 2903 E,
421 2861 572 2906 paschae
592 2860 623 2906 Q
759 2861 804 2895 29
821 2859 1006 2894 aduersum
1026 2859 1070 2893 Ιυ
1209 2858 1251 2893 31
1272 2858 1407 2892 sumans
1429 2857 1460 2902 Q
