1838 3152
625 261 859 308 Epistulae
888 261 966 296 LV.
993 272 1021 297 c.
1045 262 1145 298 4-6.
1548 262 1631 306 627

130 381 303 411 noscere.
336 380 430 409 nam
461 367 504 408 in
534 366 712 420 epistula
741 378 815 408 sua
845 366 906 408 ita
936 368 1179 419 posuerunt:
1221 378 1523 420 quamquam
1552 376 1633 407 no-

129 438 207 480 bis
243 438 292 479 in
322 439 423 479 tam
461 436 664 491 ingenti
703 436 909 490 negotio
946 435 1156 489 placeat
1193 436 1321 489 quod
1359 436 1408 477 et
1438 437 1492 477 tu
1523 435 1633 487 ipse

129 506 399 555 tractasti,
438 504 582 559 prius
621 516 728 547 esse
767 504 1018 547 ecclesiae
1052 516 1222 557 pacem
1252 502 1631 552 sustinendam,

129 574 312 617 deinde
362 574 436 615 sic
485 573 776 616 conlatione
827 573 1166 616 consiliorum
1215 585 1323 614 cum
1372 571 1632 626 episcopis

98 643 447 697 spresbyteris
486 642 717 684 diaconis
757 641 1144 684 confessoribus
1180 641 1382 696 pariter
1412 653 1465 682 ac
1496 642 1633 682 stan-

127 711 270 753 tibus
301 711 455 753 laicis
487 710 626 753 facta
657 711 919 765 lapsorum
949 711 1176 752 tractare
1206 709 1471 752 rationem.
1512 708 1631 751 addi-

126 782 218 822 tum
249 781 310 821 est
341 780 466 821 etiam
497 779 729 821 Nouatiano
760 780 859 821 tunc
890 779 1093 821 scribente
1115 780 1156 821 et
1177 778 1284 832 quod
1315 778 1532 831 scripserat
1556 789 1630 820 sua

126 859 223 890 uoce
254 848 454 890 recitante
475 849 515 889 et
536 847 775 902 presbytero
806 847 947 902 Moyse
977 849 1075 890 tunc
1106 848 1238 890 adhuc
1268 847 1493 889 confessore
1523 859 1630 888 nunc
1681 852 1683 854 ’

126 916 209 958 iam
247 919 427 971 martyre
465 915 757 966 subscribente,
797 918 844 958 ut
876 916 1002 970 lapsis
1042 915 1217 958 infirmis
1248 917 1289 957 et
1319 916 1363 957 in
1393 915 1506 957 exitu
1535 926 1630 956 con-

79 1000 114 1025 ιο
127 985 288 1027 stitutis
326 998 403 1038 pax
433 985 611 1026 daretur.
654 997 756 1038 quae
787 985 952 1027 litterae
981 997 1052 1038 per
1082 986 1217 1026 totum
1249 984 1450 1026 mundum
1481 983 1630 1026 missae

125 1055 222 1095 sunt
262 1055 302 1095 et
342 1054 384 1095 in
423 1054 617 1096 notitiam
659 1053 841 1096 ecclesiis
881 1053 1071 1095 omnibus
1110 1055 1151 1095 et
1189 1053 1389 1095 uniuersis
1431 1052 1628 1094 fratribus

125 1123 306 1176 perlatae
338 1123 487 1176 [sunt].

183 1190 414 1233 Secundum
446 1191 553 1245 quod
584 1194 721 1234 tamen
752 1193 846 1233 ante
878 1191 1011 1233 fuerat
1043 1190 1310 1241 destinatum,
1349 1187 1669 1244 persecutioness

123 1260 255 1313 sopita
292 1273 386 1302 cum
425 1259 521 1302 data
552 1262 658 1302 esset
689 1260 865 1303 facultas
895 1260 938 1301 in
968 1273 1096 1301 unum
1127 1260 1403 1302 conueniendi,
1443 1259 1629 1312 copiosus

76 1341 109 1366 1⁵
124 1329 404 1383 episcoporum
435 1341 641 1379 numerus,
678 1341 778 1382 quos
810 1330 991 1384 integros
1023 1330 1064 1370 et
1094 1328 1319 1370 incolumes
1350 1328 1450 1370 fides
1481 1341 1555 1370 sua
1586 1330 1628 1370 et

120 1398 287 1439 Domini
318 1397 449 1439 tutela
479 1399 668 1451 protexit,
702 1398 743 1440 in
771 1411 899 1440 unum
931 1397 1196 1439 conuenimus
1218 1398 1259 1438 et
1279 1397 1493 1450 scripturis
1516 1397 1627 1451 [diu]

123 1480 169 1509 ex
201 1468 371 1520 utraque
408 1469 523 1520 parte
558 1467 730 1521 prolatis
761 1468 1135 1520 temperamentum
1166 1465 1322 1508 salubri
1352 1466 1628 1508 moderatione

122 1536 381 1586 librauimus,
423 1538 470 1578 ut
510 1549 582 1578 nec
623 1535 665 1577 in
706 1537 843 1577 totum
883 1547 975 1589 spes
1016 1535 1400 1576 communicationis
1442 1536 1482 1576 et
1516 1534 1627 1587 pacis

122 1604 250 1658 lapsis
289 1605 569 1659 denegaretur,
609 1604 781 1661 neplus
812 1603 1092 1657 desperatione
1123 1603 1341 1645 deficerent
1371 1605 1412 1645 et
1444 1615 1488 1645 eo
1519 1603 1623 1656 quod

72 1688 109 1713 20
123 1673 202 1714 sibi
224 1673 393 1714 ecclesia
425 1673 658 1715 cluderetur
679 1673 809 1714 secuti
841 1672 1050 1715 saeculum
1080 1672 1293 1726 gentiliter
1323 1672 1523 1722 uiuerent,
1554 1684 1627 1714 nec

120 1742 260 1783 tamen
297 1754 437 1783 rursus
476 1754 643 1784 censura
681 1741 918 1796 euangelica
955 1741 1196 1790 solueretur,
1237 1742 1284 1782 ut
1315 1741 1367 1782 ad
1397 1741 1627 1783 communi-

119 1811 321 1852 cationem
358 1811 512 1852 temere
541 1811 787 1864 prosilirent,
828 1810 898 1852 sed
936 1810 1169 1852 traheretur
1200 1809 1270 1851 diu
1302 1809 1552 1863 paenitentia
1585 1811 1626 1851 et

119 1881 332 1934 rogaretur
369 1879 554 1921 dolenter
589 1880 757 1933 paterna
798 1879 1016 1921 clementia
1046 1880 1087 1920 et
1118 1878 1445 1920 examinarentur
1482 1891 1627 1932 causae

190 2073 207 2106 1
226 2072 405 2107 dinoscere
427 2072 467 2118 Q,
492 2082 679 2117 agnoscere
697 2072 733 2106 Β
826 2082 1040 2116 quamquam
1058 2075 1120 2106 etc.
1140 2072 1184 2114 cf.
1203 2072 1301 2116 epist.
1321 2073 1371 2106 30
1388 2082 1415 2106 c.
1434 2073 1455 2106 5
1547 2072 1569 2106 2
1586 2071 1623 2105 in

119 2140 184 2164 om.
217 2130 246 2165 C
389 2130 411 2163 3
437 2129 546 2174 prius]
578 2130 721 2174 propius
755 2129 784 2164 G
930 2129 1147 2163 adaeclcsiac
1178 2129 1207 2164 C
1228 2128 1251 2163 d
1275 2139 1302 2163 s.
1326 2129 1346 2163 l.
1498 2128 1521 2164 4
1545 2139 1625 2163 con-

120 2187 290 2221 lationem
310 2187 345 2222 Β
460 2188 482 2221 5
500 2189 535 2221 et
553 2186 768 2231 presbyteris
791 2186 820 2232 Q
930 2186 1091 2221 diacones
1112 2186 1151 2232 Q,
1170 2186 1376 2221 diaconibus
1394 2186 1452 2222 Βυ
1564 2186 1624 2221 ad-

121 2244 302 2278 stantibus
326 2244 355 2289 Q
379 2245 433 2289 (ac
458 2244 638 2279 stantibus
655 2244 715 2287 M)
855 2244 877 2278 6
894 2254 934 2278 ac
950 2245 1106 2278 tractata
1130 2244 1268 2279 ratione
1287 2244 1321 2280 Β
1459 2244 1478 2278 7
1497 2243 1620 2288 etiam]

122 2301 215 2335 enim
238 2300 268 2346 Q
292 2302 416 2344 (etiam
434 2302 495 2345 M)
626 2301 814 2336 nouationo
831 2300 867 2335 R
1004 2302 1027 2336 8
1043 2302 1091 2346 et]
1116 2302 1152 2336 et
1169 2312 1189 2335 a
1207 2301 1243 2336 Β
1372 2301 1617 2346 presbyterum

120 2369 264 2402 moysen
287 2359 316 2394 C
425 2358 536 2394 adhoc
554 2359 603 2393 L¹
727 2359 749 2393 9
771 2359 1031 2405 ευεεσίὓοῐιῡιιι·
1052 2359 1082 2394 C
1187 2359 1319 2393 exitum
1342 2358 1372 2404 Q
1487 2359 1530 2393 10
1547 2360 1618 2404 per]

121 2415 158 2449 in
178 2415 222 2456 Β,
242 2426 304 2460 pro
327 2415 357 2461 Q
374 2419 448 2461 (per
466 2416 513 2450 M
517 2423 526 2458 )
636 2415 817 2461 mundum]
835 2415 977 2450 modum
994 2416 1030 2451 R
1146 2417 1188 2451 11
1207 2418 1290 2451 sunt
1306 2427 1371 2451 om.
1395 2417 1425 2452 C
1530 2417 1623 2451 noti-

124 2472 212 2507 tiam
234 2484 277 2507 ea:
294 2473 494 2507 nocentiam
517 2474 546 2509 C
668 2473 791 2508 eclesis
809 2473 844 2508 R
976 2474 1018 2508 13
1035 2473 1219 2508 sicundum
1237 2474 1273 2509 R
1394 2476 1514 2508 tamen
1531 2473 1623 2518 quod

124 2529 242 2564 fuerat
259 2532 342 2564 ante
362 2531 396 2565 Β
505 2530 602 2575 ante]
621 2530 770 2565 antehac
790 2530 820 2576 Q
928 2531 972 2565 14
988 2532 1041 2565 est
1059 2531 1095 2565 Β
1211 2531 1254 2566 15
1271 2531 1458 2566 incolomes
1479 2531 1577 2577 CLQ

122 2589 160 2621 et
184 2597 248 2622 om.
275 2587 309 2621 Β
448 2587 491 2622 16
515 2588 647 2622 tutella
670 2588 716 2629 R,
747 2598 812 2622 om.
832 2588 868 2622 Β
1006 2588 1172 2633 prot-exit]
1198 2588 1356 2622 seruauit
1377 2587 1408 2633 Q
1544 2588 1621 2632 diu]

121 2643 255 2678 diuinis
273 2656 314 2688 v;
333 2645 498 2689 expunxi
514 2649 555 2680 ut
573 2644 594 2678 l.
613 2647 659 2679 12
675 2646 758 2679 sunt
898 2645 939 2679 17
953 2645 1242 2690 temperamentis
1257 2645 1293 2680 Β
1432 2645 1474 2680 18
1491 2645 1621 2679 libera-

123 2700 241 2735 nimus
263 2701 367 2737 0¹13·
502 2702 544 2737 19
561 2704 597 2737 et
613 2712 652 2736 eo
670 2712 761 2737 corr.
779 2702 820 2736 in
837 2703 875 2736 et
893 2712 934 2736 ea
956 2702 994 2743 C,
1019 2703 1106 2736 item
1126 2702 1160 2736 B
1285 2702 1332 2736 20
1348 2701 1571 2737 clauderetur
1588 2713 1619 2742 v,

117 2757 339 2794 abdiceretur
356 2769 400 2794 ex
417 2758 648 2795 adduceretur
670 2759 700 2796 C
800 2760 846 2794 22
863 2759 1065 2794 trad-retur
1083 2759 1130 2794 M
1150 2758 1365 2802 (traheretur
1384 2760 1429 2805 Q)
1523 2759 1568 2794 23
1584 2762 1623 2793 et

118 2825 183 2850 om.
209 2816 238 2851 C

1253 2932 1347 2973 40*
