1838 3152
113 218 199 259 620
648 218 840 253 Caecilii
875 219 1087 263 Cypriani

114 322 176 362 est
198 321 426 373 praeceptis
448 321 525 362 Dei
547 322 678 374 patris
703 324 742 364 et
764 324 946 373 monitis⁷
978 324 1089 364 solus
1110 323 1263 375 poterit
1284 324 1333 365 de
1357 323 1526 365 ecclesia
1546 323 1619 364 ille

115 389 335 439 discedere,
360 389 470 431 solus
492 390 692 443 episcopis
715 391 922 433 derelictis
940 404 1034 432 cum
1052 392 1328 434 schismaticis
1347 393 1387 433 et
1403 392 1618 433 haereticis

115 458 156 499 in
175 458 310 499 furore
333 470 552 499 remanere.
576 461 730 501 ceteros
753 472 847 501 uero
867 460 983 501 nobis
1000 461 1199 502 adunabit
1216 461 1293 502 Dei
1311 461 1440 514 patris
1457 461 1620 503 miseri-

116 527 251 567 cordia
282 528 322 568 et
344 525 497 568 Christi
519 527 687 569 Domini
721 529 851 569 nostri
884 529 1143 583 indulgentia
1174 531 1214 571 et
1236 531 1375 571 nostra
1406 530 1620 582 patientia.

117 597 212 647 opto
234 597 288 645 te,
313 595 438 637 frater
460 596 681 647 carissime,
705 610 866 649 semper
887 597 987 639 bene
1010 599 1156 640 ualere.
1636 620 1650 643 5

492 791 1003 863 EPISTVLA
1051 792 1254 864 LIII.

119 924 358 960 CYPRIANO
385 926 561 961 FRATRI
586 927 806 962 MAXIMVS
832 927 1054 962 VRBANVS
1081 927 1303 963 SIDONIVS
1329 927 1570 962 MACARIVS
1593 928 1624 961 S.

176 1039 285 1081 Certi
315 1053 469 1094 summ,
503 1041 631 1083 frater
658 1043 878 1093 carissime,
914 1044 954 1085 te
984 1055 1143 1096 quoque
1172 1043 1386 1085 nobiscum
1415 1042 1503 1095 pari
1535 1042 1629 1083 uoto

119 1109 369 1163 congaudere
399 1111 506 1162 quod
527 1122 598 1152 nos
620 1111 760 1152 habito
790 1112 958 1153 consilio
983 1112 1239 1154 utilitatibus
1262 1112 1455 1154 ecclesiae
1477 1112 1517 1152 et
1538 1111 1630 1164 paci

119 1178 250 1233 magis
284 1178 553 1232 consulentes,
589 1180 779 1221 omnibus
811 1180 932 1222 rebus
965 1181 1266 1233 praetermissis
1299 1182 1340 1222 et
1371 1180 1523 1221 iudicio
1552 1180 1629 1221 Dei
1644 1194 1676 1219 10

119 1247 305 1300 seruatis,
344 1260 437 1288 cum
459 1247 644 1289 Cornelio
677 1249 862 1302 episcopo
895 1252 1033 1292 nostro
1065 1250 1219 1303 pariter
1248 1251 1405 1291 etcum
1438 1249 1630 1291 uniuerso

119 1317 224 1358 clero
254 1328 395 1369 pacem
417 1317 571 1359 fecisse.
610 1331 704 1359 cum
726 1319 876 1372 gaudio
900 1319 1027 1360 etiam
1050 1319 1267 1361 uniuersae
1290 1319 1483 1361 ecclesiae
1505 1330 1631 1372 prona

119 1386 245 1427 etiam
276 1386 461 1427 omnium
492 1386 665 1428 caritate
694 1387 768 1429 hoc
791 1388 948 1429 factum
970 1388 1033 1429 his
1056 1388 1209 1430 litteris
1231 1389 1381 1430 nostris
1404 1388 1631 1429 certissime

119 1455 220 1497 scire
257 1455 448 1497 debuisti.
488 1468 651 1497 oramus
684 1458 737 1506 te,
774 1456 902 1498 frater
938 1457 1161 1511 carissime,
1199 1457 1345 1499 multis
1379 1457 1497 1498 annis
1531 1456 1632 1498 bene

119 1525 268 1566 ualere.
1646 1540 1678 1565 15

192 1686 209 1719 1
228 1686 264 1719 in
283 1686 480 1730 praeceptis
498 1686 553 1720 Rv
694 1686 877 1720 ecclesiam
895 1686 981 1720 FL¹
1131 1686 1216 1721 illae
1236 1688 1271 1721 P
1416 1688 1437 1721 2
1454 1685 1634 1721 derelictis

121 1754 186 1778 om.
206 1744 252 1778 M
269 1743 361 1787 (exli.
387 1743 432 1788 Q)
559 1743 764 1777 schismatis
786 1744 820 1778 L
944 1746 980 1778 et
997 1744 1189 1778 haereticis
1207 1755 1272 1779 om.
1293 1744 1332 1779 F
1455 1744 1476 1778 3
1494 1754 1634 1777 manere

122 1801 171 1835 P·
185 1800 252 1846 QR.
269 1803 462 1844 (remanere
478 1801 527 1835 M
528 1803 539 1846 )
668 1803 824 1835 caetoros
843 1802 879 1836 R
1003 1802 1185 1836 nobiscum
1206 1802 1336 1836 LPRv
1462 1802 1635 1835 adunauit

122 1858 194 1903 PQ
310 1858 573 1893 misericordiae
591 1858 635 1900 R,
663 1859 942 1893 misericordiam
961 1860 996 1894 L
1111 1860 1133 1894 4
1150 1860 1276 1904 nostri]
1303 1859 1378 1894 iesu
1405 1859 1531 1894 christi
1549 1859 1634 1893 add.

122 1916 193 1960 PQ
331 1916 352 1950 5
378 1917 460 1961 opto
563 1917 680 1951 ualere
711 1928 776 1952 om.
798 1918 840 1952 L.
869 1938 912 1942 -
939 1918 993 1952 Ad
1011 1918 1212 1953 Cornelium
1241 1918 1388 1962 explicit
1404 1918 1449 1959 F,
1480 1917 1535 1952 Ad
1553 1917 1634 1953 Cor-

124 1973 257 2007 ncliuni
289 1974 389 2007 ·IIII·
422 1974 591 2018 (epistula
627 1974 728 2008 ·IIII·
761 1975 803 2020 Q)
834 1975 978 2019 explicit
1010 1975 1086 2020 ΩΒ,
1121 1975 1175 2009 Ad
1201 1976 1401 2010 Cornelium
1427 1975 1468 2009 de
1495 1975 1635 2009 Nouato

123 2031 269 2075 explicit
289 2032 333 2071 L,
353 2032 508 2075 Explicit
526 2032 570 2066 ad
588 2032 792 2067 Cornelium
810 2033 851 2067 de
871 2033 1012 2067 Nouato
1032 2034 1074 2067 P.
1101 2054 1134 2057 ἢ

193 2089 305 2133 Epist.
331 2089 430 2124 LIII.
458 2111 500 2114 —
526 2090 660 2134 Incipit
690 2091 845 2135 epistula
875 2093 909 2135 (a
935 2091 1019 2125 add.
1048 2092 1108 2135 M)
1139 2091 1291 2125 Maximo
1321 2091 1463 2126 Vrbano
1493 2091 1635 2125 Sidonio

124 2146 306 2180 Machario
337 2147 497 2190 (Maximi
522 2148 657 2182 Vrbani
682 2149 818 2183 Sidonii
836 2149 1016 2183 Macharie
1035 2149 1157 2194 EQ20)
1188 2149 1232 2183 ad
1250 2148 1467 2194 Cyprianum
1487 2149 1636 2194 EMQo,

125 2204 258 2248 Incipit
288 2204 439 2248 epistola
465 2204 510 2238 ad
534 2205 741 2249 Ciprianuin
768 2206 863 2240 facta
879 2207 1034 2241 Maximo
1053 2206 1195 2240 Vrbano
1215 2206 1357 2240 Sidonio
1376 2206 1532 2241 Macario
1558 2218 1636 2241 cum

126 2262 286 2296 Cornelio
312 2261 473 2305 episcopo
499 2273 619 2305 pacem
645 2264 771 2297 fecisse
794 2265 832 2304 T,
864 2275 928 2298 om.
958 2278 994 2298 ω.
1023 2285 1059 2289 -—
1082 2265 1100 2298 7
1119 2266 1154 2298 et
1180 2264 1381 2298 macharius
1399 2264 1544 2309 EQowv

125 2319 221 2352 salut
239 2319 286 2352 M
302 2319 467 2361 (salutem
489 2319 531 2363 Q)
649 2321 671 2354 8
690 2321 909 2355 certissimus
933 2321 1038 2366 Q¹E¹
1063 2322 1164 2366 (certi
1189 2333 1309 2356 sumus
1327 2322 1387 2365 Μ)
1505 2323 1526 2356 9
1545 2322 1636 2366 quod

124 2388 189 2410 om.
210 2388 250 2419 υ,-
278 2377 321 2419 cf.
337 2387 424 2420 pay.
444 2379 575 2420 55³6,st
694 2378 839 2413 concilio
862 2379 908 2424 Q²
934 2379 1096 2422 (consilio
1115 2380 1162 2413 Μ
1165 2379 1230 2424 0¹)
1349 2380 1391 2413 12
1408 2379 1530 2424 prona]
1557 2390 1635 2423 pro-

125 2435 203 2468 nati
226 2435 258 2469 T
349 2434 391 2467 13
410 2434 596 2468 caritatem
622 2435 689 2480 QT
780 2436 870 2470 scire
888 2436 1085 2470 certissime
1103 2448 1123 2472 v
1218 2437 1261 2470 14
1278 2448 1418 2471 oramus
1441 2463 1447 2469 .
1464 2464 1469 2469 .
1489 2466 1493 2469 .
1516 2437 1635 2471 ualere

126 2503 191 2526 om.
210 2492 318 2537 Q¹M‚
340 2493 456 2527 ualetc
473 2507 499 2526 ω
594 2494 637 2528 15
655 2493 772 2527 ualere
790 2484 827 2527 uI
846 2494 882 2527 T.
906 2514 948 2518 —
965 2493 1020 2527 Ad
1040 2493 1246 2537 Cipi-ianum
1272 2494 1426 2538 epistula
1446 2505 1465 2528 a
1482 2494 1636 2528 Maximo

126 2549 267 2583 Vrbano
283 2550 425 2584 Sidonio
440 2550 595 2584 Macario
613 2561 692 2584 cum
707 2551 869 2585 Cornelio
884 2539 962 2594 effi
966 2561 1086 2594 pacem
1105 2550 1230 2584 fecisse
1248 2551 1394 2595 explicit
1414 2553 1451 2592 T,
1470 2551 1636 2595 Epistula

127 2607 298 2651 (Explicit
323 2608 478 2652 epistula
496 2613 529 2651 ο)
554 2608 702 2642 Maximi
720 2608 853 2642 Vrbani
872 2608 995 2642 Sidoni
1013 2609 1174 2642 Machari
1199 2611 1280 2653 (om.
1301 2610 1336 2652 0)
1363 2609 1406 2643 ad
1424 2609 1634 2653 Ciprianum

125 2665 270 2709 explicit
289 2666 370 2708 (om.
391 2667 426 2708 0)
446 2666 593 2711 EMQo,
613 2677 676 2700 om.
698 2680 735 2700 ω.
755 2686 797 2691 -—
