1838 3152
208 231 292 273 800
737 229 932 263 Caecilii
958 230 1173 274 Cypriani

205 333 417 375 iudicauit.
471 337 511 375 et
550 346 643 375 cum
692 333 879 387 singulae
927 333 1112 374 haereses
1161 335 1323 389 singula
1375 335 1624 389 baptismata
1665 336 1705 378 et

203 403 367 444 diuersa
394 403 561 455 peccata
586 402 777 452 habeant,
807 401 874 443 hic
903 414 995 443 cum
1024 402 1209 443 omnium
1238 403 1443 457 baptismo
1475 405 1704 446 communi-

203 484 299 514 cans
329 472 612 513 uniuersorum
644 471 796 512 delicta
823 471 867 512 in
896 471 1033 512 sinum
1064 484 1185 512 suum
1219 473 1455 514 coaceruata
1485 474 1701 527 congessit.

202 543 242 583 et
262 541 468 595 praecepit
496 540 602 581 nihil
624 540 739 582 aliud
760 540 947 581 innoua'ri
970 541 1048 581 nisi
1071 542 1178 593 quod
1200 542 1402 582 traditum
1425 543 1498 594 est,
1529 543 1645 595 quasi
1667 543 1702 584 is

200 610 367 652 innouet
394 610 464 663 qui
486 609 692 651 unitatem
714 610 856 651 tenens
879 622 1006 651 unum
1028 610 1235 662 baptisma
1259 610 1330 651 uni
1352 610 1544 652 ecclesiae
1565 611 1700 652 uindi-
1714 627 1729 650 ε»

200 681 276 730 cat,
309 679 349 720 et
370 692 450 721 non
479 679 551 720 ille
579 679 722 730 utique
752 679 822 731 qui
844 678 1017 720 unitatis
1039 679 1193 721 oblitus
1215 680 1428 721 mendacia
1450 680 1490 721 et
1512 680 1701 734 contagia

198 750 389 802 profanae
426 748 638 790 tinctionis
674 749 855 800 usurpat.
895 748 999 789 nihil
1031 748 1261 798 innonetur,
1299 749 1444 801 inquit,
1483 748 1560 789 nisi
1594 749 1700 801 quod

197 818 399 859 traditum
429 818 501 858 est.
539 817 646 858 unde
683 818 744 857 est
775 817 856 857 ista
883 817 1081 859 traditio?
1117 818 1309 858 utrumne
1341 818 1389 858 de
1422 817 1627 858 dominica
1661 818 1700 858 et

197 887 434 941 euangelica
465 887 709 928 auctoritate
741 887 985 928 descendens
1023 900 1074 928 an
1105 887 1153 927 de
1183 888 1460 940 apostolorum
1492 886 1698 927 mandatis

197 956 327 1009 adque
359 955 546 1008 epistulis
576 955 772 997 ueniens?
801 968 847 997 ea
869 956 977 997 enim
999 955 1185 997 facienda
1207 968 1293 997 esse
1315 969 1418 1009 quae
1440 956 1593 1009 scripta
1615 956 1699 997 sint
1714 972 1745 996 lo

195 1026 304 1067 Deus
326 1026 504 1066 testatur
520 1026 560 1065 et
577 1026 814 1077 praemonet
836 1025 887 1066 ad
903 1025 1042 1066 Iesum
1058 1025 1174 1066 Naue
1197 1025 1353 1067 dicens:
1377 1038 1470 1067 non
1491 1024 1698 1066 recedet

195 1094 330 1136 liber
367 1094 500 1148 legis
540 1094 693 1136 huius
733 1107 786 1135 ex
825 1107 907 1136 ore
945 1095 1052 1145 tuo,
1100 1096 1148 1136 et
1187 1094 1533 1136 meditaberis
1564 1094 1614 1134 in
1646 1105 1696 1134 eo

195 1164 274 1205 die
305 1165 353 1204 et
384 1165 550 1214 nocte⁷
590 1165 643 1205 ut
674 1164 914 1206 obserues
946 1163 1117 1206 faeere
1149 1165 1315 1206 omnia
1347 1177 1470 1217 quae
1501 1163 1697 1215 scripta

194 1233 312 1274 sunt
351 1232 403 1273 in
442 1244 504 1274 eo.
547 1232 649 1273 item
690 1233 890 1274 Dominus
931 1233 1139 1286 apostolus
1181 1245 1273 1274 suos
1314 1233 1484 1274 mittens
1526 1231 1695 1273 mandat

193 1302 395 1355 baptizari
429 1302 570 1356 gentes
603 1303 644 1342 et
666 1302 799 1343 doceri
825 1302 868 1342 ut
890 1302 1107 1343 obseruent
1139 1303 1277 1344 omnia
1311 1314 1589 1355 quaecumque
1623 1300 1741 1341 111015

190 1370 409 1425 praecepit.
435 1371 469 1412 si
490 1383 584 1424 ergo
608 1371 680 1411 aut
697 1371 739 1411 in
757 1370 968 1424 euangelio
990 1371 1239 1424 praecipitur
1261 1372 1332 1412 aut
1352 1372 1394 1412 in
1417 1370 1695 1424 apostolorum

192 1441 382 1494 epistulis
411 1441 477 1482 uel
508 1440 610 1482 actis
641 1440 871 1481 continetur
902 1442 948 1481 ut
970 1453 993 1481 a
1015 1453 1270 1493 quacumque
1299 1440 1456 1481 haeresi
1487 1439 1694 1480 uenientes

189 1522 269 1552 non
297 1510 569 1562 baptizentur,
601 1509 670 1550 sed
701 1509 863 1550 tantum
895 1521 1040 1550 manus
1070 1509 1156 1550 illis
1178 1509 1398 1561 inponatur
1417 1508 1459 1549 in
1481 1507 1693 1561 paeniten-

189 1579 305 1629 tiam,
340 1579 581 1620 obseruetur
611 1578 752 1618 diuina
780 1578 878 1618 haec
906 1579 947 1619 et
970 1579 1108 1619 sancta
1137 1579 1320 1619 traditio,
1359 1577 1393 1618 si
1416 1591 1510 1620 uero
1541 1578 1691 1631 ubique

187 1648 384 1690 haeretici
413 1648 518 1688 nihil
548 1647 662 1688 aliud
693 1660 816 1699 quam
840 1647 1064 1688 aduersarii
1086 1647 1127 1687 et
1148 1647 1385 1689 antichristi
1409 1647 1688 1699 nominantur,
1705 1663 1738 1687 20

189 1718 223 1758 si
261 1717 421 1758 uitandi
454 1718 494 1758 et
524 1716 705 1770 peruersi
736 1717 777 1757 et
810 1729 832 1757 a
865 1716 995 1757 semet
1023 1716 1124 1769 ipsis
1154 1716 1337 1757 damnati
1358 1715 1690 1768 pronuntiantur,

187 1787 305 1840 quale
338 1787 468 1827 estut
491 1786 707 1826 uideantur
739 1785 963 1826 damnandi
986 1798 1010 1826 a
1030 1785 1148 1826 nobis
1178 1798 1257 1827 non
1288 1798 1374 1826 esse
1403 1797 1502 1837 quos
1532 1784 1691 1826 constet

186 1856 409 1910 apostolica
440 1854 735 1896 contestatione
765 1867 787 1894 a
816 1854 945 1895 semet
976 1854 1077 1907 ipsis
1106 1854 1319 1895 damnatos
1352 1856 1468 1895 esse?
1497 1853 1544 1894 ut
1572 1865 1690 1894 nemo

321 1994 359 2026 11
389 1993 456 2027 Ios.
485 1993 515 2032 1,
541 1991 573 2025 8.

253 2109 269 2141 1
291 2108 444 2141 haeresis
463 2107 585 2141 BLT¹
738 2107 773 2139 et
791 2116 855 2140 om.
876 2106 911 2139 Β
1066 2106 1087 2139 2
1104 2105 1239 2139 habent
1258 2105 1330 2140 LT
1335 2107 1344 2123 ¹
1497 2115 1575 2138 cum
1596 2114 1686 2138 eras.

181 2166 222 2199 in
245 2166 277 2200 Τ
451 2163 622 2208 omnium]
641 2163 825 2197 hominum
844 2163 872 2197 (J
1057 2164 1078 2196 3
1097 2174 1164 2207 quo
1182 2165 1346 2197 aceruata
1369 2162 1404 2203 C,
1426 2164 1592 2196 aceruata
1613 2162 1643 2195 T

181 2222 361 2266 congessit
378 2222 407 2256 C
422 2222 484 2256 sed
501 2232 562 2265 ges
579 2231 605 2255 s.
625 2221 645 2255 l.
770 2220 793 2254 4
810 2221 840 2253 is
860 2220 1018 2264 innouet]
1037 2220 1095 2254 his
1113 2220 1151 2254 in
1168 2221 1309 2254 nomine
1327 2221 1368 2254 ut
1385 2221 1415 2255 C
1528 2221 1549 2254 5
1570 2220 1685 2264 bapti-

180 2291 293 2314 smum
312 2280 347 2314 Β
477 2279 498 2314 6
515 2279 572 2313 1111
591 2279 628 2319 C,
647 2278 725 2312 illic
742 2278 777 2312 L
908 2278 969 2322 qui
989 2278 1142 2312 unitatis
1160 2278 1283 2322 utiquo
1304 2278 1338 2311 Β
1470 2277 1620 2312 obliltus
1640 2277 1684 2319 L,

179 2338 309 2372 solitus
330 2338 363 2372 T
507 2336 526 2370 7
543 2336 706 2380 profanet
724 2336 796 2377 GT,
815 2335 1001 2379 profanaess
1020 2336 1056 2370 P
1202 2335 1402 2380 tinctionis]
1419 2336 1587 2370 motionis
1612 2336 1642 2370 C

177 2396 198 2429 8
215 2395 256 2429 (10
274 2406 338 2429 om.
358 2395 387 2429 C
509 2394 530 2428 9
548 2404 592 2427 an
609 2393 664 2438 de]
684 2393 774 2427 unde
793 2394 829 2428 Β
951 2393 995 2427 10
1012 2404 1052 2427 ea
1070 2393 1214 2427 ueniens
1234 2394 1263 2429 O
1270 2395 1278 2411 ¹
1395 2395 1478 2427 sunt
1496 2394 1639 2428 BOL¹v

178 2454 219 2487 11
238 2452 454 2496 praemonet]
485 2451 650 2495 proponit
676 2462 721 2485 επ
745 2453 938 2495 praeponet
957 2451 986 2486 C
1192 2451 1236 2485 ad
1262 2451 1373 2485 iesum
1398 2462 1488 2485 naue
1518 2462 1581 2485 om.
1603 2450 1639 2484 Β

176 2510 315 2544 hiesum
335 2510 408 2550 GP,
430 2509 530 2543 iesun
548 2509 583 2542 L
721 2509 861 2543 recedat
879 2508 936 2543 Bv
1084 2509 1127 2543 12
1145 2509 1192 2553 et]
1212 2509 1271 2543 sed
1294 2509 1361 2544 C'v
1500 2509 1543 2542 13
1561 2509 1617 2543 die
1634 2508 1681 2552 et]

176 2566 232 2601 die
251 2578 290 2601 ac
307 2579 328 2601 v
483 2556 526 2600 14
543 2567 580 2600 in
598 2577 637 2600 eo
654 2576 718 2600 om.
739 2566 769 2602 O
918 2566 1065 2600 mandat
1082 2567 1229 2601 mittens
1248 2567 1277 2601 Ο
1411 2566 1454 2600 15
1471 2566 1592 2600 docere
1610 2566 1640 2601 Ο

176 2624 219 2659 16
237 2625 393 2659 alterum
409 2625 446 2658 in
464 2635 528 2659 om.
551 2625 580 2660 C
729 2624 771 2658 17
791 2624 863 2669 uel]
880 2616 943 2658 aut
961 2613 1083 2660 'Ozixbff
1231 2625 1377 2660 actaems
1394 2625 1438 2666 P,
1458 2623 1597 2657 actibus
1615 2635 1637 2659 υ

175 2682 402 2716 continentur
422 2683 458 2717 B
636 2682 679 2716 19
695 2682 783 2716 haec
800 2693 866 2716 om.
891 2682 923 2716 Τ
1090 2683 1126 2716 et
1147 2684 1180 2717 Τ
1193 2693 1217 2717 s.
1237 2683 1272 2726 1.,
1292 2682 1401 2717 etiam
1418 2684 1453 2716 et
1471 2683 1499 2717 G
1516 2684 1551 2716 et
1568 2693 1593 2716 s.
1612 2683 1634 2716 Z.

174 2739 220 2773 20
237 2740 355 2784 quam]
375 2740 444 2774 nisi
462 2740 498 2774 Β
602 2739 804 2774 aduersarie
823 2740 867 2774 0¹
974 2740 1017 2774 21
1036 2740 1080 2785 si]
1100 2741 1135 2774 et
1153 2740 1182 2774 si
1205 2741 1237 2774 Τ
1252 2742 1287 2774 et
1303 2751 1329 2775 5.
1352 2741 1372 2774 l.
1479 2741 1572 2784 ipsas
1590 2740 1635 2774 0¹

173 2795 372 2840 dampnado
390 2796 419 2831 C
572 2797 617 2832 22
633 2798 675 2831 ut
692 2808 756 2833 om.
776 2798 811 2832 L
964 2798 1062 2843 quos]
1082 2798 1173 2842 quod
1193 2798 1265 2833 LT
1271 2802 1278 2821 ¹
1429 2799 1567 2832 constat
1585 2798 1634 2832 (Jv

178 2854 222 2887 23
239 2854 355 2897 nemo]
373 2865 416 2888 ne
434 2854 468 2888 L
