1838 3152
476 247 714 292 Epistulae
740 246 923 282 Lv1111.
950 258 978 282 c.
1003 248 1126 282 9—10.
1536 250 1616 292 677

117 349 421 405 perspiciendae
450 350 640 392 ueritatis
669 350 940 403 conpendium
967 350 1082 393 fieret
1103 351 1144 393 et
1165 351 1288 394 scires
1310 353 1357 394 tu
1378 353 1421 394 et
1441 352 1619 407 collegae

118 418 248 460 nostri
279 417 427 471 quibus
461 417 636 460 scribere
670 419 711 460 et
739 418 902 460 litteras
935 418 1079 460 mutuo
1108 431 1132 460 a
1159 420 1308 472 quibus
1339 431 1411 462 uos
1442 421 1621 474 accipere

119 487 342 541 oporteret:
375 486 410 529 si
439 486 530 539 quis
561 487 702 529 autem
733 487 894 539 praeter
922 485 994 528 hos
1023 498 1123 540 quos
1155 487 1332 541 epistula
1360 490 1499 531 nostra
1528 501 1622 531 con-

118 555 228 609 plexi
250 566 393 597 sumus
415 554 591 596 scribere
612 554 729 596 uobis
751 555 931 606 auderet,
953 555 1114 597 sciretis
1137 568 1230 597 eum
1251 555 1318 597 uel
1339 556 1536 598 sacrificio
1559 557 1626 599 uel

92 637 107 662 ⁵
122 623 261 665 libello
283 635 368 665 esse
383 624 636 666 maculatum
658 623 725 665 uel
746 636 874 665 unum
894 623 943 665 de
959 623 1187 672 haereticis,
1210 636 1446 676 peruersum
1468 624 1625 667 scilicet

120 693 162 734 et
177 692 404 746 profanum.
426 693 598 734 nanctus
619 693 760 734 tamen
779 691 1031 735 occasionem
1053 691 1371 734 familiarissimi
1392 693 1569 735 hominis
1586 694 1625 736 et

121 760 257 803 clerici
293 774 364 815 per
398 760 654 802 Felicianum
695 760 950 812 acoluthum‚
992 773 1115 814 quem
1150 772 1244 802 cum
1282 760 1429 802 Perseo
1470 762 1626 817 collega

119 831 258 871 nostro
290 830 472 880 miseras,
508 830 615 872 inter
645 830 779 871 cetera
809 842 914 882 quae
941 829 985 870 in
1012 828 1206 871 notitiam
1236 830 1355 871 tuam
1390 829 1627 882 perferenda

120 899 215 941 hinc
244 899 406 942 fuerant
435 899 561 941 etiam
584 899 633 940 de
655 899 879 940 Fortunato
908 898 987 940 isto
1015 898 1095 940 tibi
1126 898 1283 953 scripsi.
1321 900 1392 942 sed
1412 900 1511 941 dum
1534 900 1629 941 istic

75 981 109 1008 ιο
122 967 356 1010 Felicianus
384 968 512 1010 frater
532 969 669 1009 noster
690 967 756 1009 uel
777 968 900 1009 uento
922 968 1156 1010 retardatur
1176 968 1243 1010 uel
1264 968 1513 1022 accipiendis
1535 968 1629 1011 aliis

123 1036 313 1089 epistulis
335 1049 358 1078 a
378 1036 495 1078 nobis
525 1036 748 1086 detinetur,
779 1035 1037 1078 Felicissimo
1065 1037 1117 1078 ad
1145 1049 1218 1079 uos
1248 1038 1488 1091 properante
1513 1050 1630 1091 prae·

126 1106 273 1147 uentus
303 1107 377 1147 est.
409 1106 468 1147 ita
497 1105 608 1147 enim
638 1117 800 1159 semper
820 1104 971 1146 scelera
993 1104 1191 1147 festinant
1210 1106 1327 1159 quasi
1349 1107 1491 1148 contra
1513 1107 1630 1148 inno-

125 1174 303 1217 centiam
327 1174 590 1216 festinatione
610 1174 884 1227 praeualeant.

182 1243 262 1285 Per
282 1242 538 1285 Felicianum
558 1243 697 1285 autem
719 1243 953 1297 significaui
975 1243 1068 1294 tibi,
1091 1243 1228 1295 frater,
1251 1244 1411 1285 uenisse
1429 1243 1630 1286 Chartha-
1652 1249 1706 1290 10

75 1311 264 1368 15ginem
300 1312 521 1354 Priuatum
561 1313 744 1354 ueterem
778 1311 1031 1354 haereticum
1067 1313 1110 1355 in
1143 1312 1437 1354 Lambesitana
1473 1312 1632 1355 colonia

124 1382 219 1423 ante
256 1381 409 1423 multos
447 1380 529 1422 fere
566 1393 691 1422 annos
724 1380 774 1422 ob
805 1381 939 1423 multa
973 1381 1014 1423 et
1045 1381 1189 1436 grauia
1225 1380 1376 1423 delicta
1407 1381 1632 1436 nonaginta

130 1450 410 1503 episcoporum
431 1449 635 1492 sententia
657 1450 988 1500 condemnatum,
1011 1450 1314 1492 antecessorum
1331 1449 1456 1491 etiam
1474 1451 1633 1492 nostro·

126 1531 233 1568 rum,
263 1517 371 1571 quod
393 1518 434 1559 et
455 1519 638 1560 uestram
666 1518 958 1560 conscientiam
980 1530 1059 1560 non
1079 1519 1196 1568 latet,
1227 1517 1397 1560 Fabiani
1419 1519 1460 1560 et
1481 1518 1635 1560 Donati

128 1586 282 1628 litteris
313 1586 566 1628 seuerissime
597 1588 808 1629 notatum:
843 1587 914 1640 qui
946 1599 1040 1628 cum
1071 1599 1236 1629 causam
1270 1599 1388 1628 suam
1420 1586 1528 1640 apud
1562 1597 1634 1628 nos

77 1671 115 1698 20
128 1655 172 1697 in
200 1654 370 1697 concilio
400 1654 507 1708 quod
538 1655 761 1698 habuimus
794 1654 937 1698 Idibus
959 1655 1067 1698 Mais
1099 1667 1200 1709 quae
1232 1655 1439 1709 proximae
1471 1655 1636 1698 fuerunt

129 1736 250 1779 agere
280 1724 387 1765 uelle
408 1736 449 1765 se
470 1724 625 1766 diceret
645 1736 717 1766 nec
738 1724 944 1766 admissus
966 1725 1085 1775 esset,
1108 1724 1384 1766 Fortunatum
1405 1724 1534 1765 istum
1555 1723 1636 1765 sibi

128 1792 520 1846 pseudoepiscopum
550 1793 723 1848 dignum
752 1793 925 1848 collegio
955 1805 1026 1835 suo
1055 1792 1167 1835 fecit.
1205 1793 1372 1834 uenerat
1393 1792 1520 1834 etiam
1541 1804 1636 1834 cum

129 1860 202 1902 illo
220 1862 260 1902 et
278 1861 392 1902 Felix
415 1861 584 1914 quidam
606 1874 727 1914 quem
750 1862 836 1915 ipse
857 1863 970 1904 extra
994 1861 1210 1905 ecclesiam
1228 1861 1271 1903 in
1287 1861 1443 1903 haeresi
1464 1861 1638 1914 pseudo-

200 2069 218 2102 1
234 2067 468 2112 perspiciendi
489 2067 519 2103 G
623 2068 712 2103 scire
727 2068 763 2103 R
878 2068 899 2102 2
913 2067 1084 2102 scriberet
1099 2069 1150 2110 (et
1163 2077 1228 2102 om.
1247 2066 1289 2110 0)
1402 2067 1434 2111 a]
1449 2068 1484 2101 et
1497 2077 1518 2101 a
1538 2066 1568 2102 C
1577 2065 1639 2101 sed

129 2136 152 2160 a
165 2136 192 2162 s.
207 2126 229 2160 l.
339 2136 399 2159 uos
417 2136 482 2160 om.
503 2125 533 2161 0
623 2125 645 2159 3
663 2125 698 2159 in
717 2126 868 2170 epistola
887 2125 955 2161 CR
1046 2125 1068 2159 4
1086 2124 1251 2169 scribere]
1269 2123 1354 2159 add.
1370 2124 1425 2159 R.-
1446 2125 1481 2158 et
1499 2123 1639 2158 litteras

131 2184 254 2217 mutuo
272 2193 292 2217 a
310 2183 438 2227 quibus
457 2182 612 2227 accipere
728 2184 749 2218 6
767 2184 892 2217 nactus
909 2182 976 2223 Lv,
996 2184 1138 2217 sanctus
1160 2181 1190 2217 C
1302 2181 1542 2216 occansionem
1566 2180 1596 2226 Q

132 2240 322 2275 familiaris
341 2241 371 2275 si
392 2241 422 2286 Q
513 2241 627 2276 omnis
645 2241 690 2275 M
697 2243 704 2262 ¹
729 2240 898 2284 (hominis
919 2240 961 2286 Q)
1056 2241 1092 2274 ct
1109 2250 1175 2274 om.
1190 2239 1225 2274 L
1317 2239 1338 2273 7
1357 2238 1495 2273 clericis
1513 2239 1548 2272 et
1567 2237 1596 2283 Q

131 2298 327 2333 acholitum
350 2299 435 2339 GM,
461 2298 666 2343 acolythum
685 2298 813 2343 PQRv
951 2308 1053 2341 persa
1070 2307 1109 2331 eo
1127 2308 1146 2331 a
1165 2296 1246 2337 LP,
1272 2306 1370 2340 perse
1395 2295 1503 2336 (ΡΜ,
1522 2304 1641 2339 perseo

136 2356 182 2392 0²
193 2356 223 2401 Q
314 2357 336 2391 8
349 2358 470 2390 nostra
488 2356 519 2392 0
610 2358 744 2391 ceteras
759 2356 794 2391 R
811 2367 827 2389 s
844 2366 869 2390 s.
883 2355 905 2389 1.
1002 2354 1215 2399 pergerenda
1233 2353 1285 2399 CL
1376 2354 1398 2389 9
1412 2352 1546 2388 fuerint
1560 2352 1595 2387 R

133 2414 204 2449 ista
227 2414 273 2450 C²
415 2414 513 2458 istic]
540 2414 608 2448 iste
630 2413 737 2449 CRV
875 2412 919 2446 10
942 2412 1147 2447 felicianum
1165 2411 1200 2446 R
1340 2409 1543 2445 retardatus
1562 2409 1596 2444 L

135 2473 177 2507 11
195 2473 388 2517 prouentus
411 2472 457 2507 Ο*
588 2472 631 2506 12
649 2471 788 2516 quamsi
807 2471 841 2506 L
966 2470 1009 2504 13
1027 2468 1295 2504 festinationem
1317 2467 1347 2513 Q
1463 2468 1506 2502 14
1524 2469 1642 2501 autem

135 2541 201 2566 om.
227 2530 291 2566 CR
431 2529 653 2575 significauit
676 2529 705 2565 C
843 2527 1053 2572 carthagine
1072 2527 1107 2561 P
1246 2526 1288 2561 15
1305 2525 1354 2570 in]
1378 2536 1455 2561 cum
1475 2525 1511 2559 in
1534 2524 1598 2560 CR

134 2587 334 2623 labesitana
353 2587 388 2623 R
510 2588 553 2622 16
571 2598 660 2622 anus
678 2587 727 2622 M
741 2588 866 2629 (annos
886 2585 930 2631 Q)
1046 2584 1159 2618 multa
1177 2585 1213 2618 ct
1229 2594 1294 2618 om.
1316 2582 1389 2617 LP
1503 2581 1544 2615 17
1563 2590 1643 2614 con-

136 2645 303 2680 demnata
323 2646 357 2680 P
457 2645 500 2679 18
517 2647 636 2679 uestra
653 2643 868 2679 conscicntia
891 2643 920 2678 G
1011 2641 1150 2676 fauiani
1172 2640 1206 2674 V
1298 2640 1340 2674 19
1358 2640 1544 2673 notantum
1570 2637 1599 2673 C

135 2714 214 2738 cum
233 2714 298 2737 om.
324 2703 354 2738 C
489 2702 536 2737 20
551 2702 660 2736 mal-is
682 2701 723 2747 Q,
748 2700 862 2735 madis
880 2700 934 2741 M,
960 2699 1075 2743 magis
1098 2698 1136 2739 C,
1155 2697 1295 2732 martiis
1319 2696 1352 2730 V
1486 2693 1643 2739 proxime

145 2760 318 2805 CLPQR
433 2760 474 2794 21
495 2770 531 2793 se
550 2759 641 2793 uelle
665 2758 730 2794 CR
847 2758 1048 2791 fortunatus
1076 2756 1108 2789 V
1218 2754 1263 2788 23
1280 2753 1425 2797 quidam
1444 2762 1508 2786 om.
1535 2750 1600 2786 CR

138 2818 255 2862 quem]
274 2828 351 2851 cum
372 2817 406 2852 R
522 2815 611 2860 ipse]
630 2815 692 2850 ille
718 2815 747 2851 C
861 2813 1023 2848 haeresin
1043 2813 1086 2853 L,
1112 2811 1263 2845 heresim
1283 2810 1330 2844 M
1332 2809 1431 2855 0¹1³,
1457 2817 1551 2842 erere
1572 2806 1601 2841 O

137 2875 490 2919 seudoepiscoporum
514 2873 577 2918 GQ
