1838 3152
582 242 797 289 Epistula
821 242 1227 278 XX111.-XX1111.
1568 247 1651 290 537

146 350 241 392 tunt
261 350 302 391 et
323 347 621 403 paenitentiam
656 348 825 402 agentes
847 345 1057 389 Christum
1085 349 1292 390 secuntur.
1328 361 1423 404 ergo
1446 349 1562 391 Felix
1583 350 1654 403 qui

145 417 448 473 presbyterium
469 416 815 459 subministrabat
835 415 911 457 sub
927 415 1098 458 Decimo
1118 416 1328 470 proximus
1349 417 1454 460 mihi
1475 418 1654 460 uinculis

146 487 324 541 (plenius
355 485 528 540 cognoui
558 485 732 527 eundem
764 484 964 538 Felicem)
1000 486 1042 526 et
1072 484 1258 527 Victoria
1289 486 1462 528 coniunx
1492 487 1579 528 eius
1613 488 1654 528 et

148 555 299 597 Lucius
332 554 472 596 fideles
502 554 681 596 extorres
712 553 815 596 facti
846 553 1102 607 reliquerunt
1131 554 1404 606 possessiones
1426 567 1525 608 quas
1546 567 1653 597 nunc

115 642 130 666 ⁵
143 623 264 665 fiscus
286 624 409 665 tenet.
434 623 505 665 sed
525 624 567 665 et
583 623 658 664 sub
679 621 957 676 persecutione
973 622 1001 675 †
1018 621 1161 664 eadem
1182 622 1333 664 mulier
1353 623 1519 665 nomine
1540 623 1654 665 Bona

145 704 247 745 quae
278 692 412 734 tracta
442 692 505 733 est
535 704 559 733 a
588 691 737 733 marito
770 691 821 733 ad
853 690 1184 742 sacrificandum,
1222 704 1327 744 quae
1359 692 1653 734 conscientiam

144 773 223 803 non
251 760 513 802 commiscuit
534 760 605 802 sed
626 760 811 802 tenentes
833 773 980 802 manus
1003 760 1090 802 eius
1112 759 1172 802 sic
1193 759 1274 814 ipsi
1295 759 1659 811 sacrificauerunt«

144 830 203 871 sic
233 830 322 883 ipsa
353 829 487 883 coepit
517 829 650 871 dicere
682 829 824 871 contra
852 824 950 871 ‘non
979 828 1071 879 feci,
1107 840 1180 871 uos
1202 824 1384 879 fecistis‚'
1418 829 1477 871 sic
1498 830 1539 870 et
1563 830 1653 883 ipsa

145 898 318 940 extorris
341 897 451 940 facta
472 897 546 940 est.
571 910 667 939 cum
688 910 712 938 a
728 909 794 938 me
816 908 912 953 ergo
934 897 1119 939 uniuersi
1142 909 1285 952 pacem
1305 898 1491 951 peterent
1512 898 1653 940 dicen-

97 989 130 1014 10
142 967 204 1009 tes
221 962 570 1020 ‘recuperauimus
591 965 716 1008 fidem
737 978 862 1019 quam
884 965 1169 1019 amiseramus,
1205 966 1505 1020 paenitentiam
1526 978 1653 1021 agen-

144 1037 206 1078 tes
228 1034 442 1077 Christum
462 1034 627 1089 publice
649 1046 792 1077 sumus
814 1030 1012 1086 confessi,’
1047 1035 1240 1089 quamuis
1262 1035 1367 1077 mihi
1390 1035 1584 1078 uideatur
1606 1037 1654 1079 ut

145 1103 323 1147 debeant
353 1117 497 1158 pacem
525 1104 722 1158 accipere,
757 1103 830 1146 sed
850 1103 904 1146 ad
925 1104 1162 1146 consultum
1194 1104 1383 1147 uestrum
1405 1116 1472 1146 eos
1495 1104 1651 1159 dimisi,

144 1185 194 1215 ne
222 1173 323 1227 quid
345 1173 489 1216 uidear
509 1174 665 1216 temere
686 1172 847 1227 aliquid
867 1185 1142 1227 praesumere.
1173 1173 1208 1214 si
1229 1173 1331 1227 quid
1353 1185 1448 1229 ergo
1470 1186 1518 1216 ex
1540 1185 1653 1216 com-

143 1242 259 1284 muni
275 1242 446 1285 consilio
462 1242 666 1296 placuerit
683 1242 852 1284 scribite
868 1242 985 1284 mihi.
1018 1242 1198 1284 salutate
1215 1243 1388 1285 nostros
1414 1255 1488 1285 uos
1505 1242 1650 1285 nostri.

97 1327 129 1353 ιε
143 1312 237 1365 opto
260 1323 333 1354 uos
354 1311 617 1354 felicissimos
638 1311 739 1353 bene
760 1311 912 1354 ualere.

215 1472 237 1506 2
254 1458 360 1516 pbffii
374 1482 454 1516 νωμ
584 1471 719 1506 decimo
736 1471 907 1517 proximis
927 1482 956 1514 r,
975 1471 1146 1517 proximis
1162 1471 1298 1506 decimo
1316 1483 1348 1506 w
1481 1471 1651 1516 uinculis]

143 1529 282 1564 uicinus
299 1540 320 1564 v
428 1528 450 1563 3
467 1529 570 1574 plene
587 1540 618 1564 w
722 1531 759 1564 et
776 1539 841 1564 om.
861 1541 882 1565 v
987 1529 1114 1564 coniux
1135 1530 1168 1563 T
1273 1529 1297 1564 4
1314 1529 1430 1564 fidelis
1449 1540 1496 1574 μο·
1596 1539 1653 1564 ex-

142 1588 317 1622 torrentes
339 1587 444 1632 Τμ“ν,
475 1587 729 1622 extorrefactos
752 1587 787 1622 V
914 1586 1003 1622 facti
1029 1598 1073 1622 ex
1094 1586 1186 1622 facit
1209 1589 1247 1628 T,
1275 1586 1365 1621 facit
1384 1600 1411 1631 φ
1545 1587 1653 1621 relin-

144 1646 296 1689 querunt
312 1655 344 1679 w
476 1644 582 1690 nunc]
601 1656 691 1680 unus
711 1656 758 1690 μω·
889 1645 912 1679 5
928 1644 1033 1680 fiscus
1051 1647 1151 1680 tenet
1168 1658 1226 1690 μν,
1251 1645 1303 1680 eis
1322 1646 1423 1679 tenet
1446 1645 1482 1686 T,
1502 1644 1553 1678 eis
1571 1654 1654 1679 con-

143 1704 218 1770 stet1
231 1716 272 1746 φ,
288 1702 339 1736 eis
357 1704 499 1737 constat
515 1713 547 1737 w
640 1703 701 1738 sed
718 1704 755 1737 et
772 1703 837 1738 sub
855 1703 1099 1747 persecutione
1116 1705 1138 1746 †
1156 1703 1278 1738 eadem
1295 1703 1438 1747 scri-psi,
1457 1701 1518 1736 sed
1535 1703 1570 1736 et
1588 1702 1653 1736 sub

144 1755 160 1775 q
163 1755 268 1770 uuuuu
343 1755 356 1769 e
385 1754 401 1769 ι

143 1788 206 1822 per
223 1788 259 1812 se
276 1777 482 1822 opereodem
501 1778 534 1811 T
546 1777 609 1821 (cf.
628 1777 906 1821 inscriptionem
924 1778 1024 1822 epist.
1042 1780 1096 1819 16,
1115 1778 1181 1812 ubi
1196 1777 1441 1822 persecutione
1459 1776 1654 1811 abbreuia-

146 1838 225 1870 tum
248 1835 422 1871 scribitur
445 1837 571 1880 perse),
602 1834 664 1869 sed
689 1836 726 1869 et
749 1845 853 1879 super
870 1845 908 1870 se
925 1845 1026 1880 opere
1053 1835 1174 1870 eadem
1192 1846 1249 1879 μν,
1282 1834 1344 1869 sed
1360 1836 1397 1869 et
1415 1845 1518 1879 super
1537 1844 1574 1868 se
1591 1835 1654 1869 aut

143 1891 265 1926 codem
282 1905 322 1936 φ,
342 1892 403 1927 sed
420 1894 457 1927 et
473 1903 575 1937 super
599 1894 655 1927 est
672 1903 708 1927 se
725 1894 790 1927 aut
806 1892 926 1927 eodem
942 1903 986 1936 w,
1012 1892 1072 1927 sed
1090 1894 1127 1927 et
1143 1903 1204 1927 seu
1221 1903 1283 1937 per
1300 1902 1337 1926 se
1355 1893 1419 1927 aut
1434 1902 1497 1937 per
1513 1890 1654 1926 eosdem

145 1949 346 1991 MorelIius,
366 1949 425 1984 sed
442 1951 478 1984 et
495 1962 515 1985 v
616 1949 708 1984 bona
725 1961 770 1984 ex
786 1949 907 2007 110111)ν
899 1951 938 1992 T,
956 1950 994 1984 in
1012 1950 1102 1985 bono
1119 1963 1157 1994 μ,
1177 1950 1190 1984 1
1206 1949 1297 1984 bono
1314 1960 1335 1984 r
1436 1950 1458 1984 6
1475 1948 1654 1984 conscien-

146 2007 237 2041 tiam
261 2017 330 2041 non
355 2007 577 2042 commiscuit
593 2007 735 2051 scripsi,
767 2007 906 2042 conscia
923 2017 991 2042 non
1009 2006 1189 2042 commisit
1208 2018 1282 2051 (pio,
1313 2005 1568 2042 conscientiam
1585 2016 1654 2040 non

145 2064 325 2099 commisit
342 2075 398 2110 μν,
429 2064 648 2099 conscientia
671 2075 740 2099 non
765 2064 926 2099 commisi
949 2066 1008 2107 T',
1037 2064 1256 2099 conscientia
1273 2075 1342 2099 non
1360 2063 1541 2099 commissi
1563 2064 1654 2106 T²v;

146 2122 193 2165 cf.
218 2122 325 2167 Gypr.
347 2133 385 2166 p.
404 2124 538 2166 256‚25
564 2126 597 2157 et
629 2122 674 2157 de
697 2122 789 2157 bono
808 2122 933 2166 pudic.
960 2133 988 2157 c.
1006 2125 1051 2157 8.·
1082 2121 1337 2157 conscientiam
1363 2132 1433 2156 non
1458 2121 1606 2155 miscuit

144 2178 164 2212 7
183 2178 254 2223 sed]
273 2179 332 2214 sed
349 2179 433 2224 quia
450 2191 472 2215 v
542 2190 650 2214 manu
667 2190 713 2224 μν
783 2179 859 2214 eius
876 2179 939 2224 sic]
958 2179 1034 2214 eius
1053 2189 1138 2223 ‹pwv
1223 2179 1246 2213 8
1263 2179 1314 2213 sic
1332 2179 1412 2224 ipsa
1430 2189 1495 2213 om.
1515 2190 1535 2214 v
1599 2178 1655 2213 in-

144 2235 241 2280 cepit
257 2247 288 2271 w
367 2236 417 2272 sie
435 2238 557 2271 contra
572 2248 604 2271 w
682 2236 760 2282 ipsa
777 2247 822 2272 ex
839 2237 914 2281 ipse
932 2237 966 2272 T
1042 2237 1063 2271 9
1080 2238 1260 2271 extorrens
1277 2238 1320 2281 μι
1401 2247 1422 2271 a
1438 2247 1494 2271 me
1511 2247 1578 2271 mn,
1595 2247 1655 2280 νμ,

146 2303 201 2328 me
221 2295 255 2328 T
328 2294 373 2328 10
389 2294 663 2338 rcciperauimus
681 2295 756 2335 TV,
775 2290 1059 2339 recuperabimus
1078 2304 1125 2339 μν
1203 2296 1348 2338 agentes
1366 2304 1431 2329 om.
1448 2307 1488 2338 φ,
1507 2295 1655 2338 agentes

145 2352 182 2385 et
198 2361 218 2386 v
278 2351 319 2385 11
339 2351 473 2386 christo
490 2362 537 2396 νμ
599 2351 753 2397 publice]
774 2351 951 2396 supplices
970 2363 1033 2396 ‹pw
1081 2350 1272 2386 uideantur
1290 2350 1415 2386 debere
1432 2363 1453 2386 v
1518 2351 1562 2385 12
1579 2350 1653 2396 sed]

145 2410 266 2443 tamen
282 2420 304 2444 v
412 2409 626 2454 consultum]
645 2409 833 2444 consilium
851 2420 872 2445 v
977 2410 1137 2444 nostrum
1156 2420 1219 2453 ‹pw
1313 2419 1370 2443 eos
1388 2408 1517 2443 demisi
1540 2410 1579 2450 T,
1599 2419 1656 2443 eos

146 2466 215 2500 msi
231 2477 275 2510 w,
294 2465 433 2500 eosdem
450 2466 534 2501 misi
552 2480 594 2511 φ,
611 2466 750 2502 eosdem
768 2466 799 2501 si
817 2478 864 2512 νμ
994 2467 1037 2502 13
1055 2466 1140 2511 quid
1159 2477 1225 2501 om.
1247 2477 1267 2501 v
1396 2465 1562 2501 uideatur
1581 2479 1608 2509 φ

145 2523 285 2568 aliquid
302 2525 435 2558 temere
450 2535 471 2559 v
582 2524 626 2559 14
643 2524 790 2559 concilio
807 2535 828 2559 r
931 2525 1068 2559 uestros
1086 2525 1179 2560 coni.
1205 2523 1320 2559 Oxon.
1428 2524 1507 2568 nos]
1527 2533 1588 2558 uos
1606 2534 1656 2563 w;

147 2591 210 2615 uos
228 2580 343 2615 nostri
361 2592 426 2616 om.
445 2591 492 2626 νμ
625 2582 668 2616 15
684 2581 926 2627 felicissimos]
946 2581 1078 2616 fratres
1096 2592 1234 2626 semper
1249 2592 1308 2626 νμ,
1327 2581 1458 2615 fratres
1477 2579 1656 2615 carissimi

146 2649 284 2683 semper
299 2650 330 2674 v.
351 2658 393 2664 —
411 2638 574 2683 Epistola
591 2638 755 2674 Caldonii
784 2638 829 2673 ad
846 2638 1053 2684 Ciprianurn
1078 2638 1120 2673 dc
1145 2638 1196 2673 eis
1222 2638 1284 2682 qui
1313 2637 1604 2672 sacrificauerunt
1621 2638 1657 2671 et

146 2697 269 2740 postea
301 2696 520 2731 extorrentes
554 2696 641 2732 facti
674 2699 758 2732 sunt
790 2698 826 2731 et
858 2707 980 2741 pacem
1013 2695 1288 2741 postulauerunt
1321 2695 1469 2740 explicit
1506 2696 1546 2738 T,
1588 2705 1656 2730 om.

147 2763 266 2797 φνωμ·
289 2772 327 2778 -
