1838 3152
582 243 813 288 Epistulae
838 242 1009 278 LXXII.
1036 254 1066 279 c.
1092 245 1188 278 1—3.
1544 245 1623 287 777

134 347 294 399 oportet
324 346 432 388 enim
454 346 683 389 sacerdotes
705 348 746 388 et
766 346 976 388 ministros
998 348 1066 400 qui
1096 347 1216 388 altari
1247 349 1288 389 et
1317 347 1526 390 sacrificiis
1554 348 1626 390 de·

134 415 323 457 seruiunt
344 414 524 470 integros
546 415 677 469 adque
698 414 971 456 inmaculatos
991 427 1089 464 esse,
1114 427 1207 457 cum
1230 416 1428 457 Dominus
1450 417 1560 457 Deus
1583 417 1624 458 in

135 483 318 525 Leuitico
340 483 533 536 loquatur
554 485 594 525 et
615 483 744 525 dicat:
774 483 922 524 homo
956 483 1004 524 in
1038 495 1133 536 quo
1166 484 1323 526 fuerit
1356 484 1556 526 macula
1577 485 1625 526 et

137 551 331 593 uitium
372 563 465 593 11011
505 551 719 593 accedet
749 550 911 594 offere
942 551 1071 593 dona
1101 552 1223 602 Deo,
1265 552 1365 594 item
1408 553 1450 594 in
1488 553 1624 595 Exodo

105 621 232 662 nhaec
270 620 409 661 eadem
446 620 669 674 praecipiat
705 621 746 662 et
779 620 913 662 dicat:
956 620 1004 660 et
1038 620 1337 662 sacerdotes
1367 621 1451 674 qui
1487 633 1623 663 acce-

133 689 262 731 dunt
302 688 359 730 ad
399 689 669 731 Dominum
709 673 865 730 Deum
908 687 1336 738 sanctificentur,
1387 701 1444 730 ne
1484 689 1624 731 forte

134 757 475 811 derelinquat
506 757 635 799 illos
669 757 933 800 Dominus.
968 758 1008 798 et
1044 756 1214 798 iterum:
1256 758 1448 798 etcum
1484 770 1624 800 acce·

134 825 257 867 dunt
291 825 594 867 ministrare
639 825 697 867 ad
729 825 894 867 altare
930 826 1120 875 sancti,
1154 837 1247 866 non
1282 825 1542 867 adducent
1575 826 1625 868 in

133 907 181 936 se
229 893 479 935 delictum
519 906 576 935 ne
615 894 917 936 moriantur.
971 894 1078 946 quod
1125 895 1265 935 autem
1311 894 1443 935 maius
1491 896 1624 948 potest-

88 981 121 1005 ιο
135 975 220 1005 esse
243 962 440 1004 delictum
463 964 535 1004 aut
555 975 659 1016 quae
687 963 850 1004 macula
879 962 1098 1004 deformior
1126 975 1249 1016 quam
1280 962 1475 1005 aduersus
1505 962 1623 1005 Chri-

132 1032 243 1074 stum
265 1031 442 1082 stetisse,
465 1044 589 1085 quam
612 1031 825 1073 ecclesiam
848 1031 936 1073 eius
957 1044 1080 1084 quam
1102 1031 1173 1073 1110
1195 1032 1391 1086 sanguine
1412 1044 1484 1074 suo
1504 1045 1623 1086 para·

133 1100 197 1142 uit
219 1101 260 1141 et
281 1100 466 1142 condidit
489 1100 722 1153 dissipasse,
745 1112 869 1153 quam
891 1100 1149 1154 euangelicae
1177 1100 1288 1154 pacis
1318 1113 1364 1142 ac
1393 1101 1623 1143 dilectionis

134 1167 311 1210 oblitum
341 1170 482 1210 contra
514 1169 747 1211 unanimem
779 1170 820 1209 et
850 1169 1085 1210 concordem
1118 1169 1194 1210 Dei
1230 1169 1426 1222 populum
1463 1169 1625 1212 hostilis

131 1237 356 1279 discordiae
377 1237 510 1279 furore
531 1238 763 1292 pugnasse?
785 1238 854 1290 qui
876 1237 953 1279 etsi
971 1237 1048 1290 ipsi
1066 1237 1326 1290 postmodum
1343 1238 1394 1279 ad
1412 1238 1626 1281 ecclesiam

87 1325 119 1349 ιε,
133 1307 317 1358 redeunt,
340 1307 554 1348 restituere
576 1308 714 1348 tamen
736 1318 801 1348 eos
824 1307 864 1347 et
886 1319 1023 1348 secum
1045 1318 1232 1348 reuocare
1254 1319 1333 1349 non
1354 1309 1525 1360 possunt
1554 1307 1624 1361 qui

131 1374 182 1416 ab
206 1375 264 1416 eis
286 1375 443 1417 seducti
466 1377 507 1418 et
529 1374 626 1416 foris
648 1376 779 1416 morte
801 1374 1013 1428 praeuenti
1036 1376 1148 1416 extra
1168 1374 1382 1417 ecclesiam
1404 1375 1489 1417 sine
1512 1387 1624 1417 com-

131 1443 405 1486 municatione
427 1445 468 1485 et
489 1456 585 1497 pace
616 1443 837 1497 perierunt,
870 1456 1043 1496 quorum
1074 1443 1234 1484 animae
1263 1443 1305 1485 in
1327 1443 1392 1484 die
1413 1443 1554 1486 iudicii
1576 1444 1625 1486 de

134 1511 318 1566 ipsorum
347 1512 535 1554 manibus
566 1513 807 1565 expetentur
842 1511 912 1565 qui
948 1512 1189 1565 perditionis
1216 1512 1400 1554 auctores
1431 1514 1472 1554 et
1500 1512 1624 1556 duces

133 1581 370 1623 extiterunt.
395 1582 435 1622 et
456 1581 607 1623 idcirco
635 1581 736 1622 satis
756 1582 817 1622 est
839 1580 992 1622 talibus
1013 1581 1313 1622 reuertentibus
1335 1581 1498 1623 ueniam
1520 1581 1623 1633 dari,

86 1670 120 1695 20
133 1660 212 1690 11011
233 1650 371 1691 tamen
394 1649 514 1691 debet
534 1649 577 1691 in
599 1649 717 1690 domo
739 1648 834 1690 fidei
855 1648 1025 1702 perfidia
1046 1649 1287 1702 promoueri.
1318 1661 1411 1690 nam
1433 1648 1531 1702 quid
1552 1649 1624 1691 bo-

134 1717 199 1759 nis
221 1720 261 1760 et
282 1718 565 1760 innocentibus
587 1718 719 1771 adque
745 1717 795 1759 ab
825 1717 995 1759 ecclesia
1023 1730 1101 1759 non
1130 1717 1411 1759 recedentibus
1440 1730 1624 1760 reserua-

131 1799 237 1837 mus,
261 1787 295 1827 si
318 1799 383 1828 eos
406 1786 475 1840 qui
498 1800 521 1828 a
543 1786 659 1829 nobis
681 1786 920 1828 recesserint
952 1787 992 1827 et
1023 1787 1163 1828 contra
1191 1785 1403 1828 ecclesiam
1433 1786 1624 1828 steterint

129 1854 405 1897 honoramus?

187 1924 300 1966 Haec
328 1924 379 1966 ad
401 1924 693 1966 conscientiam
724 1925 854 1973 tuam,
891 1922 1019 1964 frater
1047 1922 1269 1973 carissime,
1307 1923 1347 1964 et
1375 1934 1447 1975 pro
1475 1923 1663 1965 110110το3

83 2011 115 2036 ¹25
133 1994 341 2035 communi
363 1994 403 2034 et
423 2004 494 2046 pro
516 1992 696 2047 simplici
719 1991 936 2033 dilectione
966 1991 1227 2045 pertulimus,
1258 1991 1467 2033 credentes
1498 1991 1624 2033 etiam

129 2061 208 2103 tibi
237 2074 309 2116 pro
341 2061 550 2116 religionis
571 2062 667 2103 tuae
690 2064 729 2103 et
753 2060 845 2102 fidei
869 2060 1045 2102 ueritate
1066 2060 1225 2114 placere
1247 2072 1350 2113 quae
1371 2060 1412 2102 et
1434 2059 1626 2115 religiosa

265 2203 287 2237 3
312 2202 394 2237 Leu.
420 2203 474 2243 21,
501 2203 554 2237 21.
649 2203 671 2236 5
696 2201 754 2236 Ex.
783 2202 835 2242 19,
861 2201 915 2236 22.
1011 2201 1030 2234 7
1058 2200 1117 2235 Ex.
1143 2200 1198 2242 28,
1224 2200 1278 2235 43.

198 2335 215 2368 1
236 2333 362 2367 altario
382 2333 425 2373 B,
444 2332 567 2367 altarii
590 2333 620 2378 Q
744 2333 765 2367 2
783 2343 860 2367 011111
878 2342 943 2367 om.
965 2332 1008 2372 Β,
1024 2334 1140 2366 tecum
1160 2331 1240 2366 LN
1359 2331 1444 2367 deus
1461 2342 1526 2367 om.
1546 2332 1586 2366 E

127 2392 150 2426 3
168 2391 324 2435 loquitur
342 2390 378 2425 B
529 2390 552 2425 4
568 2389 700 2424 exhodo
719 2389 790 2435 LQ
942 2390 964 2425 5
980 2378 1148 2434 {Fe‘ipiat
1166 2380 1235 2423 ΕΞ
1252 2400 1278 2423 s.
1296 2389 1318 2423 l.
1476 2389 1495 2423 7
1514 2389 1625 2424 delin-

130 2450 218 2493 quat
234 2448 269 2483 L
474 2449 496 2482 8
520 2447 697 2482 adducant
714 2447 749 2481 B
955 2448 977 2482 9
999 2458 1041 2481 110
1142 2447 1163 2481 l.
1191 2449 1237 2480 10
1261 2446 1430 2481 delictum
1454 2457 1520 2481 om.
1546 2446 1582 2481 B

131 2506 176 2540 10
192 2508 256 2540 aut
272 2516 342 2550 qua
358 2506 422 2547 E·‚
440 2507 512 2550 atq.
532 2506 568 2540 B
750 2504 953 2549 {aduersum
973 2504 1009 2539 B
1207 2503 1394 2548 christum]
1414 2492 1492 2548 effi
1508 2503 1587 2538 ΕΝ

131 2563 173 2598 11
194 2562 361 2607 sanguini
379 2563 462 2599 BM
477 2562 665 2607 (sanguine
687 2562 731 2607 Q)
881 2561 1002 2606 paruit
1019 2561 1067 2595 M
1081 2560 1237 2605 (parauit
1259 2560 1302 2605 Q)
1453 2560 1496 2594 12
1511 2560 1627 2594 dissu-

130 2630 231 2665 passc
249 2619 320 2664 NQ
480 2619 523 2654 14
539 2622 576 2654 et
593 2619 623 2654 si
641 2619 708 2664 ipsi
728 2618 824 2664 E'Q,
843 2621 879 2654 et
895 2618 967 2663 ipsi
986 2617 1208 2658 BE¹LMN,
1226 2617 1295 2651 etsi
1313 2628 1334 2652 v
1485 2627 1564 2651 cum
1581 2617 1625 2651 ad

130 2677 275 2712 ecclesia
292 2677 336 2711 N
479 2676 522 2711 16
538 2676 686 2711 ecclesia
704 2677 784 2711 LN
928 2676 970 2710 17
987 2675 1080 2710 diem
1100 2674 1136 2708 B
1274 2674 1317 2708 18
1334 2675 1562 2718 expectentur
1579 2674 1623 2715 L.

129 2736 358 2779 expectantur
378 2734 412 2769 B
570 2733 784 2778 perditiones
806 2733 837 2778 Q
1001 2733 1043 2767 21
1062 2730 1243 2766 ecclesiam
1263 2730 1369 2776 BLQ
1528 2731 1573 2766 22
1589 2733 1626 2766 et

130 2794 252 2827 contra
269 2802 296 2825 e.
315 2791 566 2826 steterintom.
589 2791 705 2825 BLN
798 2791 841 2825 24
859 2790 945 2825 haec
963 2789 1006 2824 ad
1023 2798 1135 2833 usque
1151 2787 1200 2822 ad
1215 2787 1241 2830 fi
1247 2797 1325 2822 nem
1343 2788 1419 2823 each.
1438 2788 1624 2833 Hierony·

131 2859 210 2883 mus
228 2849 323 2882 Aclu.
344 2848 506 2890 Lucifer.
525 2859 560 2891 p.
579 2849 652 2882 304
668 2858 717 2892 sq.
859 2847 1044 2882 seientiam
1064 2845 1098 2879 B
