1838 3152
437 234 624 266 sentent
654 242 701 266 ae
726 234 1038 276 episcoporum
1064 244 1121 267 nr.
1151 235 1285 269 17-24
1527 239 1612 279 444⁶,

506 396 811 435 Hortensianus
833 408 858 435 a
878 396 1051 435 Laribus
1074 397 1201 436 dixit:

166 473 356 515 Viderint
391 475 464 514 aut
500 475 828 528 praesumptores
863 475 935 516 aut
968 473 1148 517 fautores
1185 476 1508 519 haereticorum:
1541 490 1612 521 nos
1634 480 1686 520 21

107 556 235 584 unum
257 542 464 595 baptisma
485 541 594 595 quod
622 553 700 583 non
730 542 809 583 nisi
840 542 881 584 in
902 543 1072 585 ecclesia
1093 544 1284 585 nouimus
1307 545 1500 589 ecclesiae
1522 548 1614 589 uin-

106 611 302 652 dicamus.
357 611 429 652 aut
461 610 662 663 quomodo
694 612 863 664 possunt
892 611 934 653 in
970 613 1134 654 nomine
1164 611 1317 654 Christi
1339 614 1519 668 aliquem
1542 617 1616 658 ba-

78 680 258 735 spt-izare
281 691 380 732 quos
403 679 487 733 ipse
510 678 696 721 Christus
719 680 822 722 dicit
843 680 1100 723 aduersarios
1122 693 1216 723 suos
1240 686 1356 724 esse?

514 807 675 846 Cassius
698 818 722 845 a
743 807 1054 846 macomadibus
1076 809 1201 848 dixit:

162 886 263 927 Cum
298 885 550 938 baptismata
583 885 662 926 duo
694 897 781 926 esse
813 898 891 926 non
914 886 1091 938 possint,
1139 887 1209 939 qui
1231 887 1450 930 haereticis
1478 889 1616 943 bapti·
1632 890 1685 929 22

104 968 241 997 smum
263 954 446 996 concedit
468 953 547 994 sibi
571 953 695 995 tollit.
720 966 863 996 censeo
885 955 1023 1008 itaque
1044 955 1203 997 flebiles
1225 959 1266 998 et
1289 957 1452 999 tabidos
1473 958 1616 1001 haere-

102 1024 205 1066 ticos
236 1022 504 1076 baptizandos
526 1034 632 1071 esse,
666 1035 759 1064 cum
796 1023 847 1064 ad
884 1024 1098 1065 ecclesiam
1136 1025 1274 1067 uenire
1312 1027 1540 1079 coeperint,
1573 1030 1614 1069 et

60 1107 91 1132 10
104 1105 216 1135 sacra
246 1093 287 1132 et
319 1091 461 1132 diuina
492 1091 698 1133 lauatione
730 1091 834 1133 lotos
868 1094 909 1133 et
940 1092 982 1133 in
1014 1092 1170 1135 lumine
1201 1094 1313 1136 uitae
1345 1095 1613 1137 inluminatos

104 1173 183 1203 non
212 1161 347 1202 hostes
379 1160 449 1202 sed
481 1159 691 1212 pacificos,
723 1172 803 1201 non
836 1160 991 1202 alienos
1013 1162 1084 1203 sed
1106 1161 1201 1203 fidei
1225 1162 1391 1204 Domini
1413 1164 1613 1205 domesti-

103 1242 190 1277 cos,
223 1242 302 1271 non
323 1229 531 1271 adulteros
554 1229 623 1270 sed
647 1229 721 1270 Dei
744 1229 851 1270 filios
866 1262 876 1279 ,
909 1242 987 1272 non
1010 1231 1159 1272 erroris
1181 1232 1252 1273 sed
1275 1232 1423 1273 salutis
1446 1232 1612 1275 effectos

103 1301 146 1342 in
168 1299 381 1343 ecclesiam
404 1298 551 1352 recipi,
574 1298 728 1352 absque
750 1299 813 1340 his
836 1299 906 1352 qui
928 1300 978 1341 de
1000 1300 1169 1341 ecclesia
1191 1300 1331 1342 fideles
1354 1301 1612 1354 supplantati

104 1368 155 1411 ad
175 1368 355 1410 haeresis
378 1367 564 1409 tenebras
587 1368 854 1418 transierant,
879 1368 950 1411 sed
971 1381 1037 1410 eos
1059 1382 1130 1423 per
1151 1382 1298 1411 manus
1321 1370 1613 1424 inpositionem

58 1453 90 1478 ιε
104 1438 392 1480 restituendos.

415 1555 530 1594 Alius
551 1555 772 1594 Ianuarius
795 1567 820 1594 a
840 1555 942 1594 Vico
969 1555 1159 1594 Caesaris
1182 1556 1309 1594 dixit:

165 1632 207 1674 Si
244 1645 322 1674 non
359 1632 615 1686 obtemperat
652 1645 762 1675 error
799 1633 989 1682 ueritati,
1023 1633 1155 1674 multo
1186 1633 1323 1688 magis
1355 1635 1510 1676 ueritas
1541 1648 1620 1677 non
1637 1642 1689 1682 23

108 1702 311 1743 consentit
334 1702 471 1742 errori.
506 1703 546 1742 et
570 1701 660 1743 ideo
690 1714 761 1743 nos
784 1702 975 1744 ecclesiae
998 1702 1264 1751 adsistimuS,
1297 1703 1340 1744 in
1362 1716 1441 1756 qua
1463 1705 1620 1757 praesi-

108 1770 275 1817 demus,
300 1773 344 1811 ut
369 1770 624 1824 baptismum
646 1771 733 1811 eius
757 1771 836 1824 ipsi
858 1771 934 1813 soli
956 1771 1214 1813 uindicantes
1236 1783 1303 1813 eos
1326 1784 1426 1825 quos
1449 1773 1622 1815 ecclesia

63 1851 185 1885 20non
208 1839 435 1892 baptizauit
458 1839 728 1893 baptizemus.

480 1968 596 2006 Alius
619 1968 874 2007 Secundiuus
895 1980 920 2007 a
943 1968 1096 2019 Carpos
1119 1969 1245 2007 dixit:

165 2045 375 2087 Haeretici
399 2046 614 2087 christiani
647 2048 742 2087 sunt
773 2059 824 2087 an
855 2049 963 2087 non?
996 2046 1031 2087 si
1068 2046 1282 2087 christiani
1320 2049 1438 2095 sunt,
1473 2060 1545 2088 cur
1579 2047 1621 2088 in
1637 2055 1690 2095 24

109 2115 275 2156 ecclesia
311 2116 386 2156 Dei
423 2127 501 2156 non
538 2116 665 2156 sunt?
698 2115 732 2155 si
770 2115 985 2156 christiani
1022 2127 1101 2156 non
1139 2118 1258 2163 sunt,
1292 2115 1404 2156 fiant.
1438 2117 1511 2157 aut
1541 2127 1619 2169 quo

177 2254 199 2287 Ξ.)
224 2253 382 2287 uiderint
409 2252 549 2287 SLTV
576 2257 609 2286 et
636 2252 738 2287 codd.
758 2253 871 2297 Aust,
906 2254 993 2296 quot
1019 2252 1093 2286 sint
1118 2252 1290 2296 baptismi
1317 2251 1473 2286 uiderint
1497 2252 1554 2287 Av

108 2312 349 2354 prosumptorc
369 2310 398 2344 S
483 2310 505 2343 3
530 2314 617 2344 ante
635 2310 729 2354 quod
752 2311 782 2342 T
794 2321 820 2344 S.
836 2310 859 2343 l.
878 2312 996 2343 tenere
1091 2310 1269 2354 nouimus]
1288 2312 1343 2343 est
1360 2311 1396 2343 et
1415 2309 1450 2343 id
1468 2309 1571 2343 nobis
1589 2311 1623 2343 et

108 2377 152 2402 ex
167 2368 267 2402 nouis
282 2369 313 2401 T
378 2368 400 2401 ἴ)
416 2367 507 2402 dixit
523 2369 552 2401 T
618 2368 639 2400 ⁴3
657 2368 774 2401 casius
793 2368 827 2401 L
897 2367 1162 2401 macomanibus
1174 2367 1212 2401 Β·
1292 2367 1311 2400 7
1330 2366 1512 2411 baptisma
1529 2367 1558 2399 T

107 2427 254 2470 possunt
272 2425 301 2459 S
404 2425 582 2470 baptisma
603 2437 622 2460 v
739 2427 761 2458 8
787 2425 909 2469 itaque
927 2426 969 2458 in
987 2436 1058 2459 ras.
1084 2426 1114 2458 T
1205 2426 1241 2458 et
1259 2424 1414 2468 tabidos]
1434 2423 1623 2458 sectabiles

109 2482 152 2523 S;
177 2486 213 2518 et
229 2483 467 2528 desperabiles
483 2484 569 2526 fort.
677 2483 698 2516 9
723 2483 912 2527 coeperunt
930 2482 959 2516 S
1051 2485 1087 2516 ct
1104 2493 1204 2516 saera
1221 2493 1286 2516 om.
1304 2482 1338 2516 L
1409 2529 1424 2535 ἢ
1443 2481 1486 2515 10
1503 2481 1539 2515 in
1557 2492 1622 2515 om.

109 2541 237 2577 LTAv
323 2541 365 2575 11
391 2540 556 2584 pacificus
574 2539 617 2575 S¹
715 2541 757 2574 12
782 2540 927 2574 effectus
947 2539 976 2573 S
1064 2540 1107 2573 13
1131 2540 1263 2583 absque
1281 2539 1351 2583 his]
1377 2549 1436 2583 sps
1460 2549 1549 2582 quae
1567 2538 1625 2571 his

109 2599 169 2643 qui
187 2599 231 2640 S,
257 2599 390 2643 absque
407 2609 464 2633 eos
482 2609 526 2633 ea:
543 2598 689 2642 adqueis
713 2599 743 2631 T
879 2597 935 2642 de]
954 2597 991 2631 in
1010 2598 1045 2631 A
1062 2596 1125 2630 sed
1142 2596 1238 2631 idem
1255 2598 1275 2640 ξ
1292 2598 1338 2630 55
1355 2595 1397 2630 (10
1540 2594 1625 2628 fido-

109 2656 155 2691 lis
173 2656 202 2691 S
272 2657 314 2691 14
339 2656 399 2691 sed
416 2667 474 2691 cos
491 2667 573 2700 exp.
591 2659 633 2690 in
656 2657 686 2689 T
753 2655 797 2689 18
822 2666 927 2699 quam
950 2655 980 2688 T
1062 2653 1307 2698 praesedemus
1327 2652 1357 2687 S
1431 2653 1473 2686 :21
1502 2662 1624 2694 carpos

111 2713 227 2754 SLV,
254 2724 378 2758 carpus
400 2714 437 2753 T,
456 2713 572 2757 carpis
589 2714 648 2747 Av
764 2713 809 2746 23
835 2712 892 2746 (lei
911 2724 975 2746 om.
1001 2713 1032 2745 T
1123 2710 1153 2744 si
1172 2710 1225 2744 ch.
1246 2721 1314 2744 non
1332 2711 1416 2743 sunt
1436 2709 1467 2742 L
1484 2720 1511 2741 s.
1531 2709 1551 2742 I.

109 2770 197 2805 fiant
214 2771 354 2806 LTVA
371 2775 404 2804 et
422 2771 600 2810 Zonaras,
619 2771 710 2804 fiunt
724 2770 762 2812 S,
781 2769 954 2814 quo'modo
972 2768 1188 2803 christianos
1207 2767 1345 2801 faciunt
1363 2778 1382 2801 v
1453 2767 1516 2799 aut
1533 2765 1626 2810 quod

112 2827 156 2870 S,
181 2828 225 2863 ad
243 2840 328 2873 quos
346 2840 390 2863 ωε
407 2830 469 2862 aut
487 2840 554 2872 quo
578 2830 607 2861 T
