1838 3152
649 238 862 282 Epistula
885 237 1122 273 xv.-xvl.
1549 239 1634 285 517

510 408 1024 482 EPISTVLA
1070 408 1232 496 Xng.

238 545 503 582 CYPRIANVS
527 544 845 580 PRESBYTERIS
870 545 928 580 ET
953 545 1179 581 DIACONIS
1203 545 1467 581 FRATRIBVS
1492 547 1526 581 S.

190 684 272 725 Diu
312 683 555 738 patientiam
593 696 728 726 meam
766 684 895 735 tenui,
935 683 1083 726 fratres
1115 683 1333 734 carissimi,
1366 684 1483 737 quasi
1514 679 1666 725 uere-l

131 754 310 796 cundum
342 752 554 794 silentium
584 753 770 794 nostrum
791 752 1003 806 proficeret
1024 751 1075 794 ad
1097 752 1291 805 quietem.
1323 751 1393 794 sed
1415 764 1508 794 cum
1529 764 1630 805 quo-

100 836 116 861 ⁵
139 822 312 863 rundam
352 821 605 863 inmoderata
635 822 676 862 et
705 821 880 874 abrupta
918 821 1196 874 praesumptio
1226 820 1459 862 temeritate
1489 832 1562 862 sua
1591 821 1632 863 et

128 891 321 932 honorem
352 891 582 945 martyrum
603 890 644 931 et
665 889 940 931 confessorum
970 890 1167 943 pudorem
1193 891 1234 931 et
1253 889 1386 943 plebis
1417 888 1631 931 uniuersae

127 959 475 1012 tranquillitatem
506 958 671 1000 turbare
701 958 878 1008 conetur,
908 959 1044 1000 tacere
1064 958 1175 1000 ultra
1202 970 1280 999 non
1302 959 1475 1011 oportet,
1508 969 1557 999 ne
1578 958 1631 1002 ad

127 1027 356 1083 periculum
378 1028 419 1069 et
446 1026 577 1081 plebis
607 1026 762 1080 pariter
791 1027 832 1068 et
862 1028 1048 1068 nostrum
1079 1026 1342 1069 taciturnitas
1373 1026 1502 1069 nimia
1531 1038 1626 1080 pro-

128 1096 257 1138 cedat.
298 1095 405 1149 quod
443 1095 553 1137 enim
583 1107 663 1137 non
692 1094 921 1148 periculum
958 1095 1140 1137 metuere
1171 1095 1365 1137 debemus
1396 1095 1446 1137 de
1477 1095 1629 1138 offensa

83 1178 117 1204 ιο
129 1164 310 1215 Domini,
342 1164 502 1217 quando
534 1163 662 1217 aliqui
684 1164 733 1205 de
754 1163 1003 1218 presbyteris
1032 1176 1105 1206 nec
1134 1164 1339 1219 euangelii
1369 1176 1441 1206 nec
1461 1164 1540 1206 loci
1563 1164 1627 1206 sui

127 1245 338 1283 memores,
372 1231 442 1274 sed
462 1245 592 1286 neque
613 1232 801 1274 futurum
821 1232 988 1274 Domini
1019 1233 1220 1274 iudicium
1251 1245 1382 1286 neque
1412 1245 1519 1276 nunc
1547 1232 1628 1275 sibi

126 1301 404 1355 praepositum
436 1302 669 1355 episcopum
701 1301 942 1356 cogitantes,
974 1302 1082 1355 quod
1111 1314 1337 1355 numquam
1365 1302 1529 1344 omnino
1551 1301 1627 1343 sub

126 1370 448 1412 antecessoribus
479 1370 637 1412 factum
668 1371 741 1420 est,
774 1382 868 1412 cum
899 1370 1148 1413 contumelia
1177 1371 1222 1412 et
1242 1371 1480 1424 contemptu
1509 1382 1628 1424 prae-

126 1439 251 1493 positi
282 1439 418 1480 totum
449 1438 527 1481 sibi
558 1439 797 1487 uindicent?

79 1519 111 1545 ιε
184 1507 321 1561 Atque
360 1507 520 1550 utinam
557 1519 635 1549 non
675 1507 880 1562 prostrata
910 1507 1087 1550 fratrum
1118 1510 1351 1550 nostrorum
1382 1508 1515 1550 salute
1546 1507 1665 1550 sibiz

126 1575 261 1618 omnia
292 1576 576 1618 uindicarent?
615 1576 884 1619 contumelias
915 1576 1173 1631 episcopatus
1203 1576 1335 1619 nostri
1366 1576 1628 1619 dissimulare

126 1646 167 1687 et
198 1644 302 1687 ferre
333 1656 506 1699 possem,
539 1645 647 1687 sicut
677 1644 939 1687 dissimulaui
968 1657 1128 1698 semper
1158 1646 1200 1687 et
1230 1645 1397 1699 pertuli.
1438 1645 1509 1687 sed
1541 1645 1626 1687 dis-

124 1713 346 1755 simulandi
385 1726 492 1755 nunc
529 1714 641 1755 locus
680 1725 759 1755 non
798 1714 872 1766 est,
918 1714 1079 1767 quando
1119 1713 1349 1767 decipiatur
1386 1713 1627 1756 fraternitas

125 1783 263 1824 nostra
283 1796 306 1825 a
327 1782 574 1836 quibusdam
604 1783 810 1825 uestrum:
843 1782 914 1836 qui
937 1782 1035 1824 dum
1056 1782 1144 1824 sine
1165 1783 1321 1825 ratione
1350 1782 1626 1826 restituendae

191 1976 304 2021 Epist.
323 1977 417 2012 XVI.
439 1997 478 2001 —
498 1977 629 2023 Incipit
654 1977 697 2012 ad
723 1977 944 2023 presbyteros
969 1979 1006 2012 et
1023 1977 1185 2012 diaconos
1206 1977 1252 2019 R,
1278 1977 1413 2023 Incipit
1430 1977 1475 2012 ad
1492 1977 1625 2012 clerum

120 2033 269 2079 (Incipit
297 2034 342 2068 ad
366 2025 466 2079 presi)
496 2037 532 2070 et
560 2026 684 2070 diacon
713 2035 866 2069 feliciter
895 2034 1023 2079 incipit
1049 2034 1092 2069 ad
1118 2035 1249 2069 clerum
1272 2035 1315 2080 G)
1346 2034 1388 2070 de
1414 2033 1625 2079 quibusdam

121 2079 217 2136 p‘fffib
247 2091 307 2136 qui
336 2093 466 2126 temere
495 2103 615 2137 pacem
644 2091 755 2137 lapsis
783 2091 955 2127 dederunt
979 2091 1126 2126 necdum
1152 2091 1274 2127 sedata
1293 2102 1412 2138 perscc
1428 2092 1504 2137 (per
1522 2102 1558 2126 se
1586 2092 1624 2134 0,

119 2176 201 2211 pars
231 2166 270 2207 Τ,
296 2145 414 2211 ρεῑεῖοο
443 2166 486 2211 Q)
519 2167 554 2200 et
586 2166 636 2211 (et
668 2177 732 2201 om.
757 2167 800 2208 Ο)
826 2167 917 2201 citra
942 2156 1255 2211 coffioeonsilium
1278 2166 1317 2208 G,
1341 2166 1556 2201 conscientia
1578 2165 1625 2211 Q)

119 2223 361 2269 episcoporum
386 2223 680 2268 (coepiscoporum
705 2225 746 2268 C)
769 2224 878 2270 CTQ.
899 2244 937 2251 —
957 2225 979 2259 2
1004 2224 1209 2260 diaconibus
1231 2224 1334 2260 0²Tv
1448 2224 1470 2258 3
1494 2223 1556 2258 diu
1580 2233 1627 2259 επ

119 2280 164 2315 da
187 2281 217 2316 Ο
300 2282 403 2326 quasi
420 2281 654 2316 ucracundum
678 2281 707 2317 C
722 2282 734 2315 i
751 2292 776 2316 s.
797 2282 819 2316 l.
913 2282 936 2317 4
952 2281 1132 2326 perficeret
1155 2282 1185 2317 Ο
1276 2281 1348 2326 sed]
1367 2282 1406 2316 at
1423 2291 1467 2316 ex
1483 2280 1528 2315 ad
1550 2280 1580 2317 G

119 2338 141 2373 5
159 2338 311 2383 adrupta
333 2338 398 2384 TQ
513 2339 728 2383 temeritate]
754 2340 875 2374 tamen
892 2340 1020 2374 merita
1037 2339 1074 2375 R
1191 2349 1274 2374 suae
1295 2339 1329 2373 Τ
1440 2339 1461 2373 6
1486 2338 1624 2373 confes-

120 2405 234 2430 sorem
256 2396 286 2431 0
297 2395 362 2440 TQ
484 2396 650 2431 uniuersa
666 2398 703 2431 et
724 2397 762 2438 Τ,
782 2396 971 2432 uniuersae
988 2398 1024 2431 et
1046 2397 1076 2433 0
1082 2399 1090 2415 ¹
1219 2396 1239 2430 7
1257 2395 1524 2440 tranquillitate
1543 2395 1580 2431 R

119 2455 287 2488 conentur
309 2453 375 2498 TQ
491 2455 650 2499 oportere
674 2464 718 2489 ex
741 2455 881 2499 oportet
904 2453 934 2499 Q
951 2455 1103 2499 (oportet
1121 2454 1182 2499 M)
1297 2454 1320 2488 8
1343 2455 1380 2488 et
1396 2453 1524 2498 plebis]
1550 2453 1624 2497 ple-

118 2509 173 2544 bis
196 2510 226 2546 C
330 2510 488 2555 procedit
510 2511 564 2552 0¹,
584 2511 749 2556 precedat
769 2511 800 2557 Q
817 2511 998 2556 (procedat
1015 2512 1076 2557 M)
1185 2511 1230 2546 10
1245 2511 1348 2546 deum
1371 2512 1404 2546 Τ
1508 2509 1623 2554 aliqui

117 2577 182 2603 om.
206 2569 239 2603 T
344 2568 386 2602 de
403 2579 468 2603 mn.
491 2568 522 2604 C
628 2569 830 2613 presbiteris
853 2569 883 2605 Ο
991 2569 1031 2603 11
1050 2579 1220 2603 memeres
1236 2569 1273 2604 R
1383 2567 1426 2602 12
1443 2567 1622 2612 episcopo-

116 2635 195 2659 rum
218 2624 248 2670 Q
265 2635 364 2660 orum
381 2626 422 2660 in
439 2636 509 2660 ras.
530 2614 623 2671 (effu
640 2626 700 2669 M)
817 2618 909 2671 quod
931 2626 963 2662 0
975 2637 1002 2662 s.
1020 2627 1043 2661 l.
1060 2637 1104 2661 m.
1123 2628 1150 2661 2
1266 2626 1309 2660 13
1329 2626 1382 2659 est
1399 2636 1463 2660 om.
1489 2624 1520 2660 G

118 2684 358 2728 contemptum
379 2683 411 2718 Τ
501 2683 543 2718 14
560 2683 717 2718 indicent
739 2684 804 2729 T¹‚·
823 2684 1006 2720 uindicent
1026 2710 1032 2716 .
1050 2710 1079 2718 ..
1099 2683 1218 2718 omnia
1234 2693 1299 2718 om.
1322 2681 1387 2718 GR
1482 2681 1525 2715 15
1542 2691 1621 2725 pro-

119 2740 246 2785 strata]
265 2742 386 2775 contra
409 2740 523 2775 Oxon.
618 2741 771 2776 salutem
792 2740 822 2787 Q
851 2741 979 2783 Oxou„
1007 2741 1163 2776 salutate
1187 2740 1220 2775 Τ
1310 2739 1352 2773 16
1370 2737 1621 2774 contumeliam

122 2796 209 2831 CRv
318 2797 359 2831 17
378 2808 518 2842 possum
541 2798 572 2834 0
592 2798 708 2834 Oxon.
818 2798 879 2833 sed
895 2809 960 2834 om.
985 2799 1015 2834 0
1118 2797 1339 2833 dissimulari
1356 2807 1401 2832 ea:
1417 2795 1622 2830 dissimula·

116 2853 204 2889 cridi
226 2854 257 2890 C
379 2854 422 2889 18
439 2854 632 2900 ἀθοίρίιίιαι·
654 2855 684 2901 Q
701 2855 914 2900 (decipiatur
934 2855 1003 2900 M),
1022 2855 1197 2900 decipitur
1214 2865 1234 2891 v
1359 2855 1402 2889 19
1420 2864 1441 2889 a
1457 2864 1521 2889 om.
1547 2853 1578 2890 G
