1912 3152
546 290 606 325 De
631 288 923 324 mortalitate
949 299 976 323 c.
1005 288 1153 325 17—20.
1521 288 1605 331 309

98 397 244 441 mitate
260 395 443 438 defessus
460 394 567 437 etde
588 393 941 448 adpropinquante
957 392 1088 435 morte
1105 392 1307 434 sollicitus
1328 392 1605 435 commeatum

98 466 177 510 sibi
198 465 442 519 precaretur,
465 463 631 505 adstitit
651 462 888 516 deprecanti
910 462 952 504 et
972 461 1057 503 iam
1079 473 1206 515 paene
1227 461 1420 502 morienti
1442 460 1603 503 iuuenis

97 536 245 578 honore
267 534 307 576 et
328 533 542 575 maiestate
563 531 832 582 uenerabilis,
863 531 976 573 statu
998 530 1131 572 celsus
1153 530 1194 572 et
1216 530 1349 571 clarus
1371 531 1540 583 aspectu
1563 531 1603 573 et

95 615 215 657 quem
237 601 506 644 adsistentem
527 600 607 643 sibi
629 602 698 642 uix
718 600 849 654 possit
869 600 1075 642 humanus
1096 600 1285 653 aspectus
1307 599 1438 640 oculis
1460 612 1601 641 carna-

0 664 1 672 *
50 682 64 708 ⁵
94 671 203 713 libus
224 670 397 722 intueri,
428 669 509 712 nisi
531 669 638 723 quod
659 669 787 711 talem
808 668 949 711 uidere
972 668 1056 710 iam
1078 669 1239 722 poterat
1267 668 1317 710 de
1347 668 1507 710 saeculo
1536 681 1600 711 re—

93 752 289 782 cessurus
322 739 453 792 adque
474 738 546 781 ille
566 750 645 780 non
668 737 754 780 sine
775 737 953 791 quadam
974 737 1101 779 animi
1123 738 1165 779 et
1186 737 1298 780 uocis
1319 736 1601 792 indignatione

92 809 305 851 infremuit
327 810 367 850 et
389 808 513 850 dixit:
560 802 663 862 ‘pati
684 807 865 858 timetis,
898 807 1006 849 exire
1027 818 1106 848 non
1128 805 1258 848 uultis
1272 839 1281 857 ,
1329 805 1429 860 quid
1451 806 1599 848 faciam

92 870 257 919 uobis?'
288 877 535 930 increpantis
572 888 649 918 uox
685 877 727 918 et
762 876 989 927 monentis,
1022 875 1092 930 qui
1131 875 1179 917 de
1215 875 1496 930 persecutione
1517 875 1599 916 sol-

90 945 250 997 licitus,
283 945 331 987 de
367 945 627 987 arcessitione
663 957 827 987 securus
863 957 942 986 non
978 944 1180 987 consentit
1209 945 1259 987 ad
1281 956 1469 998 praesens
1491 943 1598 985 desi-

45 1025 80 1051 10
92 1014 250 1056 derium
272 1015 341 1056 sed
364 1014 542 1056 consulit
563 1013 605 1056 in
626 1013 828 1056 futurum.
862 1013 1026 1056 audiuit
1055 1013 1182 1056 frater
1208 1015 1346 1056 noster
1376 1015 1417 1056 et
1439 1014 1599 1068 collega

91 1083 314 1126 moriturus
345 1083 452 1137 quod
484 1082 630 1125 ceteris
661 1083 829 1125 diceret.
862 1096 958 1125 nam
989 1082 1059 1136 qui
1081 1083 1306 1125 moriturus
1328 1082 1513 1134 audiuit,
1547 1082 1597 1124 ad

90 1152 164 1195 hoc
185 1152 347 1194 audiuit
367 1153 414 1194 ut
435 1151 609 1194 diceret:
642 1151 806 1194 audiuit
826 1164 906 1194 non
928 1151 1008 1193 sibi
1030 1151 1102 1193 ille
1125 1152 1195 1193 sed
1216 1151 1344 1193 nobis.
1378 1164 1475 1193 nam
1497 1151 1596 1205 quid

90 1220 264 1263 disceret
299 1221 383 1262 iam
421 1223 680 1263 recessurus?
710 1221 856 1263 didicit
892 1221 1020 1263 immo
1056 1221 1382 1272 remanentibus,
1424 1221 1472 1262 ut
1495 1221 1594 1262 dum

90 1289 340 1332 sacerdotem
370 1290 438 1343 qui
461 1291 737 1332 commeatum
758 1290 924 1344 petebat
945 1290 1191 1344 increpitum
1214 1302 1301 1333 esse
1323 1290 1593 1344 conperimus,

45 1358 187 1412 :aquid
209 1358 367 1400 cunctis
389 1358 579 1412 expediat
599 1371 870 1401 nosceremus.

144 1426 274 1469 Nobis
310 1439 469 1480 quoque
504 1427 605 1481 ipsis
641 1428 828 1470 minimis
866 1429 907 1470 et
936 1429 1130 1471 extremis
1152 1430 1341 1483 quotiens
1363 1429 1593 1472 reuelatum
1608 1441 1660 1480 2⁰

88 1495 168 1546 est,
201 1507 325 1548 quam
356 1495 591 1549 frequenter
621 1496 753 1550 adque
783 1498 1002 1540 manifeste
1033 1498 1083 1540 de
1114 1499 1191 1541 Dei
1213 1498 1454 1554 dignatione
1475 1511 1592 1553 prae-

88 1565 251 1618 ceptum
274 1566 356 1615 est,
389 1566 436 1606 ut
457 1566 708 1608 contestarer
729 1565 920 1618 adsidue,
953 1567 1000 1608 ut
1020 1567 1182 1621 publice
1204 1567 1484 1622 praedicarem
1506 1567 1591 1610 fra-

87 1632 170 1674 tres
190 1635 349 1675 nostros
370 1645 449 1675 non
471 1646 558 1676 esse
579 1634 778 1689 lugendos
807 1636 1069 1678 arcessitione
1104 1636 1310 1679 dominica
1345 1637 1395 1679 de
1431 1636 1592 1679 saeculo

19 1701 299 1755 tmliberatos,
341 1715 435 1745 cum
473 1704 649 1746 sciamus
684 1717 763 1747 non
800 1705 939 1747 amitti
975 1705 1045 1747 sed
1080 1706 1313 1759 praemitti,
1359 1706 1593 1749 recedentes

19 1759 25 1860 ἱ
85 1771 340 1825 praecedere,
373 1773 420 1814 ut
454 1772 776 1826 proficiscentes,
809 1774 857 1816 ut
890 1773 1138 1829 nauigantes
1174 1775 1326 1827 solent,
1369 1774 1593 1818 desiderari

0 1897 1 1908 ἵ
22 1873 27 1912 ι
85 1851 151 1882 eos
173 1840 318 1884 debere
332 1874 342 1892 ,
374 1854 453 1884 non
489 1843 632 1898 plangi
666 1856 741 1885 nec
776 1843 1032 1897 accipiendas
1069 1857 1155 1887 esse
1190 1844 1259 1886 hic
1296 1845 1406 1887 atras
1443 1845 1590 1896 uestes,

23 1929 27 1968 ξ
86 1910 242 1962 quando
263 1910 326 1952 illi
348 1910 407 1953 ibi
430 1910 671 1954 indumenta
692 1912 785 1954 alba
806 1913 889 1954 iam
912 1914 1188 1967 sumpserint,
1212 1914 1465 1957 occasionem
1487 1914 1591 1956 dan-

24 1972 29 2032 }
86 1977 178 2019 dam
199 1990 277 2020 non
299 1991 385 2022 esse
406 1979 653 2034 gentilibus,
692 1982 741 2023 ut
775 1993 847 2023 nos
883 1982 1031 2024 merito
1069 1994 1116 2024 ac
1152 1982 1241 2025 iure
1275 1983 1589 2036 reprehendant,

26 2042 190 2125 ¹{aiquod
226 2059 325 2101 quos
362 2048 502 2091 uiuere
537 2050 638 2104 aput
673 2050 808 2092 Deum
837 2050 1013 2095 dicimus
1046 2052 1093 2094 ut
1121 2052 1324 2094 extinctos
1345 2053 1386 2094 et
1406 2052 1589 2107 perditos

28 2129 30 2134 ·
85 2113 299 2170 lugeamus
330 2117 371 2158 et
399 2117 522 2159 fidem
551 2131 674 2171 quam
704 2131 888 2162 sermone
910 2121 951 2162 et
972 2133 1070 2163 uoce
1092 2121 1371 2175 depromimus
1393 2122 1526 2164 cordis
1547 2123 1588 2164 et

29 2199 34 2269 ἰ
84 2185 257 2237 pectoris
278 2186 513 2228 testimonio
533 2200 613 2229 non
633 2187 863 2241 probemus
906 2190 993 2244 spei
1014 2191 1175 2233 nostrae
1196 2192 1238 2232 et
1259 2190 1354 2233 fidei
1375 2190 1586 2244 praeuari-

31 2275 35 2356 *
151 2310 169 2344 1
188 2309 230 2344 de
247 2321 312 2345 om.
332 2311 361 2346 S
417 2314 529 2347 morte
544 2312 750 2356 SOWGV,
770 2314 841 2349 iam
860 2318 972 2350 morte
989 2327 1010 2350 v
1075 2317 1098 2351 2
1114 2316 1362 2361 deprecaretur
1377 2316 1408 2352 S
1475 2317 1586 2352 etiam

33 2361 37 2420 ¹:
88 2365 158 2410 W,
176 2368 212 2402 et
230 2367 260 2403 Ο
329 2369 504 2404 moriente
526 2369 556 2406 O
632 2372 655 2406 3
679 2372 902 2408 uenerabiles
921 2373 952 2408 S
1017 2374 1041 2408 4
1065 2376 1185 2419 posset
1202 2386 1223 2410 v
1292 2375 1315 2409 8
1340 2385 1405 2410 uox
1424 2376 1480 2410 est
1497 2386 1517 2410 v

35 2424 39 2495 ς
83 2423 247 2460 sollicitis
268 2438 285 2461 v
368 2428 388 2462 9
414 2429 643 2464 accersitione
667 2429 766 2472 OW,
794 2431 993 2466 accersione
1017 2432 1049 2467 G
1120 2433 1250 2467 securis
1268 2444 1288 2468 v
1360 2433 1404 2468 12
1428 2434 1585 2469 alterum

36 2496 39 2514 τ
83 2482 220 2518 audiuit
256 2495 321 2519 οηι.
341 2486 369 2520 S
399 2491 495 2522 recte
530 2488 564 2522 si
599 2490 802 2524 correaeeris
827 2489 960 2524 diceret
984 2491 1026 2525 in
1050 2489 1202 2526 disceret
1319 2492 1363 2526 13
1386 2491 1521 2527 discere
1544 2492 1584 2534 Ο,

37 2526 42 2633 ’ς
83 2539 151 2574 sibi
167 2539 318 2577 disceret
338 2555 355 2578 υ
425 2544 533 2579 immo
552 2544 709 2581 SOWG
719 2546 766 2591 V,
793 2546 864 2581 imo
882 2547 984 2581 nobis
1002 2558 1022 2582 v
1091 2548 1319 2583 manentibus
1342 2550 1392 2585 W
1461 2550 1506 2585 15
1529 2561 1584 2586 ex-

39 2639 42 2652 ·
82 2598 200 2640 pctcat
222 2598 251 2634 Ο
359 2611 626 2646 agnosceremus
646 2614 664 2638 υ
771 2604 815 2638 16
839 2606 876 2639 et
894 2615 958 2639 mn.
984 2605 1017 2640 G
1126 2605 1169 2640 17
1194 2606 1308 2652 adque
1332 2607 1362 2643 Ο
1452 2607 1495 2642 de
1512 2607 1584 2653 dei]

81 2651 160 2688 dedi
183 2654 212 2690 Ο
305 2658 348 2691 18
365 2660 419 2692 est
436 2668 501 2693 om.
526 2659 556 2694 O
637 2662 678 2695 ut
695 2660 836 2705 publice
855 2661 919 2698 SO
929 2662 1010 2698 WG
1021 2663 1064 2705 V,
1085 2666 1122 2698 et
1140 2675 1173 2708 p.
1191 2676 1212 2700 v
1285 2665 1327 2699 19
1353 2666 1583 2700 accersitione

41 2710 44 2765 ξ
86 2709 211 2746 WGV
274 2713 320 2748 20
344 2726 411 2750 non
430 2715 658 2759 SWG¹VO‚
684 2729 741 2753 eos
758 2729 827 2754 non
847 2720 916 2761 (3²,
940 2730 1009 2755 non
1027 2731 1084 2755 eos
1101 2732 1121 2756 v
1190 2721 1233 2756 21
1259 2723 1295 2757 et
1312 2724 1393 2767 (pro
1410 2724 1466 2768 ut)
1483 2723 1582 2758 naui·

42 2768 46 2804 Ι
82 2770 206 2812 gantes
223 2769 253 2805 S
320 2771 520 2809 desiderare
541 2774 588 2809 G·
660 2776 705 2810 23
730 2775 782 2810 ibi
801 2786 865 2811 om.
886 2776 915 2812 S
984 2778 1226 2814 occansionem
1244 2779 1364 2815 SG¹O
1440 2780 1485 2815 24
1510 2780 1581 2815 iam

10 2836 17 2860 ι
43 2826 47 2865 ’,
83 2834 149 2859 non
169 2826 199 2860 G
309 2829 354 2864 25
378 2832 557 2866 extcnctos
577 2831 607 2867 S
713 2835 750 2868 ct
767 2844 811 2869 επ
829 2836 869 2869 ut
888 2834 920 2869 G
937 2846 980 2870 m.
997 2837 1021 2870 2
1111 2835 1157 2870 26
1181 2835 1361 2871 luceamus
1385 2836 1414 2872 Ο
1523 2849 1582 2883 per

45 2881 48 2947 ἒ
84 2879 184 2918 fidem
207 2885 236 2921 Ο
306 2887 402 2922 nocie
426 2887 456 2923 O
525 2891 561 2924 ct
578 2889 691 2925 cordis
709 2892 745 2925 ct
763 2891 794 2925 G
865 2892 910 2926 27
936 2893 1181 2928 testimonium
1205 2892 1235 2929 0
1314 2895 1361 2939 ct]
1389 2905 1430 2930 ac
1455 2907 1475 2932 v

15 3002 54 3152 ὶτ
