1838 3152
119 201 204 242 444
659 198 856 234 Caecilii
883 198 1097 243 Cypriani

507 375 760 413 Fortunatus
784 386 808 413 a
829 375 1087 414 Thuccabori
1109 376 1233 415 dixit:

61 451 108 491 17
183 454 296 494 lesus
319 452 506 494 Christus
530 453 731 494 Dominus
753 453 793 494 et
814 452 925 493 Deus
947 454 1083 494 noster
1112 453 1189 494 Dei
1217 453 1347 506 patris
1371 455 1411 495 et
1433 455 1632 496 creatoris

129 522 242 563 filius
280 534 400 575 super
422 521 594 562 Petrum
628 521 862 562 aedificauit
890 521 1107 562 ecclesiam
1125 554 1134 572 ‚
1168 534 1247 563 non
1269 534 1391 576 super
1411 523 1632 573 haeresim,

128 591 169 632 et
204 591 452 644 potestatem
486 589 723 642 baptizandi
753 589 953 642 episcopis
976 590 1112 641 dedit,
1145 603 1224 632 non
1245 590 1475 633 haereticis.
1510 604 1634 644 quare

129 660 198 712 qui
221 661 336 700 extra
358 658 572 700 ecclesiam
593 659 688 699 sunt
712 658 751 699 et
773 658 914 698 contra
936 657 1147 699 Christum
1169 659 1326 700 stantes
1349 671 1445 701 oues
1477 660 1564 701 eius
1594 661 1635 702 et
1667 672 1681 695 5

130 741 298 783 gregem
322 729 523 782 spargunt
545 728 756 780 baptizare
779 727 878 767 foris
899 739 978 768 nou
1001 728 1183 780 possunt.

571 891 746 929 Sedatus
769 903 794 929 a
815 891 1036 930 Thuburbo
1061 891 1187 929 dixit:

63 974 113 1014 '18
187 971 234 1011 ln
257 970 457 1022 quantum
480 981 584 1022 aqua
605 968 827 1010 sacerdotis
844 981 961 1022 prece
978 969 1020 1009 in
1038 969 1206 1010 ecclesia
1228 969 1483 1011 sanctificata
1504 970 1638 1011 abluit

130 1039 299 1088 delicta,
333 1038 375 1079 in
411 1039 574 1079 tantum
610 1038 813 1079 haeretico
850 1050 1034 1079 sermone
1070 1038 1186 1078 uelut
1220 1050 1363 1079 cancer
1392 1038 1546 1080 infecta
1567 1051 1638 1080 cu-

130 1108 264 1149 mulat
285 1108 462 1160 peccata.
497 1120 621 1159 quare
644 1106 833 1147 omnibus
855 1106 1037 1159 pacificis
1059 1107 1227 1159 quidem
1244 1107 1404 1148 uiribus
1421 1107 1636 1150 nitendum
1654 1130 1686 1154 10

131 1178 211 1227 est,
245 1189 294 1218 ne
330 1177 399 1229 qui
430 1176 634 1217 haeretico
672 1188 804 1217 errore
841 1175 1019 1216 infectus
1052 1176 1092 1216 et
1129 1175 1329 1217 intinctus
1366 1176 1576 1231 singulare
1599 1178 1639 1218 et

131 1258 274 1286 uerum
297 1245 488 1287 ecclesiae
509 1245 762 1297 baptismum
793 1245 986 1286 retractet
1015 1245 1215 1297 accipere,
1249 1256 1327 1297 quo
1351 1245 1537 1298 quisquis
1558 1258 1639 1287 non.

131 1314 257 1356 fuerit
279 1315 514 1368 baptizatus
536 1326 660 1369 regno
683 1314 889 1355 caelorum
911 1314 981 1355 fiet
1004 1315 1173 1356 alienus.

546 1479 812 1517 Priuatianus
835 1489 859 1516 a
882 1478 1070 1517 Sufetula
1092 1478 1221 1517 dixit:

68 1567 118 1607 19
190 1558 269 1610 Qui
291 1558 515 1599 haereticos
537 1557 785 1609 potestatem
807 1557 1042 1609 baptizandi
1063 1556 1213 1597 habere
1236 1555 1360 1605 dicit,
1393 1555 1504 1596 dicat
1526 1555 1641 1608 prius
1657 1581 1687 1605 15

135 1628 226 1681 quis
248 1627 451 1669 haeresim
474 1626 711 1668 condiderit.
747 1626 782 1666 si
804 1626 913 1667 enim
940 1627 1118 1667 haeresis
1141 1639 1164 1667 a
1186 1626 1272 1667 Deo
1306 1627 1388 1676 est,
1421 1625 1570 1666 habere
1601 1624 1642 1664 et

135 1696 439 1750 indulgentiam
470 1696 655 1737 diuinam
686 1695 842 1748 potest:
876 1695 911 1735 si
942 1707 1037 1736 uero
1070 1708 1092 1736 a
1115 1695 1199 1736 Deo
1221 1706 1299 1736 non
1323 1695 1405 1744 est,
1439 1692 1641 1746 quomodo

138 1765 320 1819 gratiani
342 1765 418 1806 Dei
441 1766 514 1806 aut
535 1764 685 1806 habere
708 1765 780 1805 aut
803 1763 982 1805 conferre
1004 1763 1128 1805 alicui
1150 1763 1315 1817 potest?

600 1926 793 1965 Priuatus
816 1937 841 1965 a
862 1926 1020 1964 Sufibus
1043 1926 1167 1964 dixit:

66 2012 121 2052 20
195 2005 275 2057 Qui
296 2005 599 2047 haereticorum
621 2005 878 2058 baptismum
900 2003 1047 2057 probat
1068 2004 1166 2057 quid
1203 2003 1315 2045 aliud
1349 2016 1472 2056 quam
1503 2003 1646 2044 haere·
1660 2028 1693 2054 20

136 2074 232 2116 ticis
256 2074 562 2115 communicat?

208 2258 225 2290 1
254 2256 463 2290 thuccabori
484 2255 565 2296 SA,
591 2255 805 2289 dhuccabori
824 2256 908 2296 LT,
934 2255 1121 2289 tuchabori
1143 2268 1159 2290 L·
1265 2255 1286 2289 3
1312 2256 1451 2299 petrum
1471 2253 1650 2295 SLTVA,

137 2316 277 2360 petram
294 2324 313 2347 v
400 2313 598 2357 ecclesiam]
619 2323 715 2346 suani
736 2312 821 2346 add.
841 2324 878 2353 v,
907 2324 1008 2347 suuni
1032 2313 1064 2347 V
1156 2313 1296 2347 heresin
1316 2312 1378 2347 SL
1471 2312 1493 2345 4
1518 2311 1647 2345 habere

139 2372 239 2407 dedit
262 2372 295 2405 V
409 2372 430 2405 5
455 2371 550 2414 sunt]
570 2381 639 2404 non
658 2381 762 2413 super
779 2370 921 2404 heresin
948 2380 1056 2414 quare
1082 2370 1142 2413 qui
1164 2369 1191 2403 S
1307 2369 1325 2402 7
1352 2367 1507 2402 tuburbo
1525 2369 1583 2402 Av

139 2431 161 2464 8
187 2439 286 2473 prece
305 2445 320 2463 >k
343 2429 374 2461 Τ
440 2430 461 2462 9
487 2439 608 2462 cancer
627 2427 780 2471 SLTV,
806 2438 949 2461 cancere
967 2428 1024 2462 Ao
1096 2427 1250 2461 comulat
1270 2427 1298 2461 S
1368 2426 1411 2460 10
1435 2425 1532 2469 pacis
1554 2425 1585 2459 T

140 2486 230 2520 uiris
254 2486 287 2520 V
356 2486 397 2519 11
424 2485 504 2529 quis
521 2486 578 2520 Av
650 2486 705 2518 est
723 2486 758 2518 et
777 2485 807 2517 T
874 2485 1049 2519 intinctus
1065 2484 1108 2526 S,
1128 2484 1264 2518 tinctus
1283 2484 1413 2518 LTAv
1485 2483 1528 2516 12
1546 2482 1651 2516 ecclc-

142 2544 214 2578 siae
232 2543 463 2588 baptismum]
482 2542 663 2587 baptisma
681 2543 715 2575 A
786 2541 963 2576 detrectet
982 2553 999 2575 v
1086 2541 1166 2585 quis
1185 2541 1249 2575 SL
1321 2541 1364 2574 13
1389 2551 1409 2574 a
1426 2550 1534 2584 regno
1557 2540 1587 2572 Τ

141 2602 186 2635 14
212 2613 232 2635 a
250 2600 468 2635 sufetolanus
491 2601 521 2632 T
612 2600 656 2633 15
680 2599 888 2643 baptizandi
906 2610 969 2633 om.
990 2599 1025 2633 L
1113 2599 1155 2633 16
1181 2599 1259 2642 quis
1277 2608 1341 2632 om.
1363 2598 1397 2631 L
1490 2596 1651 2631 haeresin

143 2658 206 2693 SL
279 2658 347 2702 est]
366 2659 401 2691 et
424 2658 454 2690 T
522 2659 557 2690 ct
576 2667 664 2690 eras.
684 2656 727 2690 in
749 2657 781 2690 T
848 2657 890 2690 17
918 2655 1052 2690 simodo
1071 2656 1183 2700 (uero.
1202 2681 1209 2689 .
1224 2666 1307 2699 .quo
1325 2658 1405 2699 om.)
1426 2654 1453 2689 S
1522 2654 1567 2688 20
1591 2652 1653 2696 qui

138 2726 207 2750 om.
230 2715 258 2750 S
328 2715 481 2759 probant
499 2716 531 2748 A
606 2715 724 2758 quam]
744 2724 831 2758 quae
852 2714 879 2748 S
948 2714 992 2747 ‘21
1018 2714 1281 2747 communicant
1302 2712 1364 2747 SA
