1838 3152
187 204 271 248 524
719 202 912 238 Caecilii
938 204 1154 249 Cypriani

187 320 210 349 a
249 307 500 361 martyribus
540 308 782 359 acceperunt
822 307 862 349 et
900 308 1188 362 praerogatiua
1228 320 1368 350 eorum
1406 311 1514 364 apud
1555 312 1690 353 Deum

187 375 378 417 adiuuari
407 375 590 428 possunt,
627 374 662 415 si
692 375 949 416 incommodo
980 376 1116 428 aliquo
1149 377 1190 418 et
1220 376 1477 419 infirmitatis
1509 379 1689 432 periculo

185 443 371 497 occupati
402 442 567 493 fuerint,
598 454 677 484 non
705 443 915 495 expectata
952 444 1181 496 praesentia
1212 446 1351 486 nostra
1382 446 1491 498 apud
1521 447 1691 502 presby-

185 513 321 554 terum
350 524 647 565 quemcumque
677 512 945 564 praesentem,
988 512 1053 553 uel
1087 512 1121 554 si
1152 512 1365 567 presbyter
1395 516 1579 567 repertus
1611 527 1690 557 non

187 580 314 622 fuerit
346 582 386 622 et
417 593 561 636 urgere
602 581 734 622 exitus
774 580 965 633 coeperit,
1007 581 1116 634 apud
1155 581 1371 623 diaconum
1403 595 1560 636 quoque
1599 596 1720 626 exo-5

187 650 413 704 mologesin
444 650 574 692 facere
605 650 746 691 delicti
777 650 840 690 sui
872 649 1043 702 possint,
1085 650 1132 691 ut
1163 663 1287 691 manu
1318 651 1375 693 eis
1407 651 1449 692 in
1479 652 1690 704 paeniten-

186 718 291 759 tiam
321 719 500 772 inposita
531 718 699 760 ueniant
721 718 773 759 ad
793 717 1019 758 Dominum
1051 730 1144 759 cum
1175 731 1274 771 pace
1305 731 1428 772 quam
1460 719 1547 761 dari
1580 733 1690 763 mar-

185 787 296 840 tyres
328 787 479 828 litteris
511 787 562 828 ad
591 799 663 828 nos
693 786 813 828 factis
847 786 1196 828 desiderauerunt.

146 853 170 892 2
244 854 430 897 Ceteram
454 867 612 908 quoque
633 855 792 908 partem
813 854 944 908 plebis
967 867 1069 908 quae
1090 855 1206 908 lapsa
1227 857 1288 897 est
1309 857 1540 909 praesentia
1562 857 1690 898 uestri

186 924 320 966 fouete
353 925 392 966 et
423 926 470 966 ut
492 938 515 966 a
536 924 614 966 fide
646 925 687 965 et
718 924 999 966 misericordia
1021 924 1189 966 Domini
1219 939 1298 966 non
1328 926 1519 968 deficiant
1551 928 1687 968 uestro
1702 937 1733 963 10

186 993 334 1034 solacio
356 993 550 1034 focillate.
582 1005 711 1046 neque
734 993 843 1034 enim
865 993 1100 1034 deserentur
1121 993 1172 1034 ab
1194 1005 1267 1047 ope
1290 994 1330 1035 et
1352 994 1505 1036 auxilio
1523 994 1690 1036 Domini

185 1062 256 1114 qui
285 1062 407 1103 mites
430 1062 470 1103 et
489 1062 667 1103 humiles
690 1062 730 1103 et
750 1061 1048 1115 paenitentiam
1079 1075 1173 1104 uere
1206 1064 1372 1117 agentes
1394 1063 1437 1104 in
1458 1063 1571 1105 bonis
1603 1064 1690 1116 opi-

184 1130 374 1172 nionibus
397 1131 758 1184 perseuerauerint,
792 1143 869 1183 quo
899 1131 1035 1172 minus
1062 1131 1147 1172 illis
1169 1144 1329 1184 quoque
1350 1131 1490 1173 diuino
1511 1132 1690 1173 remedio

184 1200 433 1241 consulatur.
467 1199 730 1241 audientibus
762 1199 901 1250 etiam,
935 1200 970 1241 si
991 1199 1061 1252 qui
1091 1199 1245 1241 fuerint
1273 1200 1452 1253 periculo
1480 1200 1691 1253 praeuenti

185 1269 225 1310 et
246 1268 288 1309 in
310 1268 421 1309 exitu
452 1268 678 1319 constituti,
712 1268 934 1323 uigilantia
964 1269 1101 1310 uestra
1128 1280 1207 1310 non
1236 1269 1355 1320 desit,
1389 1269 1687 1323 inplorantibus
1702 1281 1732 1306 15

185 1337 371 1378 diuinam
401 1337 582 1391 gratiam
613 1337 894 1379 misericordia
915 1337 1084 1379 Domini
1113 1349 1192 1379 non
1221 1339 1455 1392 denegetur.
1488 1339 1581 1391 opto
1604 1350 1688 1389 uos,

184 1406 330 1447 fratres
362 1406 576 1457 carissimi,
610 1419 771 1460 semper
800 1407 902 1448 bene
933 1406 1071 1448 ualere
1100 1407 1140 1448 et
1161 1406 1291 1449 nostri
1323 1407 1572 1448 meminisse.
1606 1406 1691 1448 fra-

185 1475 424 1516 ternitatem
446 1476 681 1517 uniuersam
700 1488 789 1517 meo
806 1475 969 1517 nomine
991 1476 1169 1517 salutate
1187 1476 1227 1517 et
1243 1476 1290 1518 ut
1306 1476 1435 1518 nostri
1458 1476 1691 1518 meminerit

185 1543 413 1585 admonete.
447 1544 593 1585 ualete.

253 1739 271 1772 1
290 1739 325 1772 et
346 1765 352 1771 .
369 1764 375 1771 .
393 1765 398 1771 .
419 1740 567 1783 possunt
585 1748 649 1773 om.
669 1738 757 1773 Eoo)
850 1738 1016 1783 rogatiua
1038 1739 1070 1773 T
1160 1739 1181 1772 2
1198 1738 1335 1782 possint
1351 1752 1376 1783 μ
1468 1739 1515 1783 et]
1536 1740 1598 1773 aut
1617 1751 1643 1772 ω

182 1796 204 1830 3
223 1797 407 1840 expectent
425 1796 546 1837 E2oco,
564 1797 725 1840 expectat
743 1796 811 1837 ΕΙ,
836 1797 1038 1840 expectetur
1054 1809 1080 1841 μ
1192 1795 1373 1840 praesenti
1394 1795 1432 1840 Q,
1451 1796 1691 1840 praesentiam

184 1853 224 1887 E
228 1857 276 1894 ²0,
295 1854 515 1898 praesentiae
533 1853 572 1886 E
579 1855 621 1886 ιω
707 1854 865 1887 nostram
883 1853 974 1894 E‘20,
992 1854 1133 1887 nostrae
1152 1866 1179 1886 ω
1264 1853 1286 1886 4
1303 1863 1593 1897 quemcumquem
1615 1852 1644 1898 Q

183 1911 226 1955 si]
254 1910 324 1945 sibi
346 1912 378 1945 T
484 1911 505 1945 5
522 1910 802 1956 exhomologesis
820 1910 871 1944 E¹
884 1910 952 1955 ΩΤ
1058 1911 1078 1945 6
1095 1911 1243 1954 possunt
1259 1924 1285 1954 μ
1297 1912 1307 1931 ¹
1424 1910 1498 1944 eius
1515 1924 1542 1955 μ
1651 1909 1689 1944 in

184 1979 249 2003 om.
269 1968 369 2014 EQw
484 1968 706 2013 paenitentia
727 1967 833 2013 ῼΤμ,
849 1967 1093 2012 poenitentiae
1112 1981 1138 2001 ω
1263 1967 1282 2001 7
1301 1967 1476 2011 inpositae
1498 1968 1532 2002 T
1635 1967 1690 2001 in-

184 2027 301 2070 posita
326 2026 364 2060 in
386 2026 643 2070 poenitentiam
660 2036 680 2060 ο
796 2026 940 2060 uenient
958 2025 1052 2070 E¹Q
1168 2035 1290 2069 pacem
1310 2024 1378 2069 QT
1491 2025 1512 2059 9
1538 2026 1690 2059 ceteram

185 2094 250 2117 om.
267 2085 317 2129 μ1
438 2085 575 2127 partem
601 2093 738 2128 quoque
762 2082 927 2127 partibus
945 2097 973 2127 μ
993 2082 1055 2117 sed
1071 2081 1234 2127 partibus
1259 2092 1340 2126 exp.
1358 2092 1402 2116 m.
1421 2084 1445 2116 2
1561 2081 1688 2126 plebis]

184 2140 275 2174 leuis
293 2139 415 2185 EQow
433 2142 527 2185 (exp.
547 2151 566 2175 o
584 2144 618 2175 et
630 2141 714 2184 post
732 2150 820 2184 quae
839 2139 942 2183 add.)
1052 2141 1106 2173 est
1124 2139 1224 2183 lapsa
1246 2139 1278 2173 Τ
1384 2138 1507 2183 uestri]
1527 2140 1647 2172 uestra
1660 2149 1691 2179 v,

184 2187 308 2232 uffex
331 2186 457 2243 nraevn
579 2198 624 2231 10
648 2198 689 2231 ut
713 2197 745 2242 a]
771 2207 841 2231 una
862 2197 975 2242 ῼΤμι
1100 2198 1134 2231 et
1152 2207 1218 2232 om.
1235 2200 1282 2242 μΙ
1405 2196 1488 2241 non]
1514 2207 1556 2230 ne
1575 2209 1598 2240 μ

186 2256 227 2288 11
245 2255 391 2289 focilate
410 2255 640 2300 EQT²n0¹m
734 2254 777 2288 12
794 2254 834 2288 hi
851 2254 912 2298 qui
929 2264 949 2288 υ
1027 2253 1134 2288 mites
1152 2265 1196 2289 εκ
1213 2253 1349 2288 milites
1368 2254 1407 2288 E
1483 2255 1518 2288 et
1536 2264 1600 2288 om,
1620 2267 1643 2298 μ

184 2313 220 2347 et
246 2313 399 2347 humiles
494 2314 639 2357 agentes
666 2323 730 2347 om.
751 2325 778 2345 ω
909 2312 1147 2357 opinionibus]
1173 2312 1338 2356 operibus
1357 2323 1404 2357 μυ
1543 2312 1586 2346 14
1610 2322 1690 2346 con-

184 2370 321 2404 solatur
338 2370 391 2404 E¹
405 2369 434 2415 Q
551 2370 594 2404 15
613 2369 783 2404 constitui
804 2368 833 2413 Q
941 2371 982 2403 ut
999 2369 1262 2413 inplorantibus
1284 2370 1317 2404 T
1431 2369 1474 2403 16
1491 2369 1690 2403 misericor-

184 2427 279 2461 diam
299 2427 367 2472 ΩΤ
466 2427 508 2461 17
527 2427 676 2471 semper]
694 2427 731 2460 in
749 2415 832 2470 (1ῐῖ
837 2440 861 2471 μ
974 2426 1238 2460 fraternitatem
1262 2454 1267 2460 .
1283 2453 1289 2460 .
1306 2452 1314 2460 .
1334 2425 1518 2460 admonete
1535 2436 1600 2460 om.
1620 2440 1642 2470 μ

184 2484 227 2518 19
246 2484 429 2519 admonete
452 2486 494 2526 Τ,
523 2495 588 2519 om.
607 2484 647 2518 Ε
653 2488 659 2505 ¹
671 2484 710 2529 Q,
740 2485 865 2529 rogate
882 2483 974 2526 E20,
1005 2485 1145 2518 exorate
1164 2497 1201 2525 ω,
1228 2483 1413 2518 admonete
1430 2484 1467 2517 et
1483 2485 1606 2528 rogate
1624 2494 1644 2518 υ

183 2541 299 2576 ualete
328 2553 391 2577 om.
417 2555 454 2575 ω.
473 2562 516 2567 ——
533 2542 589 2576 Ad
618 2542 751 2576 clerum
779 2541 960 2586 (Epistula
979 2541 1023 2576 ad
1040 2541 1173 2575 clerum
1196 2542 1239 2585 Τ)
1269 2541 1412 2585 propter
1428 2540 1545 2584 lapsos
1565 2539 1689 2584 (lapsis

186 2598 266 2643 QT)
296 2601 331 2633 et
360 2599 622 2634 cathecuminos
655 2598 926 2642 (cathecuminis
955 2598 1035 2644 QT)
1070 2609 1112 2632 ne
1141 2598 1244 2633 uacui
1277 2599 1411 2632 exirent
1444 2597 1615 2640 (exierent
1633 2597 1688 2638 M,

185 2656 339 2692 exhrent
361 2657 403 2702 Q)
430 2656 575 2701 explicit
595 2656 710 2701 EQT,
740 2655 896 2700 Explicit
920 2655 961 2690 de
988 2655 1099 2700 lapsis
1117 2657 1151 2689 et
1169 2654 1398 2689 catecuminis
1417 2665 1446 2696 o,
1472 2665 1536 2689 om.
1555 2667 1624 2699 μω.
1646 2673 1688 2679 ·-
