1912 3152
508 262 568 298 De
592 260 816 296 dominica
841 260 1046 296 oratione
1071 271 1098 296 c.
1125 261 1250 297 8-10,
1543 263 1629 307 273

121 367 346 410 mortuos
383 377 402 408 s
412 377 470 408 uo
480 378 499 408 s
541 377 559 406 s
570 377 625 419 ep
638 364 812 407 eliant.
845 364 1005 406 dixerat
1034 364 1143 406 enim
1173 366 1334 418 patrem
1365 377 1487 408 suum
1517 379 1629 410 mor-

120 437 239 479 tuum
250 466 260 486 ‚
292 446 386 476 cum
407 434 463 476 sit
484 433 738 476 credentium
758 433 875 487 pater
896 432 1033 475 uiuus.

176 503 263 545 Nec
283 503 358 545 hoc
379 503 514 544 solum
525 535 535 554 ‚
567 501 715 545 fratres
737 501 999 545 dilectissimi
1011 535 1021 554 ‚
1053 502 1379 545 animaduertere
1401 505 1443 546 et
1463 503 1627 547 intelle·
1647 495 1699 535 ¹⁰

119 584 213 628 gere
235 571 444 622 debemuS‚
467 571 575 625 quod
597 570 851 625 appellemus
871 571 1031 624 patrem
1053 571 1124 624 qui
1146 571 1203 613 sit
1223 571 1266 613 in
1288 571 1424 623 caelis,
1442 572 1512 614 sed
1534 584 1629 615 con-

74 658 89 684 5
118 640 329 696 iungimus
351 641 393 683 et
414 640 591 682 dicimus
621 652 647 693 p
657 640 707 682 at
717 652 738 682 e
748 652 769 681 r
798 653 825 681 n
834 651 857 681 o
868 652 887 682 3
897 641 915 681 t
927 651 947 681 e
956 653 977 681 r
987 672 996 691 ‚
1029 639 1073 681 id
1096 640 1158 681 est
1182 651 1323 682 eorum
1350 641 1420 694 qui
1445 640 1628 692 credunt,

118 721 257 753 eorum
278 709 348 763 qui
369 721 442 762 per
462 721 557 751 eum
578 708 823 751 sanctificati
845 709 886 750 et
907 708 1066 763 gratiae
1087 708 1289 762 spiritalis
1310 709 1534 752 natiuitate
1562 722 1628 753 re-

116 777 250 832 parati
272 777 349 820 filii
374 777 452 820 Dei
472 789 559 820 esse
581 777 812 831 coeperunt.
846 789 949 831 quae
971 788 1050 819 uox
1070 777 1243 819 Iudaeos
1273 777 1402 820 etiam
1430 778 1630 833 perstrin-

116 847 182 902 git
211 848 252 889 et
282 847 461 901 percutit
473 879 483 899 ‚
517 847 616 900 quia
646 846 858 889 Christum
890 846 970 888 sibi
1000 859 1072 899 per
1092 847 1312 901 prophetas
1334 847 1628 890 adnuntiatum

117 917 159 959 et
187 916 239 957 ad
270 929 313 959 se
342 917 457 971 prius
487 917 663 959 missum
693 928 774 958 non
794 916 960 958 tantum
983 918 1227 969 spreuerunt
1248 916 1471 959 infideliter
1492 917 1563 959 sed
1585 919 1628 960 et

72 996 105 1024 ιο
116 984 336 1028 crudeliter
364 986 636 1028 necauerunt:
667 984 738 1039 qui
771 984 857 1026 iam
893 996 972 1026 non
1007 986 1179 1039 possunt
1212 987 1373 1039 patrem
1403 985 1630 1028 Dominum

115 1065 273 1104 uocare,
295 1067 390 1096 cum
400 1054 603 1096 Dominus
625 1065 692 1096 eos
715 1053 939 1096 confundat
959 1055 1002 1096 et
1024 1054 1246 1110 redarguat
1267 1054 1404 1097 dicens
1417 1070 1427 1097 :
1450 1068 1477 1097 u
1487 1068 1509 1098 o
1520 1069 1539 1098 3
1570 1055 1596 1097 (1
1606 1067 1629 1097 e

115 1122 324 1165 diabolo
354 1124 500 1177 patre
535 1122 647 1165 nati
686 1123 822 1165 estis
858 1123 911 1165 et
950 1134 1070 1166 conc
1084 1123 1170 1177 upi
1185 1124 1415 1165 scentias
1454 1123 1631 1178 patris

114 1192 291 1236 uestri
335 1191 509 1235 facere
554 1192 736 1235 uultis.
794 1192 890 1234 ille
936 1193 1070 1235 enim
1116 1192 1378 1234 homicida
1422 1192 1526 1234 fuit
1570 1193 1631 1236 ab

113 1261 273 1304 initio
303 1262 352 1304 et
382 1262 432 1304 in
463 1261 694 1304 ueritate
724 1272 819 1303 non
849 1261 1028 1312 stetit,
1059 1261 1180 1314 quia
1200 1261 1401 1303 ueritas
1423 1273 1518 1303 non
1549 1261 1630 1304 est

69 1349 102 1376 ιε
114 1330 166 1373 in
204 1331 270 1373 ill
282 1343 317 1374 o.
364 1332 406 1373 et
440 1343 512 1385 per
546 1330 716 1373 Esaiam
759 1330 1002 1384 prophetam
1037 1330 1150 1372 Deus
1191 1330 1346 1372 clamat
1385 1329 1604 1385 indignans
1618 1344 1629 1372 ε

113 1400 263 1444 filios
305 1400 559 1456 generaui
604 1401 653 1443 et
698 1400 953 1452 exaltaui‚
999 1399 1104 1454 ipsi
1149 1401 1323 1442 autem
1368 1412 1445 1441 me
1491 1411 1631 1453 spre-

114 1470 312 1513 uerunt.
360 1469 574 1524 agnouit
619 1469 710 1512 bos
754 1481 1110 1523 possessorem
1163 1481 1311 1511 suum
1357 1469 1406 1511 et
1450 1468 1629 1511 asinus

114 1539 439 1595 praesepium
470 1538 665 1581 domini
695 1539 796 1582 sui:
828 1539 1000 1581 Israel
1021 1539 1193 1581 autem
1216 1551 1290 1580 me
1320 1549 1419 1579 non
1449 1549 1631 1592 cogno-

116 1609 195 1652 uit
224 1609 273 1651 et
302 1609 528 1662 populus
559 1621 634 1650 me
674 1621 773 1651 non
815 1608 1100 1651 intellexit.
1151 1620 1242 1651 uae
1275 1607 1421 1663 genti
1457 1619 1630 1661 pecca-

72 1678 260 1730 sotrici‚
307 1678 502 1733 populo
532 1677 686 1731 pleno
717 1677 971 1732 peccatis,
1016 1691 1035 1720 3
1050 1690 1194 1720 emen
1225 1689 1467 1731 nequam,
1514 1676 1627 1719 filii

117 1748 343 1791 scelesti.
392 1747 729 1801 dereliquisti
742 1760 761 1788 3
800 1747 1018 1789 Dominu
1031 1760 1073 1788 m
1115 1747 1164 1789 et
1202 1746 1252 1788 in
1302 1745 1411 1788 indi
1424 1745 1571 1800 gnati
1585 1757 1630 1787 o—

116 1830 224 1860 nem
255 1818 402 1860 misis
415 1817 486 1859 tis
506 1817 659 1859 illum
681 1817 915 1859 sanctum
937 1816 1119 1859 Israel.
1152 1816 1195 1858 in
1217 1827 1392 1870 quorum
1412 1815 1631 1868 exprobra-

118 1885 271 1928 tionem
294 1886 507 1929 christiani
538 1887 699 1940 quando
732 1898 897 1929 oramus
926 1900 952 1940 p
962 1899 985 1928 a
995 1887 1013 1928 t
1024 1899 1044 1928 e
1054 1900 1074 1928 r
1108 1900 1135 1928 n
1145 1898 1167 1927 o
1178 1887 1254 1928 ste
1263 1899 1284 1927 r
1315 1885 1491 1927 dicimus
1504 1917 1514 1936 ‚
1537 1883 1631 1937 quia

118 1956 254 1997 noster
274 1967 359 1997 esse
384 1955 467 1997 iam
490 1956 623 2009 coepit
645 1957 686 1998 et
706 1955 951 1997 Iudaeorum
984 1955 1055 2009 qui
1076 1967 1171 1996 eum
1207 1954 1513 2008 dereliquerunt
1543 1966 1629 1995 esse

74 2031 104 2059 ²⁵
119 2024 284 2067 desiuit.
305 2037 379 2067 nec
394 2027 583 2079 peccator
598 2025 773 2080 populus
789 2026 925 2079 potest
942 2037 1028 2067 esse
1049 2024 1174 2076 filius,
1197 2024 1267 2067 sed
1289 2024 1438 2078 quibus
1459 2023 1631 2066 remissa

254 2174 296 2208 11
322 2174 370 2209 Io.
389 2174 422 2215 8,
439 2174 497 2209 44.
570 2174 613 2208 16
638 2174 695 2208 Es.
715 2175 745 2216 1,
765 2175 787 2208 ‘2
805 2185 855 2218 sq.

186 2300 208 2334 3
232 2300 296 2334 hoc
314 2311 379 2335 om.
400 2300 430 2335 S
513 2301 535 2335 4
561 2301 782 2345 appellamus
806 2300 838 2335 G
923 2300 945 2333 ἵ)
972 2299 1008 2334 id
1027 2301 1081 2334 est
1099 2300 1149 2335 W
1164 2310 1190 2334 8.
1210 2299 1233 2334 l.
1252 2310 1295 2333 m.
1314 2300 1340 2333 2
1428 2308 1547 2332 eorum
1565 2298 1627 2342 qui

120 2356 265 2392 credunt
282 2368 346 2392 om.
369 2358 401 2393 G
494 2358 514 2392 7
541 2358 593 2393 fili
613 2359 642 2393 S
726 2359 835 2393 etiam
854 2358 998 2393 iudaeos
1021 2370 1054 2400 v,
1081 2358 1200 2393 iudeos
1226 2357 1259 2392 G
1346 2358 1368 2392 8
1394 2357 1478 2401 quia
1496 2356 1542 2397 S,
1568 2357 1629 2400 qui

123 2414 231 2450 WGv
302 2415 369 2450 sibi
387 2427 451 2450 om.
478 2416 509 2450 G
580 2417 601 2450 9
626 2416 690 2450 ins.
711 2427 823 2461 spreu.
846 2428 863 2452 υ
935 2418 972 2450 et
989 2428 1053 2451 om.
1073 2427 1094 2451 v
1167 2416 1211 2450 10
1235 2415 1338 2449 deum
1361 2415 1429 2450 le
1501 2415 1544 2448 11
1571 2425 1626 2448 ar-

121 2473 208 2516 guat
225 2472 254 2507 S
346 2474 389 2507 12
414 2473 557 2508 diabulo
578 2474 607 2509 S
691 2474 1011 2519 concupiscentiam
1036 2474 1069 2508 G
1167 2474 1210 2507 14
1236 2474 1273 2507 in
1305 2484 1370 2508 om.
1396 2473 1429 2507 G
1524 2473 1568 2507 15
1593 2473 1630 2505 in

121 2539 184 2564 om.
201 2530 235 2564 G
299 2530 427 2565 eseiam
443 2531 473 2566 S
542 2533 578 2565 et
596 2531 786 2576 indignans
802 2531 830 2566 S
900 2532 943 2565 1⁴3
960 2531 1142 2576 generaui]
1159 2531 1265 2576 genui
1278 2531 1327 2566 W
1398 2530 1440 2564 17
1459 2530 1565 2564 busS

122 2597 223 2622 suum
245 2599 335 2624 eras.
354 2590 396 2625 in
414 2590 472 2631 W,
493 2601 557 2625 om.
585 2590 619 2625 G
728 2590 770 2624 18
794 2590 1036 2635 praesaepium
1052 2589 1081 2624 S
1086 2589 1134 2631 G,
1152 2600 1296 2634 presepe
1310 2589 1359 2624 W
1452 2588 1519 2622 istr
1538 2587 1569 2622 S

122 2646 270 2690 agnouit
282 2647 332 2682 W
416 2648 459 2681 19
477 2648 626 2692 populus
644 2658 743 2683 meus
758 2648 813 2683 Gv
899 2658 986 2692 gens
1011 2648 1186 2692 peccatrix
1204 2647 1353 2691 populus
1371 2646 1495 2690 plenus
1515 2645 1585 2679 We
1598 2648 1631 2679 et

125 2702 335 2748 Cyprianus
361 2708 436 2739 lest.
465 2706 491 2739 I
511 2708 534 2739 3
557 2717 594 2750 p.
618 2708 675 2740 40.
751 2706 797 2740 ‘20
825 2706 988 2750 nequam]
1016 2705 1209 2750 pessimum
1227 2707 1304 2739 test.
1330 2704 1351 2738 l.
1368 2715 1396 2739 c.
1470 2702 1521 2736 fili
1544 2702 1576 2737 S

120 2758 163 2794 21
181 2760 336 2805 scelesti]
356 2762 429 2796 sinc
447 2762 525 2807 lege
544 2766 620 2798 test.
641 2764 662 2798 I.
682 2774 733 2807 c.‚·
749 2763 795 2806 cf.
811 2763 973 2798 Gronou.
992 2763 1060 2798 obs.
1075 2774 1112 2807 p.
1130 2764 1203 2796 322
1264 2762 1309 2796 ‘22
1327 2761 1430 2794 illum
1448 2771 1513 2794 om.
1531 2759 1564 2794 G

122 2815 270 2852 istrahel
287 2818 359 2853 Set
373 2819 425 2854 sic
437 2821 584 2864 saepius
655 2821 921 2865 exprobratione
936 2820 969 2856 G
1037 2821 1083 2854 23
1100 2819 1287 2854 christiani
1305 2829 1370 2853 om.
1392 2819 1424 2852 G
1494 2819 1630 2862 patrem

122 2876 280 2909 nostrum
295 2875 327 2910 G
389 2876 433 2911 24
450 2877 521 2911 iam
539 2888 603 2912 om.
619 2879 669 2914 W
676 2878 731 2914 Gv
806 2878 1070 2923 dereliquerunt
1088 2877 1190 2918 SG¹‚
1210 2876 1431 2921 reliquerunt
1445 2874 1563 2910 WG'u

122 2929 230 2966 desiit
251 2933 362 2969 WGv

259 2999 318 3024 111.
1304 2992 1354 3032 13
