1838 3152
158 202 240 243 616
692 198 883 234 Caecilii
909 199 1120 244 Cypriani

158 304 277 345 facile
294 303 445 356 poterit
463 303 712 345 schismatici
730 303 904 346 furentis
922 304 1057 345 uerbis
1075 304 1315 357 loquacibus
1334 305 1481 358 decipi,
1500 305 1659 358 quando

157 372 375 425 probatum
404 372 458 413 sit
488 371 612 413 bonos
635 374 675 413 et
697 372 894 427 gloriosos
917 371 1069 414 Christi
1099 373 1255 414 milites
1285 385 1364 414 non
1385 374 1567 426 potuisse
1590 374 1660 415 diu

158 442 290 483 aliena
313 441 477 483 fallacia
498 442 538 482 et
559 441 729 495 perfidia
750 442 861 483 extra
884 442 1099 483 ecclesiam
1122 441 1307 483 detineri.
1340 443 1435 495 opto
1457 443 1509 493 te,
1534 442 1661 485 frater

159 510 379 560 carissime,
403 522 562 563 semper
583 510 683 552 bene
706 510 854 551 ualere.

566 739 1050 812 EPISTVLA
1099 740 1253 812 LII.
1679 790 1692 813 5

515 888 784 923 CYPRIANVS
810 888 1048 924 CORNELIO
1075 888 1251 923 FRATRI
1279 889 1311 923 S.

127 1041 142 1080 1
218 1038 271 1079 Et
299 1051 392 1079 cum
423 1037 641 1091 diligentia
672 1039 826 1079 etcum
859 1038 1076 1080 dilectione
1107 1039 1254 1089 fecisti,
1292 1039 1417 1080 frater
1447 1038 1668 1088 carissime,

161 1105 355 1147 festinato
378 1106 428 1147 ad
450 1118 522 1147 nos
544 1106 747 1148 mittendo
769 1106 1008 1149 Niceforum
1039 1108 1290 1157 acoluthum,
1320 1108 1390 1160 qui
1420 1107 1535 1149 nobis
1558 1109 1598 1149 et
1621 1107 1669 1149 de

162 1175 459 1217 confessoribus
488 1176 684 1230 regressis
706 1176 928 1230 gloriosam
951 1177 1158 1218 laetitiam
1179 1177 1390 1218 nuntiaret
1413 1178 1453 1218 et
1474 1176 1669 1218 aduersus

159 1244 382 1285 Nouatiani
404 1245 445 1284 et
460 1244 614 1286 Nouati
635 1257 761 1287 nouas
783 1246 824 1286 et
845 1246 1093 1299 perniciosas
1114 1245 1165 1287 ad
1186 1246 1497 1300 inpugnandam
1515 1245 1669 1287 Christi
1685 1264 1717 1288 ιο

163 1313 377 1355 ecclesiam
406 1313 618 1355 machinas
647 1314 886 1368 plenissime
914 1315 1146 1356 instrueret.
1183 1328 1278 1356 nam
1309 1327 1402 1356 cum
1423 1314 1555 1367 pridie
1578 1314 1673 1355 istic

163 1382 347 1424 uenisset
376 1382 605 1424 haereticae
637 1383 855 1436 prauitatis
887 1395 1033 1425 nocens
1063 1383 1187 1425 factio
1217 1383 1307 1437 ipsa
1336 1383 1420 1424 iam
1449 1383 1610 1436 perdita
1633 1384 1673 1424 et

164 1450 265 1492 alios
295 1451 365 1504 qui
396 1451 474 1492 sibi
504 1452 782 1493 consenserint
811 1452 1035 1506 perditura,
1070 1453 1230 1505 postero
1254 1452 1318 1494 die
1339 1451 1555 1494 Niceforus
1577 1465 1671 1494 cum

163 1520 314 1561 uestris
344 1520 496 1562 litteris
527 1521 778 1574 superuenit⁷
817 1521 965 1574 quibus
996 1522 1036 1563 et
1058 1521 1281 1563 didicimus
1302 1522 1342 1562 et
1365 1522 1507 1563 docere
1537 1521 1668 1574 adque

163 1589 364 1631 instruere
387 1591 540 1632 ceteros
563 1590 770 1643 coepimus
794 1591 1034 1632 Euaristum
1052 1591 1100 1631 de
1118 1591 1304 1644 episcopo
1326 1591 1410 1632 iam
1428 1603 1500 1632 nec
1517 1589 1673 1631 laicum
1687 1606 1718 1630 15

164 1660 421 1708 remansisse,
460 1659 677 1701 cathedrae
708 1662 748 1701 et
776 1660 907 1713 plebis
938 1662 1141 1702 extorrem
1171 1661 1211 1702 et
1241 1661 1289 1702 de
1320 1660 1489 1702 ecclesia
1519 1658 1672 1701 Christi

167 1729 327 1770 exulem
356 1741 427 1782 per
457 1728 559 1770 alias
581 1729 702 1783 longe
723 1729 955 1782 prouincias
979 1729 1162 1770 oberrare
1192 1730 1233 1770 et
1253 1729 1393 1782 ipsum
1414 1729 1603 1770 ueritatis
1627 1741 1674 1770 ac

164 1796 259 1839 fidei
296 1797 544 1852 naufragum
576 1797 734 1839 factum
772 1798 879 1840 circa
910 1798 1107 1851 quosdam
1140 1798 1203 1839 sui
1236 1798 1394 1840 similes
1426 1798 1543 1851 paria
1574 1809 1675 1838 nau-

235 1958 253 1991 1
272 1958 403 2002 uerbis]
424 1958 537 1991 uersis
556 1958 599 1992 N
702 1958 723 1992 2
742 1958 898 1992 christus
917 1958 952 1992 B
1058 1958 1194 1993 milites
1213 1970 1277 1993 om.
1300 1958 1335 1992 B
1441 1958 1518 2003 diu]
1537 1957 1578 1991 dc
1597 1958 1631 1991 B

166 2016 186 2049 3
205 2015 362 2049 detinere
382 2016 416 2049 B
555 2017 635 2059 opto
659 2043 663 2046 .
681 2044 686 2049 .
704 2043 709 2048 .
732 2016 848 2050 ualere
866 2027 930 2050 om.
953 2016 1127 2051 BLMN¹
1146 2017 1164 2060 (
1164 2017 1239 2051 63311.
1264 2016 1319 2061 Q).
1342 2036 1379 2040 —
1401 2015 1456 2050 Ad
1474 2015 1677 2051 Cornelium

168 2073 320 2117 explicat
339 2073 382 2113 L,
414 2072 468 2107 Ad
490 2073 691 2107 Cornelium
718 2073 872 2117 epistula
893 2073 1001 2107 ·VIII·
1029 2074 1218 2118 (epistulae
1243 2084 1386 2107 numero
1413 2072 1526 2106 ·VIII·
1550 2074 1593 2115 T)
1621 2083 1675 2106 cx-

169 2130 273 2174 plicit
297 2130 370 2175 QT,
389 2130 444 2164 Ad
462 2130 664 2165 Cornelium
682 2131 722 2165 de
741 2131 957 2175 presbyteris
977 2131 1020 2165 ad
1041 2131 1225 2166 eeclesiam
1243 2132 1414 2175 regressis
1433 2131 1586 2175 epistola
1605 2130 1678 2164 ·VI·

169 2188 314 2232 explicit
333 2187 376 2228 B,
398 2199 461 2222 om.
483 2189 529 2223 N.
550 2209 592 2213 —

238 2246 351 2290 Epist.
372 2246 452 2281 LII.
469 2267 510 2270 —-
525 2246 658 2290 Incipit
676 2246 720 2280 ad
738 2247 941 2281 Cornelium
959 2247 999 2281 de
1019 2247 1160 2281 Nouato
1174 2247 1253 2287 ΕΡ,
1275 2237 1357 2291 [inc]
1377 2246 1421 2280 ad
1439 2245 1587 2280 eundem
1609 2245 1679 2289 [de]

169 2305 298 2337 nouato
313 2303 351 2337 F
352 2331 358 2344 ,
377 2303 509 2348 Incipit
527 2304 571 2338 ad
588 2304 735 2338 eundem
755 2306 882 2348 quarta
900 2303 945 2345 R,
964 2305 1097 2349 Incipit
1117 2305 1287 2349 (Explicit
1301 2305 1362 2347 M)
1381 2303 1535 2339 eiusdem
1554 2304 1680 2346 quarta

170 2361 218 2394 M
222 2360 259 2405 Q
281 2382 322 2385 a
342 2362 360 2395 7
382 2361 535 2396 alterum
563 2372 641 2395 eum
667 2373 731 2396 om.
753 2363 792 2396 F
924 2364 946 2396 8
971 2362 1198 2406 nicephorum
1215 2362 1272 2397 Ro
1412 2361 1590 2405 acolytum
1610 2359 1680 2404 PQ

169 2419 392 2463 (acolythum
409 2420 457 2453 M
459 2423 469 2463 )
594 2419 637 2453 10
654 2430 674 2453 a
692 2431 801 2454 nouas
821 2421 868 2454 M
870 2447 876 2461 ‚
895 2431 1071 2454 anonouas
1090 2420 1125 2455 R
1141 2420 1204 2455 secl
1222 2431 1265 2454 no
1282 2430 1309 2454 s.
1329 2420 1349 2454 l.
1477 2429 1680 2463 expugnan-

171 2475 251 2510 dam
275 2477 308 2511 V
445 2477 486 2510 11
513 2477 688 2512 instruero
706 2478 777 2512 LP
916 2478 1052 2523 pridiae
1072 2479 1114 2519 F,
1142 2478 1260 2522 predic
1279 2478 1313 2512 R
1453 2477 1535 2511 istis
1554 2477 1589 2511 R

171 2534 214 2567 12
243 2534 400 2568 uenisset
430 2535 509 2575 PR,
545 2536 720 2569 uenissem
751 2536 795 2576 F,
830 2536 971 2570 uenisse
1002 2536 1091 2581 LQ:
1125 2537 1208 2579 fort.
1240 2536 1423 2570 uenissent
1564 2534 1681 2578 parui-

170 2592 258 2625 tatis
276 2592 328 2627 R¹
434 2593 524 2627 satio
543 2593 603 2634 R¹‚
624 2593 733 2628 facito
754 2593 783 2639 Q
893 2594 935 2628 13
954 2594 1170 2628 consenserit
1187 2594 1227 2628 F
1328 2592 1547 2637 perdituram
1565 2591 1636 2636 FQ

171 2649 341 2684 niciforus
361 2651 406 2690 P,
424 2651 588 2685 nicoforis
607 2652 650 2692 L,
670 2651 879 2695 nicephorus
898 2652 956 2686 Rv
1063 2652 1106 2685 14
1125 2651 1267 2695 quibus]
1288 2650 1349 2694 qui
1366 2650 1436 2684 sibi
1455 2650 1488 2684 L
1594 2649 1680 2683 dici·

171 2719 248 2742 mus
267 2709 302 2743 P
408 2709 450 2743 15
468 2712 602 2743 ceteras
621 2710 654 2744 L
761 2710 970 2754 euaristum]
991 2720 1130 2744 seruare
1150 2710 1260 2743 istum
1278 2709 1316 2743 F
1416 2709 1615 2753 episcopum
1634 2706 1679 2746 F,

172 2766 327 2810 episcopi
346 2767 380 2800 L
484 2767 526 2801 16
545 2769 705 2801 extorren
725 2767 770 2807 R,
789 2769 967 2801 exterrent
986 2767 1020 2801 L
1115 2769 1150 2800 et
1168 2767 1208 2800 de
1227 2777 1292 2800 om.
1314 2766 1352 2807 V,
1372 2765 1413 2800 de
1431 2765 1466 2800 R
1562 2765 1603 2799 17
1623 2775 1677 2798 ex-

172 2834 287 2858 errare
306 2824 382 2859 RV
474 2825 516 2859 18
534 2824 599 2858 fide
618 2825 651 2859 L
746 2824 974 2869 naufragium
994 2825 1062 2869 RQ
1156 2824 1229 2858 suis
1249 2824 1284 2858 P
