1838 3152
672 224 883 269 Epistula
916 225 958 259 X.
985 225 1142 261 e.1-2.
1570 226 1652 269 491

154 354 216 384 ces
238 341 336 383 facti
357 340 588 394 exemplum
612 340 780 381 uirtutis
801 340 842 381 et
863 339 956 381 fidei
978 339 1252 393 praebuerunt
1273 340 1477 394 congressi
1499 340 1541 382 in
1558 341 1656 392 acie,

153 411 277 452 donec
299 410 404 451 acies
426 409 709 450 succumberet
735 409 857 450 uicta.

210 477 367 529 Quibus
389 490 484 533 ergo
506 489 577 519 uos
599 477 789 519 laudibus
811 477 1054 530 praedicem,
1078 476 1296 518 fortissimi
1318 476 1493 519 fratres?
1534 477 1657 520 robur
1672 479 1696 519 2

151 547 324 602 pectoris
356 546 482 587 uestri
514 547 554 587 et
584 546 928 598 perseuerantiam
961 545 1055 587 fidei
1093 557 1171 598 quo
1202 545 1415 599 praeconio
1446 546 1558 587 uocis
1588 559 1657 588 ex-

123 632 137 657 5
152 618 320 658 ornem?
350 614 556 656 tolerastis
577 627 704 667 usque
723 614 773 656 ad
796 614 1189 655 consummationem
1211 614 1366 668 gloriae
1388 614 1654 656 durissimam

151 683 444 737 quaestionem,
476 695 548 724 nec
578 682 757 724 cessistis
790 682 1016 735 suppliciis,
1049 683 1118 723 sed
1149 682 1266 723 uobis
1287 682 1423 735 potius
1453 683 1655 737 supplicia

151 753 368 795 cesserunt.
411 751 533 792 finem
564 751 772 792 doloribus
803 764 924 804 quem
955 751 1162 793 tormenta
1193 762 1272 792 non
1304 751 1458 792 dabant
1489 762 1656 794 coronae

150 821 358 863 dederunt.
402 820 561 862 laniena
583 820 746 874 grauior
767 820 817 862 ad
840 819 915 861 hoc
945 820 1015 861 diu
1045 819 1333 873 perseuerauit,
1366 831 1444 861 non
1466 821 1512 861 ut
1543 821 1655 862 stan-

149 890 233 931 tem
264 889 388 931 fidem
418 889 614 939 deiceret,
647 889 716 930 sed
747 889 794 930 ut
823 888 1007 930 homines
1029 889 1105 930 Dei
1136 889 1188 930 ad
1218 889 1442 930 Dominum
1475 889 1656 931 uelocius

104 978 136 1004 10
149 958 345 1000 mitteret.
396 958 505 999 uidit
535 958 745 999 admirans
775 957 1052 1010 praesentium
1083 958 1310 999 multitudo
1332 958 1502 999 caeleste
1524 959 1655 999 certa-

148 1040 242 1069 men
262 1026 339 1068 Dei
361 1028 402 1068 et
424 1026 630 1080 spiritale,
662 1025 864 1080 proelium
887 1025 1053 1076 Christi,
1086 1026 1248 1068 stetisse
1279 1039 1417 1068 seruos
1448 1026 1534 1067 eius
1555 1038 1654 1068 uoce

147 1095 289 1145 libera,
321 1097 455 1136 mente
486 1095 732 1148 incorrupta,
767 1094 922 1136 uirtute
953 1094 1115 1145 diuina,
1147 1094 1241 1136 telis
1273 1094 1438 1148 quidem
1470 1095 1654 1136 saecula-

146 1164 259 1205 ribus
285 1163 426 1213 nudos,
460 1163 529 1205 sed
559 1163 684 1205 armis
715 1162 810 1204 fidei
841 1163 1051 1204 credentes
1083 1165 1276 1205 armatos.
1320 1164 1522 1205 steterunt
1551 1163 1651 1204 torti

146 1232 429 1286 torquentibus
466 1231 652 1274 fortiores
682 1232 722 1273 et
743 1231 952 1285 pulsantes
973 1244 1018 1273 ac
1049 1232 1251 1274 laniantes
1283 1232 1459 1286 ungulas
1488 1232 1653 1285 pulsata

103 1321 134 1346 15
148 1314 194 1343 ac
224 1302 380 1344 laniata
425 1301 610 1343 membra
656 1301 855 1343 uicerunt.
904 1300 1262 1355 inexpugnabilem
1304 1301 1426 1343 fidem
1467 1313 1654 1354 superare

147 1382 226 1412 non
256 1371 391 1424 potuit
423 1370 605 1412 saeuiens
637 1370 707 1412 diu
728 1370 853 1425 plaga
882 1370 1069 1423 repetita,
1103 1370 1293 1424 quamuis
1325 1371 1447 1423 rupta
1475 1381 1653 1424 conpage

147 1440 351 1482 uiscerum
382 1441 666 1493 torquerentur
695 1440 738 1481 in
769 1440 897 1481 seruis
919 1440 993 1481 Dei
1026 1440 1110 1482 iam
1140 1451 1220 1481 non
1256 1440 1441 1482 membra
1472 1440 1541 1481 sed
1562 1441 1653 1482 uul-

146 1521 255 1550 nera.
303 1508 456 1551 fluebat
487 1509 653 1563 sanguis
684 1508 754 1562 qui
792 1508 1026 1550 incendium
1057 1508 1349 1562 persecutionis
1381 1508 1649 1563 extingueret,

146 1578 216 1631 qui
237 1577 425 1619 flammas
456 1578 497 1619 et
527 1577 642 1632 ignes
665 1577 872 1632 gehennae
903 1577 1078 1632 glorioso
1109 1589 1248 1619 cruore
1280 1578 1443 1630 sopiret.
1485 1589 1507 1618 0
1529 1577 1649 1630 quale

101 1662 134 1688 20
147 1646 251 1687 illud
283 1645 364 1687 fuit
395 1645 674 1699 spectaculum
698 1646 877 1701 Domini,
911 1659 1034 1700 quam
1064 1646 1255 1697 sublime,
1288 1659 1411 1699 quam
1441 1659 1650 1697 magnum,

146 1727 265 1768 quam
288 1715 365 1756 Dei
387 1715 515 1756 oculis
537 1716 788 1757 sacramento
810 1727 856 1757 ac
879 1715 1093 1757 deuotione
1123 1715 1271 1757 militis
1303 1715 1390 1757 eius
1422 1715 1650 1768 acceptum,

145 1784 253 1826 sicut
275 1783 475 1837 scriptum
496 1785 558 1826 est
588 1784 630 1826 in
650 1784 823 1838 psalmis
845 1784 993 1838 spiritu
1025 1786 1162 1827 sancto
1193 1785 1384 1838 loquente
1405 1784 1455 1825 ad
1476 1795 1548 1825 nos
1578 1796 1651 1838 pa-

214 1932 234 1966 1
261 1932 340 1967 fidei
367 1934 401 1966 et
426 1931 573 1966 uirtutis
599 1932 642 1966 N
723 1933 773 1977 et]
800 1943 839 1967 ac
868 1933 925 1968 Pu
1011 1933 1120 1968 aciem
1151 1932 1246 1974 CR1,
1273 1932 1369 1966 aciae
1400 1931 1429 1976 Q
1521 1933 1545 1968 2
1572 1943 1650 1967 suc-

146 1990 358 2024 cumberetis
385 1990 421 2025 R
507 1989 605 2024 uicta
630 2000 695 2024 om.
724 1990 760 2025 R
853 1991 874 2025 3
900 1991 954 2025 for
978 1991 1184 2036 praedicent
1208 1991 1243 2026 R
1328 1992 1350 2025 4
1376 1990 1457 2035 quo]
1484 1990 1545 2034 qui
1578 1990 1608 2025 G

147 2047 305 2082 exornati
332 2058 375 2082 esc
401 2058 548 2082 exornae
580 2047 610 2083 Ο
693 2048 715 2082 5
740 2048 905 2082 toleratis
936 2048 966 2083 C
1034 2049 1157 2094 usque]
1184 2050 1308 2093 utique
1334 2049 1369 2083 P
1461 2048 1482 2083 8
1506 2047 1650 2082 laniena

144 2104 216 2139 LR
241 2104 316 2148 (secl
342 2115 359 2139 e
384 2115 475 2139 corr.
503 2105 562 2149 L),
589 2104 754 2139 lanienda
784 2105 822 2150 Q,
861 2105 1047 2141 laniendea
1072 2106 1119 2148 N,
1158 2095 1331 2140 lffientia
1361 2105 1398 2146 C,
1429 2105 1591 2149 quaestio
1616 2115 1646 2146 v,

144 2172 207 2196 om.
237 2162 272 2196 P
354 2162 521 2207 grauiora
546 2163 617 2208 LQ
710 2164 990 2206 perseuerauerit
1019 2164 1061 2199 0¹
1162 2164 1183 2198 9
1208 2163 1327 2207 fidem]
1355 2163 1461 2197 finem
1487 2163 1523 2198 R
1607 2164 1647 2197 ut

146 2229 210 2254 om.
239 2219 275 2253 P
367 2219 412 2253 ad
437 2219 540 2254 deum
571 2219 610 2263 Ο,
636 2230 656 2254 a
681 2209 763 2256 dffi
777 2221 812 2256 L
904 2221 1072 2256 uelociter
1098 2221 1172 2266 ΝΩ
1265 2220 1309 2255 1Ο
1333 2219 1512 2255 admirata
1537 2220 1573 2254 P

144 2276 186 2310 11
216 2276 284 2321 (101]
323 2278 499 2312 certamen
532 2277 588 2312 dei
620 2281 799 2314 certamen
824 2279 884 2314 Nv
978 2281 1013 2313 et
1037 2290 1102 2313 om.
1129 2278 1235 2319 NRv,
1275 2277 1335 2322 qui
1366 2278 1396 2313 G
1487 2277 1647 2322 spiritali

143 2345 187 2368 ex
205 2334 403 2379 spiritalem
423 2335 453 2370 C
463 2347 507 2369 m.
521 2338 545 2370 2
606 2336 739 2380 praelio
757 2347 801 2371 ex
817 2336 991 2381 praelium
1011 2336 1040 2371 C
1050 2347 1093 2371 m.
1108 2338 1142 2379 2,
1161 2335 1334 2380 premium
1349 2336 1391 2370 N
1450 2345 1550 2369 seruo
1564 2335 1608 2369 N

144 2391 188 2426 12
213 2391 314 2436 telis]
340 2391 431 2426 tales
458 2393 502 2433 P,
532 2392 619 2427 talis
651 2394 693 2429 C·
788 2394 830 2428 13
855 2393 949 2438 fidei]
977 2393 1098 2428 fideles
1124 2394 1168 2428 N
1244 2391 1419 2427 credentis
1443 2391 1602 2437 C¹LRQ

142 2449 272 2483 armati
303 2449 333 2484 C
422 2450 523 2495 torti]
549 2451 691 2486 fortiter
718 2452 752 2486 P
845 2452 888 2486 14
912 2451 1140 2497 pulsantibus
1169 2451 1199 2486 C
1290 2461 1330 2485 ac
1354 2449 1577 2484 laniantibus
1606 2449 1642 2490 C,

141 2517 205 2541 om.
226 2506 262 2542 R
365 2507 509 2551 ungulis
535 2508 571 2542 P
675 2509 718 2543 15
743 2509 794 2553 ac]
820 2510 856 2543 et
886 2508 916 2554 Q
1019 2519 1059 2543 ae
1092 2508 1229 2542 laniata
1254 2518 1319 2542 om.
1339 2508 1376 2543 R
1468 2517 1645 2552 expugna·

141 2564 251 2599 bilem
278 2564 313 2599 P
382 2575 546 2609 superare
570 2567 654 2611 non]
681 2569 851 2611 superant
876 2566 919 2601 N
1009 2567 1052 2601 16
1077 2565 1140 2600 (1111
1165 2577 1196 2610 p.
1224 2565 1391 2610 repetita]
1418 2564 1478 2599 diu
1506 2564 1644 2609 placere

142 2621 258 2666 petita
276 2622 360 2663 LN,
385 2622 494 2667 dupla
518 2624 649 2668 repetit
665 2634 705 2658 ac
727 2624 757 2659 C
824 2625 966 2668 ruptam
984 2624 1027 2659 N
1094 2624 1134 2658 17
1162 2624 1373 2667 torquentur
1392 2622 1428 2656 P
1498 2622 1540 2655 18
1565 2620 1642 2665 qui]

141 2679 198 2713 cui
223 2680 267 2714 N
332 2680 375 2714 19
400 2680 518 2724 ignem
546 2682 576 2714 C
641 2680 811 2725 gloriosw
836 2681 872 2717 R
904 2683 939 2724 (a
964 2683 1073 2725 eras.)
1165 2681 1213 2717 20
1237 2680 1377 2715 (101111110
1406 2691 1433 2720 u,
1461 2679 1504 2713 (Ιό
1535 2678 1599 2714 CR

143 2735 318 2771 sublimen
344 2737 388 2772 N
486 2738 530 2772 21
568 2739 689 2783 quam]
727 2738 818 2783 quod
845 2739 881 2774 P
984 2739 1022 2773 di
1048 2739 1085 2774 R
1107 2738 1169 2773 secl
1196 2739 1206 2771 i
1233 2748 1337 2778 corr.‚
1375 2737 1439 2772 deo
1465 2737 1506 2773 N
1604 2747 1644 2771 ac

141 2792 326 2828 deuotione
352 2805 418 2829 om.
445 2795 480 2829 P
556 2795 691 2831 milites
717 2796 792 2831 eius
818 2798 961 2841 accepto
987 2797 1023 2831 P
1098 2796 1143 2830 22
1168 2797 1289 2829 sancto
1315 2805 1379 2829 om.
1408 2795 1444 2829 P
1513 2793 1556 2828 ad

144 2851 309 2885 monente
335 2861 400 2886 om.
428 2851 471 2887 N
