1838 3152
569 274 779 319 Epistula
803 273 1118 310 Lxx—LXXI.
1503 277 1583 319 77].

440 477 931 551 EPISTVLA
979 477 1241 551 LXXI.

478 625 745 661 CYPRIANVS
770 624 948 668 QVINTO
973 625 1149 660 FRATRI
1175 626 1207 660 S.

150 775 312 817 Retulit
333 775 384 817 ad
405 786 483 825 me,
515 774 642 816 frater
662 775 885 824 carissime,
916 774 1121 816 Lucianus
1146 775 1433 828 conpresbyter
1450 776 1584 817 noster
1602 779 1618 819 Ι

92 844 134 885 te
165 843 415 885 desiderasse
444 844 491 885 ut
519 843 847 897 significaremus
875 842 955 884 tibi
983 842 1083 895 quid
1112 842 1338 884 sentiamus
1360 843 1409 884 de
1428 842 1493 884 his
1514 842 1584 896 qui

63 912 202 965 sapud
233 911 457 954 haereticos
486 913 527 953 et
557 911 840 954 schismaticos
869 911 1069 964 baptizati
1098 910 1329 953 uideantur.
1366 911 1415 952 de
1444 923 1523 963 qua
1544 923 1586 953 re

68 1012 78 1022 .
99 979 198 1032 quid
218 992 346 1032 nuper
366 980 409 1021 in
430 979 599 1022 concilio
619 979 791 1032 plurimi
813 979 1036 1032 coepiscopi
1059 991 1151 1021 cum
1173 979 1494 1033 conpresbyteris
1516 979 1587 1032 qui

93 1048 262 1089 aderant
283 1047 561 1089 censuerimus
583 1048 631 1089 ut
651 1047 787 1101 scires,
821 1047 1004 1090 eiusdem
1027 1047 1230 1101 epistulae
1252 1047 1484 1101 exemplum
1506 1047 1586 1089 tibi

94 1117 201 1158 misi.
232 1116 365 1158 nescio
395 1129 475 1170 qua
495 1116 647 1159 etenim
667 1117 996 1170 praesumptione
1018 1117 1222 1158 ducuntur
1242 1117 1410 1169 quidam
1431 1117 1480 1157 de
1502 1116 1586 1158 col-

94 1185 199 1239 legis
215 1185 365 1227 nostris
381 1185 428 1226 ut
443 1186 590 1238 putent
606 1198 672 1227 eos
689 1185 760 1238 qui
777 1184 886 1239 apud
906 1185 1132 1227 haereticos
1152 1185 1275 1227 tincti
1297 1186 1404 1234 sunt,
1428 1185 1585 1238 quando

44 1271 79 1296 ιο
94 1253 145 1294 ad
173 1264 246 1294 nos
275 1253 472 1303 uenerint,
506 1253 706 1306 baptizari
735 1265 814 1295 non
844 1254 1039 1306 oportere,
1074 1265 1118 1294 eo
1148 1254 1255 1307 quod
1283 1254 1423 1295 dicant
1451 1266 1580 1294 unum

92 1321 299 1375 baptisma
319 1334 425 1363 esse:
456 1322 562 1375 quod
584 1335 712 1363 unum
733 1322 891 1364 scilicet
912 1322 954 1363 in
977 1322 1148 1364 ecclesia
1169 1322 1369 1364 catholica
1389 1323 1463 1373 est,
1487 1322 1583 1375 quia

93 1390 263 1431 ecclesia
290 1402 371 1431 una
399 1391 523 1432 estet
544 1402 629 1431 esse
657 1390 865 1444 baptisma
893 1391 1053 1443 praeter
1082 1390 1295 1432 ecclesiam
1324 1402 1403 1432 non
1432 1390 1579 1443 potest.

95 1471 189 1500 nam
225 1471 319 1500 cum
355 1459 434 1500 duo
469 1458 723 1512 baptismata
758 1471 845 1501 esse
881 1470 958 1500 non
993 1459 1164 1512 possint,
1200 1459 1235 1500 si
1264 1459 1460 1500 haeretici
1491 1470 1585 1501 uere

96 1526 323 1579 baptizant,
354 1527 433 1581 ipsi
462 1527 614 1568 habent
640 1527 857 1580 baptisma.
890 1528 932 1569 et
952 1528 1021 1580 qui
1043 1527 1118 1568 hoc
1138 1527 1223 1568 illis
1244 1527 1516 1580 patrocinium
1538 1528 1587 1569 de

47 1615 79 1638 15
96 1595 340 1636 auctoritate
379 1608 452 1636 sua
492 1596 683 1648 praestat,
725 1595 832 1636 cedit
867 1595 951 1636 illis
987 1597 1028 1637 et
1065 1595 1266 1637 consentit
1299 1597 1346 1637 ut
1381 1595 1510 1637 hostis
1545 1596 1587 1637 et

93 1663 352 1705 aduersarius
383 1663 535 1705 Christi
572 1663 720 1705 habere
758 1664 949 1705 uideatur
984 1664 1174 1705 abluendi
1206 1665 1247 1706 et
1276 1663 1516 1717 purificandi
1547 1665 1587 1705 et

97 1732 379 1774 sanctificandi
414 1733 592 1774 hominis
628 1734 890 1786 potestatem.
929 1745 1001 1774 1103
1036 1734 1174 1774 autem
1210 1733 1385 1774 dicimus
1421 1744 1487 1775 eos
1517 1732 1587 1786 qui

99 1801 194 1842 inde
215 1801 388 1843 ueniunt
408 1813 487 1842 non
507 1801 753 1854 rebaptizari
774 1802 881 1855 apud
901 1813 972 1843 nos
994 1802 1065 1843 sed
1086 1801 1297 1854 baptizari.
1328 1813 1455 1854 neque
1476 1801 1585 1843 enim

93 1969 263 2014 (Explicit
276 1969 320 2003 ad
333 1971 543 2004 quaianum
556 1970 603 2014 P)
618 1970 659 2004 110
673 1970 860 2005 haereticis
873 1970 1097 2015 baptizandis
1113 1971 1266 2015 epistula
1282 1982 1324 2005 ·n-
1340 1971 1398 2005 III
1411 1972 1473 2014 (·n·
1490 1971 1526 2005 II
1540 1971 1588 2015 P)

94 2026 247 2071 explicat
264 2028 345 2070 (om.
366 2028 414 2070 P)
433 2027 513 2068 LP,
547 2027 600 2061 Ad
618 2027 820 2061 Ianuarium
849 2027 891 2062 de
915 2028 1091 2072 baptismo
1116 2028 1261 2072 explicit
1281 2029 1319 2074 Q,
1349 2029 1402 2063 Ad
1421 2029 1588 2072 (Explicit

94 2084 138 2118 ad
161 2085 202 2127 C)
222 2084 376 2128 collegas
393 2084 435 2118 (10
453 2084 618 2118 hereticis
636 2084 858 2129 baptizandis
875 2085 1020 2130 explicit
1037 2087 1117 2128 (om.
1142 2085 1184 2128 C)
1208 2086 1282 2126 CR,
1308 2085 1461 2130 Explicit
1478 2085 1587 2120 Cecili

97 2141 264 2185 Cypriani
282 2141 325 2175 ad
343 2141 531 2175 quianum
549 2144 584 2175 et
601 2144 732 2175 ceteros
750 2142 963 2176 consessores
981 2154 1009 2176 c.
1028 2163 1071 2167 —

165 2198 279 2242 Epist.
298 2198 422 2232 LXXI.
450 2219 493 2223 —
516 2198 648 2242 Incipit
677 2199 719 2233 ad
737 2199 910 2241 Quintum
940 2199 1105 2242 (feliciter
1136 2199 1221 2233 add.
1247 2200 1284 2239 C,
1314 2199 1355 2233 dc
1385 2199 1586 2234 eorumdem

96 2255 310 2299 baptismate
339 2256 425 2290 ctclcl.
451 2256 499 2301 Β)
530 2256 722 2299 BCLNP,
752 2256 808 2290 Ad
832 2256 1003 2299 Quintum
1033 2256 1185 2300 epistola
1214 2256 1246 2290 b.
1266 2256 1433 2300 Cypriani
1451 2257 1500 2297 H,
1532 2256 1587 2291 Ad

95 2312 270 2347 Iubanum
296 2314 337 2348 de
362 2314 528 2348 hereticis
558 2313 782 2358 baptizandis
811 2313 957 2357 explicit
985 2314 1074 2347 Item
1105 2313 1232 2358 incipit
1249 2313 1293 2347 ad
1310 2313 1482 2356 Quintum
1513 2314 1587 2358 epi-

98 2370 191 2404 stola
209 2370 267 2404 ·11·
284 2371 326 2405 de
344 2371 400 2405 his
418 2371 506 2416 ipsis
528 2372 567 2406 Τ.
586 2391 627 2395 —-
645 2372 667 2405 2
684 2371 847 2415 quintino
870 2372 899 2406 C
1073 2372 1094 2405 3
1114 2371 1255 2406 rettulit
1274 2372 1308 2406 Β
1478 2372 1501 2406 4
1518 2371 1587 2405 tibi

95 2427 181 2471 quid
209 2428 402 2462 sentiamus
431 2439 494 2462 om.
522 2429 571 2463 Ρ·
778 2429 800 2462 5
823 2427 999 2473 baptizari
1019 2428 1051 2462 Τ
1254 2428 1420 2463 uidentur
1450 2429 1543 2464 CHv

94 2486 115 2518 65
133 2484 217 2528 quid
236 2485 279 2518 II
291 2495 315 2518 3.
335 2485 356 2519 l.
375 2496 419 2519 m.
438 2488 471 2529 2,
491 2485 630 2530 quidem
649 2485 684 2519 Β
856 2485 1009 2530 episcopi
1028 2485 1077 2519 P¹
1248 2485 1455 2529 presbiteris
1473 2485 1545 2521 BC

94 2543 116 2573 8
134 2541 264 2575 etenim
283 2552 352 2585 qua
368 2553 388 2576 v
549 2543 570 2576 9
587 2542 795 2587 haereticos]
815 2543 851 2576 ct
869 2542 1087 2576 scismaticos
1104 2542 1188 2577 add.
1207 2542 1254 2577 H
1409 2543 1452 2577 10
1467 2542 1585 2587 bapti·

95 2609 172 2632 zare
189 2599 233 2632 II
438 2599 478 2634 11
497 2598 534 2632 in
552 2599 696 2633 ecclesia
714 2599 900 2644 catholica]
926 2598 1004 2633 ideo
1022 2599 1105 2633 Bal.
1313 2599 1411 2643 quia]
1437 2610 1524 2643 quae
1549 2599 1585 2640 C,

95 2666 165 2699 qua
182 2656 226 2690 N
400 2656 442 2690 12
460 2656 489 2689 si
507 2667 577 2690 una
594 2658 649 2690 est
666 2669 696 2697 r,
716 2657 745 2690 si
763 2659 815 2690 est
839 2666 908 2690 una.
930 2657 959 2692 C
973 2656 1034 2690 scd
1052 2657 1082 2690 si
1099 2667 1124 2690 s,
1144 2656 1165 2690 l.
1334 2658 1370 2690 ct
1387 2667 1451 2690 om.
1476 2656 1542 2691 0²1>

97 2713 274 2757 baptisma
290 2723 364 2746 esse
383 2713 426 2747 II
568 2714 720 2758 praeter]
738 2716 835 2747 extra
853 2724 873 2748 v
1023 2713 1065 2746 13
1082 2714 1229 2757 possunt
1245 2713 1287 2747 Il
1435 2713 1477 2747 15
1493 2712 1588 2747 cedit

95 2780 139 2803 ca:
156 2769 259 2803 cadat
282 2770 311 2805 C
469 2769 589 2803 hostes
611 2770 666 2811 C',
684 2771 747 2805 hos
768 2770 802 2804 Β
963 2771 998 2804 et
1015 2780 1078 2804 om.
1099 2769 1135 2803 Β
1297 2770 1339 2804 16
1357 2769 1482 2803 christi
1500 2771 1539 2803 ut
1559 2770 1593 2804 T

94 2826 157 2861 secl
174 2829 214 2861 ut
230 2837 256 2861 s.
276 2827 296 2860 I.
438 2826 625 2861 uideantur
644 2827 690 2861 T²
836 2827 877 2861 17
895 2826 1051 2861 dicemus
1075 2827 1116 2862 0¹
1264 2827 1307 2860 18
1325 2826 1405 2861 inde
1422 2837 1488 2861 om.
1508 2826 1542 2860 Β

97 2884 257 2918 uenerint
280 2884 309 2919 C
446 2883 539 2928 apud
556 2894 618 2918 nos
636 2895 700 2919 om.
721 2884 750 2919 C
890 2883 949 2918 sed
968 2883 1143 2928 baptizari
1161 2894 1226 2918 om.
1247 2883 1318 2918 ΒΟ

1220 2941 1315 2982 49*
