1838 3152
206 235 287 276 708
737 232 932 267 Caecilii
958 232 1173 277 Cypriani

202 337 377 378 misceri.
402 336 572 378 calicem
596 337 749 377 etenim
771 336 846 378 sub
869 337 934 377 die
962 336 1163 389 passionis
1195 336 1395 389 accipiens
1425 336 1635 377 benedixit
1666 337 1706 377 et

203 406 318 446 dedit
348 405 562 458 discipulis
585 406 670 447 suis
694 405 856 447 dicens:
889 405 1061 446 bibite
1093 417 1146 446 ex
1177 405 1267 446 hoc
1298 417 1481 446 omnes.
1513 405 1596 446 hic
1628 406 1707 446 est

203 474 333 514 enim
375 474 587 528 sanguis
619 471 952 523 testamenti)
995 474 1079 526 qui
1118 486 1204 526 pro
1243 474 1431 514 multis
1471 473 1706 515 effunde-

202 544 287 583 tur
318 543 367 583 in
398 542 758 584 remissionem
787 543 1129 595 peccatorum.
1162 541 1276 583 dico
1308 542 1476 592 uobis,
1510 555 1603 583 non
1633 543 1705 583 bi-

202 611 316 652 bam
362 612 538 652 amodo
585 624 640 652 ex
687 612 792 652 ista
837 612 1083 652 creatura
1121 612 1250 652 uitis
1290 623 1448 664 usque
1487 611 1538 651 in
1569 611 1734 651 diemf,

202 679 355 720 illum
394 692 488 733 quo
530 680 799 721 uobiscum
837 680 1011 721 bibam
1042 691 1226 721 nouum
1257 680 1308 720 in
1339 692 1496 733 regno
1539 679 1707 732 patris

201 748 309 789 mei.
353 761 433 801 qua
472 749 514 789 in
549 749 664 801 parte
700 748 934 790 inuenimus
981 749 1150 790 calicem
1195 749 1373 790 mixtum
1418 748 1544 789 fuisse
1586 760 1707 800 quem

201 817 402 857 Dominus
440 818 593 869 optulit
625 818 665 858 et
696 817 840 857 uinum
871 816 997 858 fuisse
1029 817 1136 870 quod
1168 817 1411 870 sanguinem
1442 816 1557 857 dixit.
1601 819 1707 859 unde

202 886 370 938 apparet
411 886 653 939 sanguinem
684 884 838 926 Christi
876 899 955 927 non
987 885 1135 935 offerri⁷
1178 885 1213 926 si
1252 885 1358 926 desit
1398 885 1542 926 uinum
1574 886 1705 936 calici,

200 967 275 995 nec
296 954 541 995 sacrificium
563 954 815 995 dominicum
837 954 1026 1008 legitima
1048 953 1370 995 sanctificatione
1392 953 1602 1005 celebrari⁷
1626 955 1706 996 nisi
1722 971 1754 995 10

202 1023 355 1065 oblatio
397 1025 437 1065 et
469 1023 715 1065 sacrificium
752 1024 941 1064 nostrum
979 1023 1234 1076 responderit
1270 1023 1461 1076 passioni.
1504 1024 1704 1076 quomodo

201 1093 341 1133 autem
377 1092 425 1132 de
462 1093 649 1133 creatura
686 1092 786 1133 uitis
822 1104 976 1133 nouum
1012 1092 1159 1133 uinum
1196 1105 1287 1133 cum
1319 1090 1480 1133 Christo
1512 1091 1553 1132 in
1583 1105 1707 1145 regno

202 1161 330 1212 patris
362 1161 565 1211 bibemus,
596 1161 630 1201 si
662 1161 704 1202 in
733 1160 929 1202 sacrificio
952 1161 1028 1202 Dei
1059 1161 1189 1213 patris
1222 1162 1262 1201 et
1285 1160 1440 1202 Christi
1462 1161 1606 1202 uinum
1627 1175 1706 1203 11011

203 1230 413 1272 offerimus
434 1243 507 1272 nec
528 1231 700 1272 calicem
724 1230 890 1271 Domini
911 1230 1118 1271 dominica
1139 1230 1361 1272 traditione
1386 1231 1635 1272 miscemus?

138 1300 189 1339 10
260 1300 413 1340 Beatus
443 1312 600 1352 quoque
633 1299 841 1351 apostolus
862 1298 1019 1340 Paulus
1049 1312 1072 1340 a
1093 1299 1268 1340 Domino
1298 1299 1450 1341 electus
1481 1301 1522 1340 et
1554 1299 1704 1341 missus
1721 1316 1753 1339 15

204 1370 244 1409 et
274 1368 532 1422 praedicator
562 1367 754 1408 ueritatis
786 1367 1046 1421 euangelicae
1078 1367 1328 1409 constitutus
1359 1368 1459 1409 haec
1491 1368 1632 1409 eadem
1662 1368 1705 1409 in

202 1437 379 1490 epistula
417 1450 490 1477 sua
524 1436 640 1489 ponit
678 1436 835 1477 dicens:
879 1436 1128 1477 Dominus
1168 1436 1312 1478 Iesus
1343 1436 1393 1477 in
1425 1449 1519 1490 qua
1559 1438 1708 1478 nocte

202 1506 511 1547 tradebatur
550 1505 750 1558 accepit
788 1517 964 1557 panem
997 1506 1045 1546 et
1076 1506 1275 1560 gratias
1307 1507 1419 1560 egit
1451 1508 1503 1548 et
1542 1505 1709 1560 fregit

203 1576 252 1615 et
284 1574 439 1615 dixit:
472 1575 560 1615 hoc
591 1575 669 1615 est
700 1587 882 1627 corpus
923 1586 1104 1624 meum⁷
1144 1576 1272 1627 quod
1311 1587 1398 1628 pro
1440 1576 1585 1616 uobis
1618 1575 1704 1616 est.

201 1644 293 1685 hoc
325 1643 486 1685 facite
517 1644 566 1684 in
597 1656 755 1684 meam
787 1644 1335 1685 commemorationem.
1370 1643 1755 1684 similimodo20

202 1714 250 1754 et
296 1713 512 1754 calicem
557 1713 833 1765 postquam
879 1713 1118 1753 cenatum
1165 1713 1241 1753 est
1271 1713 1473 1766 accepit
1511 1713 1707 1754 dicens:

200 1781 285 1822 1110
316 1781 455 1823 calix
487 1793 672 1821 nouum
703 1781 1078 1822 testamentum
1110 1781 1267 1822 estin
1297 1794 1402 1823 meo
1433 1782 1707 1835 sanguine,

200 1850 292 1891 1100
334 1849 494 1891 facite
532 1849 995 1902 quotienscumque
1037 1849 1287 1891 biberitis
1318 1850 1367 1891 in
1397 1863 1556 1892 meam
1599 1863 1710 1892 con-

201 1918 634 1960 memorationem.
689 1918 1152 1971 quotienscumque
1195 1918 1327 1959 enim
1368 1919 1588 1960 ederitis
1629 1932 1709 1972 pa—

200 2001 310 2030 nem
356 1987 516 2029 istum
562 1988 610 2028 et
656 1987 872 2028 calicem
918 1987 1195 2037 biberitis,
1244 1989 1462 2029 mortem
1501 1988 1753 2030 Domini25

340 2135 362 2169 2
385 2135 517 2168 Matth.
544 2135 599 2176 26,
626 2134 678 2169 28.
707 2135 761 2168 29.
857 2135 899 2169 17
926 2135 943 2168 Ι
969 2135 1044 2169 Cor.
1074 2135 1127 2176 11,
1153 2135 1299 2170 23-26,

272 2273 291 2306 1
310 2273 456 2306 miscere
474 2273 510 2308 R
627 2273 648 2306 2
665 2272 739 2317 1110]
756 2273 822 2307 1100
840 2273 889 2307 L¹
900 2273 935 2307 P
1042 2275 1095 2307 est
1111 2277 1192 2317 post
1209 2273 1417 2307 testamenti
1435 2273 1471 2308 R
1586 2273 1608 2306 3
1624 2272 1709 2306 noui

201 2329 411 2363 testamenti
429 2330 486 2364 Pv
657 2330 849 2364 effunditur
871 2330 900 2375 Q
1068 2331 1091 2364 4
1108 2331 1315 2365 remissione
1333 2331 1369 2371 S,
1389 2330 1575 2364 remissam
1593 2330 1665 2364 LO

202 2387 223 2421 5
240 2387 297 2421 die
321 2387 351 2422 O
474 2388 495 2421 6
512 2397 642 2421 1101111111
660 2399 725 2421 om.
751 2387 789 2428 O,
807 2398 938 2422 nouum
955 2388 1079 2421 uinum
1098 2389 1154 2423 Rv
1270 2398 1419 2432 regnum
1439 2387 1468 2421 S
1589 2387 1610 2420 8
1629 2397 1709 2420 san-

201 2444 346 2489 guinem
365 2455 466 2478 suum
484 2444 686 2489 LOPQRv
803 2446 823 2479 9
841 2444 996 2479 christus
1014 2446 1068 2480 R¹
1189 2446 1233 2479 10
1249 2445 1323 2490 1100]
1342 2445 1413 2479 11151
1432 2445 1461 2480 S
1569 2446 1610 2478 11
1629 2455 1709 2488 pas-

203 2501 301 2534 sione
326 2501 355 2535 O
529 2502 572 2535 12
590 2503 725 2546 autem]
743 2502 838 2536 enim
862 2502 891 2537 0
1066 2504 1246 2537 creaturae
1265 2502 1295 2537 S
1465 2513 1613 2547 regnum
1636 2502 1665 2546 Q

203 2558 246 2592 13
263 2559 361 2602 patri
379 2559 414 2593 L
576 2559 621 2593 14
637 2559 824 2593 offeramus
842 2560 877 2595 R
1039 2560 1235 2594 dominicae
1254 2560 1284 2595 S
1436 2561 1646 2594 misceamus
1663 2559 1709 2601 R,

202 2627 395 2650 inessemus
414 2616 444 2650 S
573 2617 616 2650 17
636 2628 699 2650 sua
716 2628 780 2651 om.
807 2618 836 2652 Ο
968 2628 1098 2662 ponens
1116 2618 1266 2652 dicitens
1284 2619 1312 2652 S
1442 2619 1485 2652 18
1501 2617 1710 2652 tradebatur

204 2673 340 2718 accepit
358 2684 423 2707 om.
442 2674 478 2708 R
593 2674 670 2718 egit
687 2674 735 2718 et]
761 2685 869 2719 agens
894 2675 1008 2710 Oxou.
1127 2675 1169 2709 19
1186 2667 1218 2709 u:
1233 2666 1291 2710 est
1308 2675 1564 2720 LOPQRSV,
1583 2687 1616 2709 u.
1634 2676 1708 2708 tra-

204 2730 307 2764 detur
324 2743 344 2766 v
484 2731 529 2765 20
546 2731 657 2765 simili
675 2734 711 2765 et
726 2732 827 2766 modo
845 2732 890 2773 L,
910 2733 1079 2767 similiter
1098 2734 1133 2766 et
1151 2733 1185 2767 R
1320 2734 1363 2767 21
1383 2733 1528 2767 calicem
1546 2743 1610 2766 om.
1630 2732 1665 2766 R

204 2788 350 2833 accepit]
369 2789 551 2831 acceptum
571 2788 717 2822 calicem
738 2789 774 2824 R
888 2790 933 2823 23
949 2790 1114 2824 biberitis
1136 2818 1141 2822 .
1160 2817 1165 2822 .
1184 2819 1196 2843 ,Ι
1212 2791 1526 2834 quotienscumque
1544 2800 1609 2823 om.
1630 2790 1665 2824 R

203 2845 249 2879 24
267 2845 361 2879 enim
381 2856 445 2880 om.
467 2845 495 2880 S
601 2845 750 2879 ederetis
775 2846 804 2880 O
914 2847 958 2880 25
976 2836 1099 2881 dffec
1117 2837 1187 2881 dh}
1199 2849 1234 2883 R
