1838 3152
185 241 265 282 718
710 241 904 276 Caecilii
937 242 1150 286 Cypriani

142 347 167 386 2
241 343 448 394 Quantum
491 356 586 386 uero
622 345 672 385 ad
709 357 873 387 causam
915 345 1139 388 infantium
1174 348 1365 400 pertinet,
1410 361 1508 401 quos
1544 349 1687 390 dixisti

183 412 291 454 intra
327 413 551 454 secundum
583 415 648 456 uel
681 415 852 456 tertium
890 415 999 456 diem
1034 428 1157 468 quam
1193 416 1282 457 nati
1320 417 1402 458 sint
1439 418 1686 458 constitutos

181 481 381 534 baptizari
422 495 501 524 non
537 485 719 536 oportere
755 485 796 525 et
833 484 1167 525 considerandam
1209 497 1295 526 esse
1337 485 1473 539 legem
1510 486 1685 528 011011111-

184 551 347 593 cisionis
384 552 589 605 antiquae,
632 553 678 593 ut
713 553 823 594 intra
859 553 1049 594 octauum
1087 553 1196 594 diem
1233 567 1328 594 eum
1364 554 1435 607 qui
1470 555 1589 596 natus
1626 557 1688 597 est

183 620 476 673 baptizandum
498 622 538 662 et
559 621 898 663 sanctificandum
932 633 1011 663 non
1032 623 1219 675 putares:
1253 623 1373 676 longe
1396 622 1510 664 aliud
1530 623 1572 664 in
1595 636 1688 665 con-
1703 640 1717 663 5

184 689 279 730 cilio
307 691 445 731 nostro
475 690 613 731 uisum
635 692 709 731 est.
742 691 784 731 in
805 690 881 731 hoc
903 691 1012 732 enim
1036 691 1142 743 quod
1163 691 1209 731 tu
1231 691 1406 743 putabas
1430 704 1516 733 esse
1538 692 1690 733 facien-

186 758 285 798 dum
325 771 442 800 nemo
485 759 700 809 consensit,
748 759 818 800 sed
859 759 1043 800 uniuersi
1084 759 1223 813 potius
1265 759 1543 801 iudicauimus
1584 761 1689 802 nulli

186 827 400 868 hominum
429 829 525 869 nato
554 827 882 869 misericordiam
904 828 981 869 Dei
1004 828 1044 869 et
1065 828 1245 881 gratiam
1270 827 1561 882 denegandam.
1593 843 1690 870 nam

185 908 280 937 cum
311 897 513 937 Dominus
544 897 588 937 in
620 897 835 951 euangelio
867 908 939 938 suo
972 896 1104 938 dicat:
1144 896 1297 938 filius
1335 898 1557 939 hominis
1595 909 1690 939 non

184 966 330 1007 uenit
372 966 568 1007 animas
609 966 872 1007 hominum
911 966 1126 1020 perdere
1164 966 1249 1007 sed
1288 967 1516 1018 saluare‚
1559 980 1736 1020 quan-10

183 1036 275 1076 tum
297 1036 339 1075 in
362 1035 477 1076 nobis
501 1035 574 1084 est,
609 1035 644 1075 si
665 1034 752 1075 fieri
781 1036 933 1088 potest,
963 1035 1077 1076 nulla
1099 1036 1235 1076 anima
1256 1036 1464 1089 perdenda
1485 1037 1558 1078 est.
1592 1036 1691 1089 quid

186 1104 296 1145 enim
327 1105 362 1145 ei
399 1105 510 1146 deest
546 1106 617 1158 qui
653 1105 779 1146 semel
810 1105 853 1146 in
885 1105 1000 1146 utero
1021 1105 1099 1146 Dei
1135 1105 1324 1146 manibus
1360 1104 1562 1146 formatus
1600 1106 1691 1146 est?

186 1173 302 1214 nobis
335 1174 443 1214 enim
475 1174 605 1226 adque
638 1174 766 1215 oculis
797 1174 947 1215 nostris
977 1174 1203 1216 secundum
1232 1173 1391 1215 dierum
1421 1174 1691 1216 saecularium

185 1255 351 1284 cursum
384 1243 565 1295 accipere
598 1243 669 1296 qui
697 1243 784 1284 nati
814 1243 908 1284 sunt
937 1243 1237 1284 incrementum
1271 1242 1477 1284 uidentur.
1512 1243 1690 1284 ceterum

186 1324 465 1365 quaecumque
487 1324 509 1352 a
530 1312 614 1353 Deo
643 1311 748 1353 fiunt
770 1311 847 1353 Dei
877 1311 1045 1353 factoris
1073 1311 1290 1353 maiestate
1312 1312 1352 1352 et
1374 1324 1492 1364 opere
1512 1311 1737 1365 perfectam

186 1381 293 1422 sunt.

147 1450 171 1488 3
243 1451 343 1491 Esse
364 1450 537 1503 denique
559 1449 668 1504 apud
690 1462 829 1491 omnes
852 1450 939 1491 siue
961 1449 1138 1491 infantes
1157 1449 1242 1490 51110
1260 1449 1433 1490 maiores
1451 1450 1551 1491 natu
1568 1461 1692 1490 011010

188 1519 320 1560 (110101
356 1519 538 1561 10000115
574 1519 867 1572 aequalitatem
906 1520 1086 1561 declarat
1117 1519 1233 1560 nobis
1269 1519 1498 1573 scripturae
1529 1519 1693 1559 diuinae

187 1588 300 1639 fides,
332 1601 424 1630 00111
447 1588 664 1630 Helisaeus
695 1601 816 1641 super
843 1588 1046 1630 infantem
1075 1588 1224 1630 uiduae
1246 1588 1382 1630 filium
1413 1588 1482 1641 qui
1504 1588 1692 1629 mortuus

186 1657 347 1699 iacebat
378 1657 437 1699 ita
469 1671 510 1699 50
539 1658 673 1699 Deum
705 1658 924 1710 deprecans
957 1658 1243 1711 superstrauit,
1276 1658 1323 1699 ut
1344 1657 1470 1711 capiti
1503 1657 1624 1709 caput
1656 1658 1696 1697 et
1709 1670 1742 1694 20

186 1726 307 1768 faciei
336 1726 461 1768 facies
491 1727 767 1780 adplicaretur
795 1727 836 1767 et
863 1726 1067 1779 superfusi
1088 1726 1272 1768 Helisaei
1305 1726 1489 1768 membra
1519 1725 1696 1779 singulis

193 1796 359 1849 paruuli
398 1796 596 1837 membris
633 1797 674 1836 et
708 1796 830 1848 pedes
872 1796 1045 1848 pedibus
1087 1796 1370 1850 iungerentur.
1414 1808 1516 1848 quae
1557 1807 1620 1836 res
1662 1794 1696 1835 51

193 1865 415 1906 secundum
452 1864 687 1906 natiuitatis
720 1865 880 1906 nostrae
915 1866 955 1906 et
987 1865 1164 1917 corporis
1198 1864 1445 1918 qualitatem
1477 1863 1693 1917 cogitetur,

323 2001 343 2034 9
370 2001 450 2034 Luc.
481 2002 513 2045 9,
538 2001 592 2035 56.

258 2116 275 2149 1
296 2118 468 2159 quantum
490 2143 497 2150 .
514 2142 542 2150 ..
565 2117 587 2150 l.
602 2120 642 2150 11
675 2115 850 2159 perdenda
879 2116 932 2149 cst
959 2116 1035 2150 each.
1055 2116 1288 2159 Auyustinus
1312 2116 1450 2151 Contra
1474 2115 1568 2149 duas
1594 2115 1695 2158 epist.

190 2173 317 2217 Pelay.
339 2173 401 2208 IV
417 2176 467 2208 23
592 2173 771 2207 infantum
795 2174 824 2208 C
839 2184 862 2207 u
880 2183 971 2208 corr.
1096 2174 1117 2207 2
1136 2173 1229 2206 diem
1248 2172 1397 2206 tertium
1416 2173 1450 2206 L
1573 2172 1691 2216 quam]

189 2230 272 2264 duni
291 2241 395 2274 quam
419 2232 460 2272 V,
478 2242 545 2275 quo
563 2243 583 2266 v
601 2235 635 2265 et
653 2232 746 2276 Aufs.
768 2235 890 2265 textus
1007 2233 1091 2264 sunt
1111 2231 1146 2265 R
1164 2235 1196 2265 et
1215 2231 1309 2275 Any.
1436 2231 1459 2264 4
1477 2231 1644 2274 antiquae
1663 2229 1696 2263 R

189 2299 229 2322 ae
246 2289 287 2322 in
304 2300 389 2333 ras„
409 2289 559 2333 antiqua
578 2289 627 2323 M
642 2289 825 2333 (antiquae
847 2288 890 2334 Q)
1032 2289 1053 2322 ἴ)
1070 2288 1190 2332 longe]
1209 2287 1345 2332 aliquid
1368 2287 1398 2322 C
1525 2289 1545 2322 6
1564 2287 1694 2332 uisum]

190 2345 353 2380 omnibus
371 2346 489 2379 uisum
514 2346 564 2391 Qv
583 2350 615 2380 ct
632 2347 728 2390 Amy.
904 2347 945 2380 tu
963 2357 1028 2381 om.
1048 2347 1143 2391 Amy.
1322 2346 1340 2379 7
1360 2346 1536 2379 consentit
1555 2345 1600 2386 P,
1619 2355 1696 2378 con-

188 2403 294 2437 cessit
317 2403 347 2438 C
461 2403 657 2437 iudicamus
681 2404 709 2438 C
720 2408 754 2437 Ιυ
877 2404 898 2438 8
917 2404 1053 2438 homini
1070 2415 1091 2438 v
1214 2403 1451 2437 misericordis
1468 2402 1524 2436 dci
1543 2402 1696 2446 gratiam

189 2461 284 2505 Aug).
443 2461 487 2494 10
504 2461 687 2495 hominum
705 2472 769 2495 om.
796 2462 861 2496 CR
879 2466 911 2496 ct
929 2462 1021 2507 Any.
1174 2461 1235 2495 sed
1253 2461 1391 2495 5010010
1409 2461 1444 2495 R
1460 2461 1521 2494 secl
1540 2461 1639 2494 salua
1657 2461 1697 2494 in

190 2529 277 2562 fras„
296 2529 361 2552 om.
386 2519 414 2553 (J
523 2519 565 2552 11
584 2518 626 2563 si]
647 2518 739 2552 sicut
761 2518 791 2553 C
897 2519 1027 2563 anima]
1046 2519 1212 2552 innocens
1231 2518 1315 2552 cedd.
1341 2518 1370 2553 (J
1474 2519 1516 2552 12
1533 2517 1696 2551 manibus

190 2575 248 2609 dei
271 2575 300 2620 Q
450 2576 491 2610 17
511 2577 656 2610 maioris
674 2576 709 2610 L
862 2576 906 2610 18
923 2576 1063 2610 declara
1080 2577 1115 2610 R
1256 2575 1398 2609 diuinae
1419 2575 1614 2619 scripturae
1631 2586 1651 2609 υ

192 2633 235 2667 19
253 2644 331 2667 0010
349 2644 413 2668 om.
434 2645 453 2668 v
604 2634 733 2668 eliseus
751 2633 822 2678 ΡΩ
971 2634 1107 2667 infante
1131 2633 1172 2668 C'¹
1321 2633 1451 2667 uiduae
1477 2633 1506 2667 C
1518 2632 1581 2666 sed
1599 2642 1639 2665 00
1655 2632 1696 2666 in

189 2702 275 2735 ras„
295 2692 476 2725 samaritis
501 2692 534 2726 V
638 2692 683 2726 20
700 2692 753 2725 ita
771 2703 806 2725 se
826 2703 890 2726 om.
914 2692 949 2726 P
1053 2692 1159 2735 caput
1177 2702 1220 2725 ex
1238 2690 1331 2734 apud
1355 2691 1384 2725 G
1485 2690 1528 2724 21
1546 2689 1647 2723 faciei
1670 2689 1700 2724 C

189 2748 250 2782 sed
269 2749 301 2782 01
317 2749 358 2782 in
375 2760 459 2793 ras„
480 2749 569 2783 facie
588 2749 623 2783 L
746 2749 943 2794 applicaret
961 2749 995 2784 R
1119 2748 1305 2793 superfusa
1324 2748 1387 2784 CR
1441 2783 1443 2786 ,
1503 2747 1631 2780 0011500
1650 2746 1695 2787 L,

189 2806 291 2839 elisei
310 2806 377 2851 ΡΩ
541 2807 675 2851 singuli
692 2807 726 2841 L
902 2807 947 2841 22
963 2806 1123 2851 paruulis
1145 2808 1186 2840 C¹
1349 2805 1583 2849 iungarentur
1606 2803 1649 2838 0¹

187 2863 232 2897 23
251 2864 477 2909 qualitatem]
498 2865 795 2909 inaequalitatem
812 2876 833 2900 v
975 2866 1153 2909 cogitatur
1177 2864 1206 2899 Ο
