1838 3152
527 244 763 289 Epistulae
786 244 1009 280 LXV1111.
1043 257 1070 281 c.
1097 247 1240 281 15-17.
1545 250 1626 294 765

137 350 179 390 et
199 348 369 402 spiritus
389 359 577 400 nequam,
599 347 670 400 qui
691 347 838 401 scorpii
860 349 902 389 et
922 351 1128 402 serpentes
1148 350 1407 404 appellantur
1429 353 1471 393 et
1486 353 1626 394 tamen

134 429 205 469 per
240 427 312 457 nos
342 414 438 457 data
466 429 489 458 a
509 415 684 457 Domino
712 416 915 469 potestate
944 416 1165 468 calcantur,
1196 431 1432 472 permanere
1452 419 1563 461 ultra
1582 420 1625 461 in

134 484 312 527 hominis
334 496 512 537 corpore,
535 485 577 526 in
600 496 678 537 quo
700 483 909 538 baptizato
931 484 972 525 et
992 484 1245 528 sanctificato
1279 486 1425 540 incipit
1454 487 1625 540 spiritus

134 555 297 595 sanctus
318 553 521 595 habitare.

106 638 121 662 ⁵
191 621 280 663 Hoc
301 621 475 674 denique
498 623 538 663 et
560 621 680 663 rebus
703 620 804 674 ipsis
826 620 1072 673 experimur,
1094 622 1142 662 ut
1160 622 1403 663 necessitate
1425 624 1625 677 urguente
1643 624 1694 665 1⁶

136 690 177 731 in
198 690 458 744 aegritudine
488 689 689 744 baptizati
719 691 760 731 et
787 689 968 743 gratiam
997 689 1202 732 consecuti
1233 691 1398 732 careant
1425 691 1625 733 inmundo

134 758 285 812 spiritu
322 769 400 812 quo
435 760 555 800 antea
590 758 862 800 mouebantur
897 760 938 800 et
972 758 1202 800 laudabiles
1236 771 1283 800 ac
1318 759 1551 812 probabiles
1583 760 1626 801 in

133 827 304 869 ecclesia
325 827 470 869 uiuant
489 826 663 880 plusque
683 839 755 879 per
775 826 861 868 dies
883 826 1069 881 singulos
1091 826 1134 868 in
1150 829 1419 881 augmentum
1439 827 1627 870 caelestis

136 896 293 952 gratiae
327 908 397 950 per
425 895 519 937 fidei
550 896 800 937 incrementa
819 895 1046 949 proficiant,
1076 896 1122 937 ut
1143 896 1282 937 contra
1304 908 1423 950 saepe
1443 896 1627 937 nonnulli

87 980 120 1004 ιο
133 966 183 1008 de
203 965 289 1007 illis
321 965 391 1018 qui
422 965 509 1007 sani
538 964 810 1018 baptizantur,
845 965 880 1006 si
908 965 1170 1019 postmodum
1205 977 1371 1018 peccare
1407 964 1627 1018 coeperint,

133 1033 282 1087 spiritu
304 1033 500 1075 inmundo
522 1034 717 1075 redeunte
739 1033 1003 1087 quatiuntur:
1035 1035 1082 1076 ut
1112 1033 1379 1076 manifestum
1408 1033 1465 1076 sit
1487 1033 1629 1075 diabo-

132 1102 221 1144 lum
242 1102 285 1143 in
305 1102 512 1156 baptismo
532 1101 612 1143 fide
634 1102 838 1144 credentis
861 1102 1035 1152 excludi,
1058 1102 1093 1144 si
1115 1101 1214 1143 fides
1234 1101 1499 1155 postmodum
1516 1100 1628 1144 defe-

134 1170 236 1212 cerit
255 1170 428 1225 regredi.
451 1170 531 1212 nisi
553 1170 587 1212 si
610 1170 767 1212 iustum
790 1170 1036 1224 quibusdam
1058 1170 1224 1213 uidetur
1245 1173 1291 1212 ut
1312 1171 1377 1212 illi
1408 1170 1479 1224 qui
1511 1171 1626 1212 extra

132 1239 346 1281 ecclesiam
368 1239 475 1292 apud
496 1239 750 1281 aduersarios
771 1240 812 1281 et
834 1238 1096 1282 antichristos
1118 1238 1287 1293 profana
1308 1252 1413 1293 aqua
1432 1239 1627 1294 polluun-

89 1325 119 1350 15
134 1310 203 1351 tur
238 1308 438 1363 baptizati
474 1309 720 1360 iudicentur,
760 1308 804 1350 hi
842 1320 936 1350 uero
974 1308 1044 1362 qui
1082 1307 1125 1349 in
1165 1308 1335 1351 ecclesia
1363 1307 1627 1362 baptizantur

135 1378 271 1419 minus
304 1378 585 1432 indulgentiae
608 1378 649 1419 et
672 1377 828 1432 gratiae
851 1377 1014 1419 diuinae
1046 1377 1251 1419 consecuti
1281 1389 1367 1418 esse
1394 1376 1627 1427 uideantur,

132 1448 173 1488 et
194 1448 335 1488 tantus
364 1446 493 1488 honor
512 1446 713 1487 habeatur
735 1445 952 1487 haereticis
974 1446 1021 1486 ut
1042 1445 1136 1487 inde
1157 1445 1368 1486 uenientes
1390 1457 1468 1486 non
1498 1445 1628 1487 inter-

132 1516 328 1569 rogentur
348 1516 538 1556 utrumne
559 1515 633 1556 loti
655 1515 738 1556 sint
758 1527 809 1556 an
830 1514 996 1567 perfusi,
1019 1515 1211 1556 utrumne
1233 1514 1371 1556 clinici
1393 1526 1443 1555 an
1465 1512 1627 1566 peripa-

134 1584 271 1626 tetici:
308 1584 415 1638 apud
444 1596 516 1625 nos
544 1584 683 1625 autem
711 1583 760 1625 de
795 1584 956 1637 integra
990 1582 1085 1624 fidei
1121 1583 1296 1625 ueritate
1331 1582 1562 1624 detrahitur
1591 1581 1632 1623 et

89 1669 123 1694 20
136 1653 339 1706 baptismo
362 1652 635 1695 ecclesiastico
656 1653 848 1694 maiestas
870 1664 942 1693 sua
962 1652 1003 1693 et
1023 1652 1220 1693 sanctitas
1242 1652 1472 1706 derogatur.

191 1721 407 1775 Rescripsi,
430 1721 490 1762 fili
511 1721 732 1771 carissime,
756 1722 807 1762 ad
828 1720 989 1762 litteras
1010 1721 1103 1762 tuas
1128 1722 1329 1774 quantum
1346 1733 1473 1774 parua
1490 1720 1630 1760 nostra
1650 1716 1697 1758 17

137 1790 397 1831 mediocritas
418 1789 552 1831 ualuit
573 1791 613 1831 et
634 1789 793 1831 ostendi
814 1788 914 1842 quid
935 1802 1006 1831 nos
1028 1790 1230 1842 quantum
1252 1790 1294 1830 in
1315 1789 1433 1830 nobis
1455 1790 1515 1830 est
1537 1800 1630 1829 sen-

138 1858 305 1908 tiamus,
342 1858 498 1900 nemini
533 1858 854 1911 praescribentes
885 1869 963 1911 quo
999 1858 1135 1899 minus
1173 1858 1334 1899 statuat
1369 1857 1475 1910 quod
1511 1856 1631 1909 putat

139 1927 417 1981 unusquisque
445 1927 701 1980 praepositus
733 1928 849 1969 actus
871 1927 934 1968 sui
956 1927 1156 1968 rationem
1179 1926 1354 1968 Domino
1384 1925 1631 1974 redditurus,

95 2012 126 2037 2⁵
141 1996 364 2038 secundum
394 1996 502 2049 quod
523 1996 664 2037 beatus
686 1995 893 2049 apostolus
914 1995 1069 2037 Paulus
1098 1995 1139 2036 in
1171 1994 1350 2048 epistula
1379 2007 1452 2036 sua
1478 1994 1529 2035 ad
1550 1993 1632 2035 Ro-

207 2206 276 2258 s'et
294 2224 333 2268 t.]
353 2223 397 2258 ad
414 2225 439 2258 t.
456 2222 571 2268 ΜΨ,
590 2226 628 2257 at
646 2225 672 2256 t.
687 2222 775 2267 EQ²
867 2223 888 2256 2
902 2223 1114 2267 potestatem
1135 2221 1164 2266 Q
1257 2232 1318 2255 nec
1336 2230 1539 2265 permanere
1554 2220 1589 2254 P

139 2282 247 2325 ultra]
266 2291 334 2315 non
351 2282 500 2326 possunt
517 2281 601 2315 add.
628 2281 675 2316 Cv
848 2280 869 2314 3
887 2280 1044 2314 homine:
1065 2279 1095 2313 si
1119 2279 1149 2315 C'
1320 2278 1473 2323 corpore]
1492 2287 1634 2321 corpore

138 2340 286 2384 possunt
303 2339 339 2373 P
523 2338 560 2372 in
578 2348 645 2382 quo
664 2339 704 2372 in
722 2338 845 2381 iniquo
862 2347 953 2372 corr.
978 2337 1008 2373 0
1190 2338 1226 2370 et
1243 2347 1308 2371 om.
1332 2337 1362 2372 0
1547 2336 1569 2369 5
1586 2335 1634 2379 et]

140 2396 177 2430 in
200 2396 230 2431 C
435 2396 454 2430 7
474 2407 513 2430 ac
531 2395 729 2440 probabiles
747 2405 812 2429 om.
832 2395 868 2429 B
1078 2395 1100 2428 8
1116 2394 1244 2428 uiuant
1261 2405 1305 2428 ea:
1322 2393 1493 2428 uidebant
1509 2393 1557 2427 M
1561 2392 1591 2436 Q

139 2454 160 2487 9
176 2455 217 2487 ut
234 2452 351 2497 EQV,
369 2453 427 2487 uel
449 2453 486 2494 C,
504 2454 540 2487 et
558 2453 651 2487 BPv
798 2451 842 2486 10
859 2451 936 2486 sani
952 2462 1017 2486 om.
1042 2451 1082 2493 V,
1101 2440 1180 2485 scae
1198 2452 1233 2485 B
1370 2451 1411 2484 11
1432 2451 1516 2484 runt
1532 2449 1636 2494 spiri-

139 2513 215 2545 tum
234 2510 269 2545 R
286 2511 418 2554 incipit
604 2509 815 2554 quatiantur
834 2509 879 2551 R,
897 2509 1085 2554 patiuntur
1103 2509 1139 2543 B
1329 2508 1372 2542 13
1390 2509 1418 2541 si
1437 2518 1501 2541 om.
1527 2507 1592 2542 CR

140 2569 183 2602 14
201 2567 351 2612 profana
367 2577 432 2602 om.
457 2567 487 2602 C
638 2567 846 2611 polluuntur
864 2577 957 2611 aqua
973 2565 1150 2610 baptizari
1171 2566 1200 2601 G
1353 2565 1393 2599 17
1412 2564 1635 2607 interrogan-

139 2628 198 2659 tur
215 2625 248 2659 B
441 2624 484 2658 18
501 2624 621 2659 clinici
639 2624 713 2658 sint
736 2623 859 2659 CPRv
1051 2622 1275 2667 peripatcrici
1298 2622 1336 2662 C,
1352 2620 1537 2666 peripatici
1556 2620 1591 2654 B

143 2683 184 2717 19
200 2683 363 2727 integrae
381 2680 453 2727 EQ
613 2680 826 2716 detrahatur
842 2692 863 2715 v
1024 2681 1069 2714 ‘20
1086 2690 1166 2714 suas
1186 2680 1231 2720 B,
1249 2679 1324 2713 eius
1343 2679 1378 2714 R
1537 2676 1635 2711 dero-

139 2742 243 2785 getur
260 2751 280 2774 v
451 2739 493 2773 21
512 2738 556 2773 ad
571 2739 713 2774 litteras
731 2741 812 2773 tuas
829 2750 893 2774 om.
913 2738 947 2773 B
1121 2738 1241 2771 nostra
1259 2747 1321 2771 om.
1350 2736 1390 2773 V,
1408 2735 1450 2769 ad
1471 2723 1593 2769 uffa*

139 2798 183 2832 23
201 2798 432 2832 rescribentes
449 2807 494 2832 ex
510 2797 768 2841 perscribentes
792 2796 822 2831 C
980 2796 1024 2830 24
1042 2797 1140 2829 actus
1159 2806 1224 2829 om.
1244 2794 1280 2830 R
1418 2784 1424 2791 ⁸
1439 2781 1635 2827 dffiratio-

140 2865 218 2890 nem
237 2855 309 2900 EQ
