1838 3152
245 211 329 251 554
776 208 967 243 Caecilii
1000 208 1216 252 Cypriani

205 315 230 353 6
303 312 392 355 Vno
421 313 552 367 igitur
581 312 802 364 eodemque
831 312 1012 362 consilio,
1042 312 1174 353 isdem
1202 312 1391 364 precibus
1413 314 1453 354 et
1474 313 1640 355 fletibus
1661 315 1748 356 tam

246 395 315 424 1103
333 381 401 434 qui
421 393 548 434 usque
566 381 698 422 adhuc
714 381 904 421 uidemur
919 380 1115 433 temporis
1132 380 1254 422 istius
1275 380 1413 422 ruinas
1435 381 1746 437 subterfugisse,

243 464 366 504 quam
395 450 460 491 1111
482 450 552 503 qui
573 450 616 491 111
637 450 709 491 has
729 449 927 502 temporis
949 449 1141 490 uidentur
1162 449 1297 490 clades
1319 449 1524 501 incidisse,
1560 451 1748 494 diuinam

244 519 503 561 maiestatem
534 519 796 572 deprecantes
824 531 967 572 pacem
997 518 1270 560 ecclesiastico
1299 519 1456 560 nomini
1476 520 1745 572 postulemus

244 587 401 629 mutuis
442 587 551 629 uotis
591 599 663 628 nos
704 587 883 628 inuicem
925 586 1151 638 foueamus,
1193 587 1486 639 custodiamus,
1529 602 1775 631 armemus.5

243 668 403 698 oremus
432 669 504 709 pro
533 656 660 709 lapsis
682 658 729 697 111
751 656 974 709 erigantur,
1009 667 1169 698 oremus
1198 668 1270 710 pro
1300 657 1506 698 stantibus
1530 659 1575 699 ut
1597 671 1675 699 non
1696 659 1747 700 ad

242 725 379 767 ruinas
420 737 547 778 usque
583 725 850 778 temptentur,
893 736 1052 766 oremus
1088 726 1136 766 ut
1172 725 1243 778 qui
1280 725 1474 767 cecidisse
1515 725 1749 768 referuntur

243 794 385 836 delicti
419 795 482 835 sui
514 793 844 848 magnitudinem
877 795 1142 848 agnoscentes
1175 794 1421 849 intellegant
1452 807 1532 836 non
1563 807 1747 837 momen-

241 865 405 905 taneam
442 875 570 916 neque
605 875 916 915 praeproperam
949 863 1178 904 desiderare
1211 863 1470 905 medicinam.
1508 876 1670 906 oremus
1701 868 1749 906 ut

240 932 408 974 effectus
440 931 720 986 indulgentiae
752 932 963 984 lapsorum
992 932 1265 985 subsequatur
1294 934 1335 974 et
1355 932 1665 986 paenitentiam,
1699 935 1746 975 ut
1760 950 1792 974 10

238 1002 449 1042 intellecto
480 1013 551 1042 suo
581 1001 751 1043 crimine
773 1001 905 1042 uelint
926 1000 1042 1042 nobis
1070 1000 1237 1042 interim
1258 1001 1463 1054 praestare
1485 1002 1744 1054 patientiam,

238 1082 311 1112 nec
340 1070 472 1112 adhuc
502 1069 773 1112 fluctuantem
805 1070 972 1112 turbent
1003 1070 1195 1112 ecclesiae
1223 1070 1391 1121 statum,
1427 1083 1476 1112 ne
1508 1071 1746 1113 interiorem

240 1139 356 1181 nobis
386 1139 712 1192 persecutionem
742 1139 821 1192 ipsi
850 1139 1076 1181 incendisse
1106 1139 1326 1181 uideantur
1346 1140 1387 1180 et
1407 1139 1573 1182 accedat
1594 1140 1645 1181 ad
1667 1141 1745 1182 cri-

241 1208 401 1250 minum
424 1208 638 1250 cumulum
658 1209 764 1261 quod
782 1208 909 1250 etiam
930 1208 1104 1261 inquieti
1127 1208 1306 1250 fuerunt.
1330 1209 1507 1250 maxime
1529 1209 1637 1250 enim
1659 1209 1746 1250 illis

239 1277 429 1331 congruit
458 1277 704 1319 uerecundia
734 1289 909 1330 quorum
937 1277 981 1318 in
1002 1277 1164 1319 delictis
1196 1278 1415 1319 damnatur
1443 1290 1557 1318 mens
1586 1278 1748 1319 11111616-
1763 1297 1792 1321 15

239 1347 385 1389 cunda.
407 1347 572 1399 pulsent
593 1359 687 1388 sane
709 1346 828 1397 fores,
861 1346 932 1387 sed
952 1358 1031 1387 non
1055 1346 1197 1400 utique
1220 1346 1490 1400 confringant.
1526 1347 1674 1388 adeant
1695 1347 1747 1388 ad

238 1416 365 1458 limen
387 1416 594 1466 ecclesiae,
618 1416 688 1457 sed
711 1427 790 1456 non
811 1415 955 1468 utique
977 1414 1226 1457 transiliant.
1258 1415 1485 1457 castrorum
1507 1416 1745 1457 caelestium

238 1485 434 1526 excubent
468 1485 610 1538 portis,
645 1484 715 1527 sed
747 1485 897 1526 armati
927 1484 1130 1526 modestia
1158 1497 1237 1538 qua
1266 1484 1514 1539 intellegant
1544 1497 1586 1526 se
1608 1485 1745 1526 deser-

237 1557 346 1596 tores
367 1554 506 1596 fuisse.
537 1555 749 1596 resumant
769 1566 936 1607 precum
959 1567 1127 1595 suarum
1148 1554 1307 1604 tubam,
1331 1553 1400 1595 sed
1422 1566 1501 1607 qua
1521 1565 1600 1595 non
1621 1553 1743 1595 belli-

239 1637 333 1666 cum
355 1624 559 1679 clangant.
583 1624 743 1665 arment
760 1635 801 1665 se
820 1623 987 1676 quidem
1008 1623 1231 1665 modestiae
1249 1622 1345 1664 telis
1363 1624 1403 1664 et
1422 1635 1543 1676 quem
1560 1623 1744 1675 negando
1759 1642 1792 1668 20

237 1692 383 1734 mortis
414 1694 529 1734 metu
562 1692 657 1734 fidei
690 1692 933 1734 dimiserant
966 1692 1147 1746 clipeum
1182 1692 1405 1742 resumant,
1444 1692 1514 1733 sed
1537 1694 1583 1733 ut
1605 1693 1746 1733 contra

237 1762 397 1803 hostem
434 1762 643 1804 diabolum
679 1762 747 1803 uel
780 1774 887 1803 nunc
918 1761 1080 1811 armati,
1118 1773 1197 1802 non
1229 1761 1368 1803 contra
1400 1761 1612 1803 ecclesiam
1644 1773 1745 1814 quae

236 1832 403 1873 illorum
435 1831 547 1873 dolet
577 1843 706 1882 casus,
742 1832 922 1873 armatos
952 1843 1038 1872 6336
1060 1843 1101 1871 36
1122 1830 1299 1872 credant.
1325 1830 1507 1871 multum
1535 1830 1621 1871 illis
1650 1843 1744 1884 pro-

239 1900 345 1943 ficiet
365 1900 510 1953 petitio
532 1900 728 1951 modesta,
751 1900 974 1953 postulatio
995 1899 1239 1950 uerecunda,
1269 1899 1485 1941 humilitas
1507 1899 1743 1950 necessaria⁷

308 2078 323 2111 1
344 2077 481 2111 hisdem
500 2077 547 2118 N,
567 2077 660 2111 idem
678 2076 714 2110 B
819 2076 1043 2120 praecipibus
1066 2077 1098 2110 T
1204 2076 1225 2110 2
1243 2076 1354 2110 adhoc
1373 2076 1445 2110 BT
1547 2078 1568 2110 3
1587 2077 1644 2111 his
1663 2077 1698 2110 Β

236 2135 452 2180 temporibus
472 2136 502 2167 T
592 2135 719 2179 clades]
739 2134 871 2178 gladiis
888 2135 921 2167 B
1021 2134 1046 2169 4
1064 2133 1205 2167 nomine
1223 2133 1269 2175 Β,
1287 2134 1439 2168 nominis
1457 2134 1492 2168 L
1586 2135 1742 2179 postula-

235 2205 311 2227 mus
328 2194 367 2227 H
375 2197 381 2215 ¹
453 2194 474 2227 ὅ
491 2192 633 2227 110116113
651 2192 898 2237 magnitudine
917 2192 951 2226 Β
1022 2192 1042 2225 9
1058 2202 1292 2236 praepropera
1311 2192 1346 2225 Β
1418 2192 1638 2226 considerare
1656 2193 1698 2226 N

237 2253 279 2286 10
297 2253 559 2298 indulgentiam
579 2253 614 2286 B
727 2253 777 2297 01]
796 2254 837 2286 111
856 2251 890 2284 Β
1000 2250 1221 2294 poenitentia
1239 2261 1258 2284 v
1368 2250 1409 2283 11
1428 2250 1518 2284 uelit
1535 2251 1636 2284 nobis
1654 2251 1740 2294 LN,

235 2311 339 2346 uellit
357 2311 460 2345 nouit
474 2312 509 2345 Β
603 2311 749 2345 interim
767 2321 831 2344 om.
857 2310 887 2342 T
975 2308 1170 2353 praestare]
1178 2297 1291 2352 'piare
1311 2309 1354 2343 N
1441 2308 1655 2353 patientiam
1673 2309 1715 2342 N
1718 2309 1740 2349 ²,

235 2369 494 2413 paenitentiam
511 2368 669 2403 FHLN
671 2371 681 2386 ¹
690 2370 729 2408 T,
747 2367 969 2412 paenitentia
988 2367 1023 2400 B
1129 2366 1171 2400 12
1189 2366 1304 2400 adhuc
1322 2377 1385 2400 om.
1407 2366 1440 2400 L
1546 2365 1741 2400 fluctuante

234 2426 421 2460 eturbantc
440 2427 485 2467 L,
517 2426 691 2460 fluctuent
708 2427 743 2459 61
761 2424 972 2460 conturbent
990 2424 1031 2458 N
1133 2435 1195 2458 nec
1214 2424 1257 2458 N
1259 2426 1268 2442 ¹
1378 2424 1595 2468 interiorem]
1614 2424 1740 2461 interi-

234 2494 327 2517 mere
346 2484 379 2517 Β
512 2484 555 2517 13
573 2483 814 2527 persecutione
833 2483 903 2527 ipsi
921 2482 1087 2516 incidisse
1105 2481 1272 2516 uidentur
1291 2481 1326 2515 B
1459 2481 1627 2516 accendat
1651 2482 1692 2514 Ίη

236 2541 276 2575 15
293 2540 544 2575 inuerecundia
561 2541 634 2576 LT
638 2542 647 2558 ¹
767 2541 808 2575 16
826 2541 921 2574 fora-s
940 2540 984 2581 Β,
1004 2540 1092 2574 foris
1116 2541 1147 2574 Τ
1260 2539 1319 2573 scd
1338 2549 1401 2573 om.
1423 2539 1466 2573 N
1578 2539 1739 2572 confran-

232 2600 320 2643 gant
343 2599 374 2631 T
465 2598 595 2633 adeant
612 2609 676 2633 om.
700 2599 731 2631 T
837 2598 878 2631 17
896 2598 1016 2632 lumen
1035 2598 1069 2631 L
1165 2596 1314 2631 exiliant
1331 2597 1364 2630 Β
1460 2597 1502 2630 18
1520 2607 1555 2630 36
1574 2607 1638 2630 om.
1658 2596 1694 2629 Β

234 2657 275 2689 19
292 2659 513 2690 rcsumerant
536 2659 568 2690 T
673 2655 871 2690 libellicum
888 2655 932 2688 H
1043 2655 1089 2689 20
1105 2654 1311 2698 **clangant
1332 2655 1370 2697 T,
1389 2654 1564 2698 plangant
1581 2654 1695 2688 BLN

230 2714 439 2748 modestiam
458 2714 493 2748 Β
564 2714 680 2758 quem]
700 2724 788 2757 quae
805 2713 841 2746 B
915 2712 1076 2757 negando
1093 2712 1137 2754 F,
1157 2711 1301 2755 negatio
1318 2712 1367 2752 Η,
1386 2711 1527 2755 negotio
1547 2711 1663 2745 BLN
1665 2711 1695 2743 T

230 2775 271 2808 21
292 2772 504 2807 remiserant
523 2772 558 2806 Β
686 2771 731 2805 23
748 2771 863 2814 casus]
883 2780 977 2804 cesos
995 2770 1038 2804 H
1163 2771 1322 2803 armatus
1339 2768 1375 2803 Β
1499 2768 1641 2802 credent
1658 2768 1691 2801 Β

230 2831 274 2865 24
292 2830 501 2865 uerecundia
519 2831 553 2865 L
