1838 3152
166 163 250 205 488
677 159 881 194 Caecilii
909 159 1122 203 Cypriani

165 265 278 306 ribus
316 265 412 306 sunt
451 264 538 305 siue
577 263 731 305 exclusi
764 264 812 304 de
845 263 1009 304 sedibus
1049 262 1133 303 suis
1165 263 1307 315 utique
1337 262 1486 305 habere
1518 264 1665 306 debent

165 334 235 387 qui
258 334 315 375 eis
338 333 593 374 ministrent:
641 333 711 374 sed
734 334 773 373 et
805 331 1049 373 catecumini
1071 331 1311 384 adprehensi
1333 331 1573 373 infirmitate
1595 334 1664 374 de-

164 402 271 456 cepti
293 414 378 443 esse
408 414 486 442 non
517 401 733 454 debebunt,
767 401 813 441 ut
836 400 892 441 eis
924 400 1204 441 subueniatur.
1239 401 1279 441 et
1300 401 1406 452 quod
1438 401 1665 443 maximum

164 472 236 524 est,
270 483 435 523 corpora
457 471 684 522 martyrum
707 471 778 510 aut
800 470 1022 510 ceterorum
1054 468 1087 509 si
1119 480 1198 509 non
1221 468 1482 520 sepeliantur,
1514 470 1664 523 grande

162 540 389 594 periculum
419 539 608 580 imminet
630 538 686 579 eis
709 538 855 590 quibus
887 537 1090 578 incumbit
1118 538 1192 578 hoc
1213 549 1324 590 opus.
1370 538 1688 591 cuiuscumquef,

162 621 256 662 ergo
279 609 462 649 uestrum
479 619 733 660 quacumque
757 607 963 647 occasione
982 606 1103 646 fuerit
1125 605 1315 646 effectum
1333 606 1406 647 hoc
1428 619 1539 660 opus,
1563 607 1664 648 certi

161 690 301 718 sumus
333 689 425 717 eum
457 676 607 717 bonum
639 688 801 715 seruum
825 675 1047 724 aestimari,
1080 675 1126 715 ut
1158 674 1227 727 qui
1256 674 1297 715 in
1329 674 1500 715 minimo
1532 675 1663 716 fidelis

159 746 240 787 fuit
273 746 547 787 constituatur
576 757 695 797 super
716 744 856 785 decem
878 744 1081 785 ciuitates.
1134 743 1260 784 faciat
1282 747 1419 784 autem
1441 744 1564 793 1)0113,
1593 744 1662 796 qui

159 814 296 855 omnia
321 814 503 867 praestat
536 813 793 866 sperantibus
826 813 867 853 in
889 825 942 863 se,
976 814 1022 853 ut
1043 825 1181 853 omnes
1213 825 1283 853 nos
1314 813 1356 853 in
1387 813 1450 854 his
1472 813 1661 865 operibus

156 883 426 924 inueniamur.
479 882 662 923 salutant
691 894 762 923 uos
784 882 929 923 fratres
952 882 1021 935 qui
1051 883 1146 922 sunt
1167 882 1209 922 in
1231 882 1409 923 uinculis
1432 883 1471 923 et
1492 882 1660 936 presby-
1675 904 1706 928 10

156 953 233 993 teri
257 954 296 993 et
327 954 415 993 tota
446 951 636 1000 ecclesia,
670 963 771 1004 quae
796 951 836 992 et
857 951 945 1004 ipsa
976 964 1068 992 cum
1100 964 1262 992 summa
1294 951 1570 992 sollicitudine
1592 964 1660 991 ex-

155 1021 277 1061 cubat
298 1032 369 1073 pro
391 1020 580 1061 omnibus
605 1020 674 1073 qui
696 1019 887 1061 inuocant
908 1032 1055 1060 nomen
1080 1020 1257 1061 Domini.
1307 1020 1377 1061 sed
1399 1021 1439 1060 et
1461 1031 1532 1060 nos
1554 1020 1659 1072 peti-

155 1102 246 1130 mus
279 1090 423 1130 mutua
446 1090 533 1129 11100
555 1101 753 1130 memores
776 1089 868 1130 sitis
897 1089 1039 1131 nostri.
1093 1089 1232 1130 sciatis
1255 1090 1393 1130 autem
1415 1089 1660 1130 Bassianum

153 1159 384 1211 peruenisse
407 1158 457 1199 ad
478 1170 569 1199 nos:
603 1159 643 1199 et
664 1158 844 1211 petimus
866 1171 950 1208 uos,
975 1158 1045 1210 qui
1060 1158 1221 1199 habetis
1243 1157 1377 1198 zelum
1399 1158 1486 1208 Dei,
1510 1158 1658 1199 harum

152 1227 389 1268 litterarum
412 1227 644 1279 exemplum
667 1228 774 1279 apud
792 1239 1067 1279 quoscumque
1083 1227 1270 1279 poteritis
1288 1226 1568 1267 transmittere
1586 1239 1656 1280 per
1669 1246 1700 1270 15

152 1296 315 1337 idoneas
348 1296 585 1350 occasiones,
620 1296 686 1337 uel
717 1297 873 1337 uestras
905 1295 1090 1345 faciatis,
1124 1296 1211 1337 siue
1241 1295 1434 1336 nuntium
1465 1295 1656 1350 mittatis,

150 1366 197 1406 ut
227 1365 335 1406 stent
365 1364 490 1406 fortes
513 1366 553 1406 et
574 1365 790 1406 inmobiles
812 1365 854 1405 in
875 1364 964 1406 fide.
1016 1366 1207 1418 optamus
1237 1377 1321 1415 uos,
1355 1364 1500 1405 fratres
1532 1364 1657 1406 caris—

151 1433 259 1484 simi,
291 1446 450 1487 semper
471 1434 570 1475 bene
592 1434 741 1475 ualere.

486 1625 1003 1699 EPISTVLA
1051 1626 1316 1698 VIIII.

148 1786 412 1820 CYPRIANVS
437 1785 754 1820 PRESBYTERIS
781 1785 838 1819 ET
864 1785 1153 1820 DIACONIBVS
1185 1785 1347 1821 ROMAE
1380 1785 1651 1822 CONSISTEN-
1665 1797 1698 1823 20

655 1843 792 1877 TIBVS
818 1843 1085 1877 FRATRIBVS
1111 1842 1145 1877 S.

112 1967 127 2005 1
205 1958 306 2000 Cum
329 1958 378 2000 de
401 1971 563 2000 excessu
585 1958 680 2000 boni
712 1958 792 1999 uiri
815 1958 996 2012 collegae
1026 1958 1108 1999 mei
1136 1970 1276 2000 rumor
1297 1959 1404 2012 apud
1426 1971 1496 2000 nos
1519 1959 1651 2001 incer—

148 2029 214 2069 tus
252 2028 379 2078 esset,
425 2027 571 2069 iratres
613 2027 839 2078 carissimi,
887 2029 928 2069 et
959 2027 1094 2080 opinio
1135 2028 1258 2069 dubia
1288 2029 1472 2078 nutaret,
1514 2029 1650 2083 accepi

216 2153 234 2186 1
262 2152 383 2186 excudi
401 2163 441 2193 w,
469 2152 605 2197 expulsi
623 2165 647 2196 μ
709 2151 763 2196 de]
783 2163 803 2186 a
820 2163 851 2186 w
871 2161 875 2179 ³
922 2152 943 2186 2
960 2151 1166 2186 caticumini
1188 2153 1227 2193 T,
1247 2153 1484 2186 cathecumini
1499 2165 1588 2197 φμιυ

146 2210 183 2243 111
208 2209 418 2243 infirmitate
436 2223 459 2254 μ
549 2209 571 2243 3
595 2209 783 2254 debebunt]
803 2209 986 2243 habebunt
1004 2223 1028 2254 μ
1116 2209 1202 2253 quid
1221 2223 1248 2253 φ
1343 2210 1365 2243 4
1389 2210 1532 2254 grandis
1558 2210 1648 2254 peri-

145 2267 234 2301 culis
257 2267 288 2300 T
363 2267 384 2300 5
410 2267 594 2300 immineat
612 2281 635 2311 μ
711 2267 773 2310 013]
792 2267 849 2301 1113
868 2280 892 2311 μ
982 2267 1150 2311 cuiusque
1169 2281 1192 2311 μ
1204 2280 1212 2307 ;
1241 2267 1489 2311 cuiuscumque
1510 2294 1517 2301 .
1531 2293 1540 2302 .
1556 2295 1563 2302 .
1583 2268 1648 2303 1100

144 2336 229 2370 opus
248 2336 312 2359 om.
334 2336 395 2369 ‹pw
475 2326 495 2360 6
520 2326 680 2360 eflectum
697 2326 806 2360 fuerit
825 2339 849 2370 μ
929 2326 948 2359 7
975 2326 1170 2359 existimari
1188 2339 1212 2370 μ
1294 2326 1440 2360 minimo
1458 2337 1523 2361 om.
1543 2341 1570 2371 φ

143 2383 165 2416 8
189 2383 273 2427 fuit]
304 2383 372 2416 erit
390 2397 413 2427 μ
504 2394 606 2427 super
635 2394 698 2417 om.
718 2395 749 2417 w
839 2383 969 2428 decem]
1000 2383 1051 2417 XI
1069 2395 1100 2417 w
1194 2383 1281 2417 facit
1299 2388 1340 2428 μι
1439 2384 1481 2418 11
1507 2395 1585 2419 011111
1602 2395 1646 2419 eoe

146 2451 209 2474 0011
231 2442 264 2475 Τ
355 2441 398 2474 12
423 2451 541 2475 omnes
563 2442 597 2475 T
677 2441 752 2484 nos]
781 2451 842 2475 uos
859 2451 879 2475 v
973 2441 1016 2475 13
1041 2441 1172 2485 autern]
1192 2443 1230 2475 at
1246 2452 1324 2475 011111
1343 2455 1367 2486 μ
1461 2443 1645 2477 basianum

149 2499 180 2532 T
182 2511 203 2532 ιι
281 2497 323 2532 15
349 2498 529 2542 exempla
525 2511 548 2532 ιι
628 2497 732 2542 apud]
752 2498 796 2532 ad
814 2510 860 2543 μυ
947 2499 1137 2542 potueritis
1156 2513 1179 2543 μ
1261 2500 1303 2533 16
1328 2501 1447 2534 uestia
1466 2514 1490 2545 μ
1569 2512 1644 2535 mu-

143 2556 230 2589 titis
249 2567 279 2589 w
345 2556 388 2591 17
403 2557 439 2589 et
457 2566 520 2589 om.
538 2566 569 2589 w
633 2555 669 2589 in
686 2555 753 2589 fide
769 2566 832 2589 om.
853 2567 883 2589 w
942 2556 1071 2590 fratres
1089 2567 1155 2590 om.
1177 2568 1205 2590 w
1266 2557 1309 2591 18
1323 2568 1458 2602 semper
1473 2568 1535 2592 om
1555 2570 1587 2593 w
1601 2579 1642 2583 —

144 2613 306 2647 Scribens
324 2612 505 2648 Celerinus
522 2612 675 2647 Luciano
693 2613 837 2657 explicit
860 2613 898 2654 T,
927 2624 991 2647 om.
1012 2625 1110 2658 φμῑο.

212 2670 326 2714 Epist.
345 2670 464 2704 VIIII.
490 2691 534 2695 —
559 2670 614 2704 Ad
638 2670 769 2704 clerum
793 2669 834 2704 (10
853 2681 991 2705 excessu
1016 2671 1170 2715 episcopi
1196 2682 1313 2706 eorum
1337 2672 1375 2713 V,
1404 2672 1536 2717 Incipit
1554 2673 1639 2717 (epi-

146 2728 240 2761 stula
259 2728 427 2773 Cypriani
443 2728 528 2762 add.
548 2729 571 2762 1
576 2729 615 2769 T)
634 2727 821 2761 scribentis
836 2727 1003 2769 (scribens
1017 2729 1050 2772 0)
1065 2728 1194 2762 Romae
1213 2729 1303 2763 clero
1321 2729 1378 2773 (ad
1392 2730 1522 2764 clerum
1541 2730 1584 2769 T)
1599 2730 1640 2764 dc

142 2784 318 2819 redicione
349 2785 402 2819 ‹de
430 2785 626 2819 redditione
645 2785 713 2826 IT,
739 2795 803 2819 om.
824 2786 882 2828 M)
909 2786 1062 2830 episcopi
1088 2786 1200 2820 urbici
1220 2786 1386 2830 (urbicini
1404 2789 1437 2831 ο)
1463 2787 1637 2828 ΕΙΜΟΤ,

141 2852 206 2875 om.
227 2855 264 2876 ω.
285 2862 327 2866 ——
341 2842 384 2876 23
402 2853 475 2876 0330
493 2843 541 2876 M
625 2844 766 2877 notaret
789 2842 820 2874 1'
