1838 3152
573 272 812 318 Epistulae
836 273 1006 309 LXVII.
1032 286 1059 310 c.
1085 276 1185 311 5—8.
1542 280 1620 322 741

133 376 216 417 sint
246 376 287 417 et
316 375 461 430 grauia
499 375 651 419 delicta
689 377 838 430 quibus
877 377 1078 420 Basilides
1116 381 1158 421 et
1196 380 1401 424 Martialis
1440 381 1628 435 inplicati

134 445 348 486 tenentur:
395 444 548 486 frustra
592 446 694 489 tales
739 446 1017 500 episcopatum
1062 448 1140 490 sibi
1185 462 1379 503 usurpare
1423 452 1627 503 conantur,

135 526 226 555 cum
274 513 534 557 manifestius
576 515 631 557 sit
670 515 870 557 eiusmodi
907 515 1092 558 homines
1130 529 1201 559 nec
1245 518 1438 560 ecclesiae
1477 518 1628 561 Christi

134 593 249 635 posse
282 594 465 635 praeesse
503 596 576 626 nec
605 584 690 626 Deo
721 584 916 626 sacrificia
954 584 1095 626 offerre
1127 585 1282 636 debere,
1321 587 1496 629 maxime
1536 600 1629 629 cum

105 663 119 687 5
134 650 217 691 iam
249 650 408 703 pridem
430 652 642 694 nobiscum
665 654 706 694 et
727 665 821 694 cum
850 652 1040 694 omnibus
1068 652 1233 695 omnino
1262 654 1460 708 episcopis
1481 655 1521 697 in
1543 656 1630 697 toto

134 719 285 760 mundo
316 720 550 762 constitutis
572 721 699 763 etiam
721 720 935 763 Cornelius
956 721 1114 776 collega
1135 722 1284 772 noster,
1315 723 1498 764 sacerdos
1519 724 1630 777 paci-

134 786 234 828 ficus
255 800 300 830 ac
320 788 455 831 iustus
476 791 518 831 et
535 789 733 843 martyrio
762 801 920 843 quoque
946 789 1181 844 dignatione
1201 790 1367 832 Domini
1395 790 1629 841 honoratus,

135 855 361 898 decreuerit
390 858 590 899 eiusmodi
612 857 797 900 homines
826 858 878 900 ad
906 857 1202 911 paenitentiam
1234 857 1400 911 quidem
1430 859 1630 913 agendam

137 936 252 978 posse
292 925 470 975 admitti,
521 925 571 967 ab
612 925 866 968 ordinatione
905 926 1045 968 autom
1085 926 1183 968 cleri
1223 925 1354 980 adque
1394 926 1631 968 sacerdotali

94 1008 126 1033 ιο
140 993 287 1036 honore
308 995 525 1048 prohiberi.

192 1062 230 1103 N
233 1075 276 1104 ec
298 1074 370 1104 uos
392 1064 568 1115 moueat,
601 1063 750 1105 fratres
772 1063 1048 1114 dilectissimi,
1071 1063 1106 1105 si
1128 1063 1236 1117 apud
1266 1063 1461 1117 quosdam
1490 1064 1530 1106 in
1561 1075 1632 1106 no·
1647 1068 1671 1109 7

135 1131 319 1173 uissimis
341 1132 596 1186 temporibus
617 1133 689 1174 aut
710 1132 868 1174 lubrica
887 1132 988 1175 fides
1009 1134 1130 1174 nutat
1151 1133 1224 1174 aut
1245 1132 1321 1174 Dei
1342 1132 1465 1174 timor
1493 1132 1633 1174 inreli-

134 1200 272 1255 giosus
295 1200 465 1242 uacillat
487 1202 559 1242 aut
575 1200 744 1255 pacifica
760 1201 971 1242 concordia
987 1212 1063 1242 non
1080 1202 1326 1254 perseuerat.
1350 1201 1635 1253 praenuntiata

135 1270 231 1310 sunt
260 1268 358 1310 haec
387 1269 527 1312 futura
548 1270 587 1311 in
611 1270 763 1312 saeculi
793 1270 872 1311 fine
902 1271 944 1311 et
964 1269 1131 1311 Domini
1153 1281 1250 1311 uoce
1271 1269 1402 1323 adque
1432 1269 1635 1324 apostolo-

90 1352 121 1376 15
136 1350 227 1379 rum
258 1339 553 1380 contestatione
580 1339 836 1392 praedictum
867 1339 929 1380 est
959 1338 1170 1380 deficiente
1199 1338 1282 1379 iam
1317 1338 1469 1380 mundo
1505 1338 1635 1391 adque

135 1406 488 1460 adpropinquante
509 1407 751 1449 antichristo
780 1407 884 1448 bona
912 1419 1094 1460 quaeque
1123 1406 1304 1457 deficere,
1334 1407 1444 1448 mala
1472 1418 1566 1448 uero
1596 1407 1636 1447 et

136 1474 308 1517 aduersa
328 1475 532 1528 proficere.

193 1543 284 1585 Non
307 1544 365 1585 sic
386 1545 525 1586 tamen
554 1544 744 1598 quamuis
767 1543 1004 1586 nouissimis
1025 1542 1280 1596 temporibus
1302 1542 1344 1584 in
1365 1543 1535 1584 ecclesia
1560 1542 1636 1584 Dei
1651 1546 1675 1586 8

137 1614 209 1654 aut
239 1613 502 1667 euangelicus
531 1613 650 1667 uigor
679 1612 826 1655 cecidit
854 1613 925 1654 aut
955 1610 1209 1653 Christianae
1245 1611 1414 1653 uirtutis
1443 1612 1516 1653 aut
1543 1610 1637 1653 fidei

94 1694 128 1720 20
142 1681 264 1722 robur
285 1681 485 1736 elanguit,
515 1682 660 1723 utnon
681 1680 859 1735 supersit
887 1680 1019 1733 portio
1051 1680 1307 1722 sacerdotum
1336 1691 1437 1732 quae
1466 1679 1636 1722 minime

142 1749 193 1791 ad
214 1749 286 1791 has
308 1763 445 1791 rerum
468 1750 607 1792 ruinas
629 1751 670 1792 et
691 1749 786 1791 fidei
814 1748 1031 1804 naufragia
1061 1748 1313 1798 succumbat,
1344 1748 1415 1790 sed
1449 1747 1567 1790 fortis
1596 1750 1636 1790 et

145 1819 307 1861 stabilis
329 1819 523 1861 honorem
545 1819 710 1860 diuinae
729 1817 960 1860 maiestatis
991 1818 1032 1859 et
1059 1816 1354 1859 sacerdotalem
1386 1816 1634 1871 dignitatem

139 1889 259 1943 plena
288 1887 452 1930 timoris
473 1887 757 1929 obseruatione
778 1887 955 1928 tueatur.
980 1886 1246 1928 meminimus
1268 1886 1309 1926 et
1330 1886 1516 1927 tenemus
1545 1897 1637 1927 suc-

139 1957 428 1999 cumbentibus
460 1957 559 1999 licet
590 1957 631 1998 et
665 1955 903 1997 cedentibus
939 1955 1082 1997 ceteris
1111 1954 1363 1996 Mattathian
1399 1954 1531 2009 legem
1559 1954 1638 1996 Dei

91 2042 123 2067 2⁵
139 2027 368 2068 uindicasse
390 2025 564 2075 fortiter,
594 2025 745 2066 Helian
767 2024 930 2066 Indaeis
953 2023 1234 2066 deficientibus
1256 2023 1386 2076 adque
1403 2035 1426 2064 a
1443 2023 1637 2078 religione

207 2151 225 2184 1
245 2149 433 2184 marcialcs
452 2149 486 2184 L
647 2150 669 2182 3
687 2148 914 2183 manifestum
939 2147 1041 2193 CQ²v
1058 2147 1297 2190 (manifestius
1315 2146 1420 2192 ΜΨ)
1575 2157 1638 2181 nec

137 2211 223 2241 ante
240 2206 406 2241 ecelesiae
421 2207 456 2241 L
472 2217 499 2240 ς.
518 2206 538 2240 l.
558 2217 600 2240 m.
620 2208 644 2240 2
803 2206 825 2240 5
841 2205 1021 2240 uobiscum
1040 2205 1105 2240 GR
1259 2203 1421 2239 omnibus
1439 2215 1484 2239 ex
1501 2204 1639 2240 homni-

139 2264 204 2298 bus
223 2264 258 2299 L
427 2265 448 2299 6
466 2263 625 2298 sacerdos
643 2273 709 2298 om.
734 2262 798 2298 CR
969 2263 988 2296 7
1006 2253 1087 2296 dnm
1107 2262 1142 2297 L
1303 2262 1325 2295 8
1342 2261 1543 2296 huiusmodi
1566 2262 1595 2298 C

137 2322 159 2356 9
178 2322 262 2356 cleri
283 2323 390 2366 atque
408 2331 452 2356 eac
470 2322 543 2365 atq.
562 2319 681 2354 clerici
705 2319 735 2354 0
871 2319 1086 2354 sacerdotale
1103 2319 1155 2354 L·
1295 2320 1336 2354 11
1355 2320 1385 2353 si
1402 2329 1468 2354 om.
1492 2319 1595 2354 CLP

138 2379 320 2424 quosdam]
340 2378 432 2423 quod
450 2378 534 2413 add.
560 2377 589 2412 C
603 2388 629 2411 s.
649 2378 670 2412 l.
828 2377 871 2411 12
888 2378 992 2411 nutet
1009 2387 1053 2411 ex
1070 2376 1203 2412 nudata
1226 2377 1256 2413 C'
1402 2376 1528 2411 timore
1550 2376 1594 2412 0¹

139 2435 409 2480 irreligiositate
427 2446 471 2470 ex
488 2434 726 2479 irreligiosum
751 2434 781 2470 C
915 2433 959 2468 13
976 2434 1123 2469 uacillet
1139 2444 1184 2469 ex
1200 2434 1333 2469 uacilla.
1354 2434 1392 2475 G,
1410 2433 1544 2478 uigilat
1560 2433 1595 2468 L

140 2494 341 2538 perseueret
363 2492 407 2528 0²
578 2492 621 2526 14
637 2491 742 2526 finem
767 2491 797 2526 C
958 2491 1006 2536 et]
1025 2493 1061 2525 ct
1077 2491 1119 2526 de
1142 2492 1170 2527 C
1339 2492 1541 2535 apostorum
1559 2490 1595 2526 R

141 2550 184 2584 16
202 2549 371 2594 quaeque]
391 2559 527 2594 quoque
550 2550 615 2585 CR
800 2549 844 2583 18
860 2548 1053 2583 nouissima
1071 2549 1107 2584 R
1284 2548 1327 2583 19
1344 2547 1458 2593 uigor]
1476 2547 1576 2581 uiuor
1594 2547 1638 2587 P,

142 2606 249 2641 timor
272 2606 336 2642 CR
481 2605 609 2640 cecidit
629 2617 694 2641 om.
719 2606 753 2640 V
887 2607 950 2640 aut
967 2605 1005 2650 f.]
1024 2607 1060 2640 et
1077 2605 1157 2639 fidei
1176 2605 1205 2640 C
1348 2604 1395 2639 20
1410 2604 1511 2639 robor
1528 2604 1638 2647 CLQ,

141 2663 245 2707 uigor
271 2663 304 2696 V
318 2667 392 2697 test.
417 2663 529 2697 Oxon.
701 2663 849 2707 languet
872 2662 904 2697 V
1073 2663 1116 2697 21
1135 2662 1191 2707 ad]
1209 2661 1254 2696 ab
1272 2662 1309 2696 P
1478 2661 1544 2695 fide
1562 2661 1596 2696 L

142 2720 187 2754 22
204 2720 333 2754 11011010
352 2720 387 2754 P
502 2720 547 2754 23
564 2719 732 2754 tuebatur
751 2721 787 2755 P
901 2719 1126 2754 meminimus
1146 2743 1155 2752 .
1171 2747 1177 2752 .
1193 2745 1200 2753 .
1220 2719 1243 2753 l.
1261 2720 1309 2752 25
1326 2717 1467 2752 fortiter
1484 2728 1548 2752 om.
1569 2717 1599 2753 C

142 2787 204 2811 suo
223 2777 473 2811 cumbentibus
493 2776 523 2822 Q
541 2776 865 2820 (succumbentibus
888 2777 947 2819 M)
1100 2776 1145 2810 24
1161 2778 1197 2810 01
1213 2786 1278 2810 om.
1299 2775 1333 2810 R
1484 2775 1643 2809 mattha·

141 2834 244 2868 thian
264 2834 308 2875 L,
336 2834 529 2868 mattatian
550 2833 591 2879 Q,
614 2834 815 2868 mathatian
835 2833 869 2868 R
1070 2822 1185 2868 dnivR
1384 2831 1429 2865 25
1446 2830 1644 2866 uindicasse

142 2902 178 2925 se
202 2891 231 2936 Q
368 2891 498 2926 heliam
517 2890 640 2926 GPRv
778 2901 799 2924 a
816 2901 880 2925 om.
900 2890 945 2931 L,
963 2890 1006 2924 ad
1030 2890 1072 2926 C¹
