1838 3152
654 238 865 283 Epistula
888 238 1178 275 LVI.—-LVII.
1585 242 1665 284 651

166 344 273 386 siam
300 342 563 396 pulsantibus
591 343 702 385 cludi
724 344 767 385 et
786 342 1020 385 dolentibus
1040 355 1087 385 ac
1108 343 1421 397 deprecantibus
1449 343 1538 398 spei
1558 344 1670 387 salu-

162 412 266 455 taris
287 411 518 454 subsidium
539 411 744 467 denegari,
766 411 814 454 ut
831 411 881 453 de
897 411 1056 453 saeculo
1078 411 1310 454 recedentes
1331 412 1416 454 sine
1437 412 1671 455 communi—

162 481 319 524 catione
349 482 392 522 et
422 491 521 534 pace
552 480 603 522 ad
634 479 859 523 Dominum
890 478 1211 533 dimitterentur,
1244 481 1405 533 quando
1436 481 1671 534 permiserit

163 551 250 605 ipse
271 550 312 592 et
332 550 468 603 legem
488 548 648 591 dederit
668 550 715 591 ut
735 548 868 603 ligata
888 548 932 590 in
951 547 1073 590 terris
1094 550 1135 590 et
1157 548 1200 590 in
1221 548 1344 593 caelis
1365 549 1498 603 ligata
1521 551 1670 600 essent,

132 618 268 661 ssolui
302 620 441 660 autem
472 618 637 672 possent
667 617 756 660 illic
783 629 886 670 quae
914 616 982 658 hic
1009 616 1123 671 prius
1146 616 1187 658 in
1209 616 1379 659 ecclesia
1399 617 1667 661 soluerentur.

162 686 233 729 sed
263 687 373 729 enim
405 699 498 729 cum
531 686 748 729 uideamus
779 686 889 728 diem
919 697 1060 728 rursus
1089 685 1261 727 alterius
1288 685 1565 728 infestationis
1594 685 1669 728 ad·

161 755 433 810 propinquare
462 755 639 809 coepisse
660 755 702 796 et
722 754 874 796 crebris
903 754 1035 807 adque
1063 753 1247 796 adsiduis
1271 754 1573 796 ostensionibus
1595 754 1668 796 ad-

162 836 403 867 moneamur
430 825 477 866 ut
504 823 555 865 ad
585 824 791 865 certamen
821 823 928 877 quod
958 822 1076 864 nobis
1107 822 1237 864 hostis
1271 821 1418 874 indicit
1449 823 1599 864 armati
1627 824 1669 864 et

162 893 296 947 parati
325 893 469 944 simus,
499 892 661 947 plebem
690 892 817 934 etiam
848 891 965 934 nobis
986 891 1036 934 de
1056 891 1199 935 diuina
1219 891 1455 947 dignatione
1476 893 1669 934 commis-

116 975 252 1006 msam
285 961 636 1004 exhortationibus
666 961 818 1004 nostris
848 973 1052 1015 paremus
1085 962 1127 1003 et
1147 972 1287 1004 omnes
1318 960 1482 1003 omnino
1510 961 1668 1003 milites

162 1031 315 1074 Christi
350 1031 420 1085 qui
455 1043 568 1073 arma
604 1030 836 1074 desiderant
866 1031 908 1072 et
937 1030 1141 1084 proelium
1176 1030 1366 1086 flagitant
1395 1031 1504 1072 intra
1533 1031 1669 1072 castra

162 1099 368 1142 dominica
399 1099 663 1155 colligamus:
695 1099 938 1142 necessitate
970 1101 1138 1154 cogente
1169 1100 1402 1142 censuimus
1434 1099 1493 1142 eis
1521 1099 1592 1152 qui
1619 1099 1670 1141 de

162 1168 333 1211 ecclesia
353 1168 520 1210 Domini
547 1180 626 1210 non
646 1168 896 1210 recesserunt
917 1168 958 1211 et
980 1168 1278 1222 paenitentiam
1308 1181 1429 1223 agere
1450 1170 1492 1211 et
1511 1169 1670 1211 lamen-

162 1237 243 1280 tari
272 1249 318 1279 ac
339 1237 563 1279 Dominum
592 1237 799 1291 deprecari
827 1249 851 1279 a
878 1237 1012 1290 primo
1033 1237 1171 1290 lapsus
1201 1238 1265 1279 sui
1293 1238 1360 1280 die
1387 1249 1467 1280 non
1497 1237 1671 1280 destite-

119 1322 152 1346 ιε»
166 1308 275 1356 runt,
297 1318 438 1360 pacem
459 1306 637 1348 dandam
658 1318 744 1348 esse
762 1307 802 1347 et
819 1317 885 1347 eos
901 1305 953 1347 ad
969 1306 1171 1359 proelium
1193 1305 1300 1359 quod
1321 1306 1498 1348 inminet
1518 1305 1671 1348 armari

165 1376 207 1417 et
226 1375 376 1417 instrui
398 1376 593 1428 oportere.

232 1442 610 1498 obtemperandum
627 1446 689 1486 est
705 1456 881 1497 namque
898 1443 1201 1486 ostensionibus
1223 1444 1356 1497 adque
1376 1443 1672 1485 admonitioni·
1687 1443 1710 1482 2

170 1513 247 1556 bus
269 1512 405 1562 iustis,
427 1513 513 1554 uta
529 1512 766 1567 pastoribus
786 1524 882 1554 oues
904 1512 946 1553 in
968 1511 1200 1565 periculum
1220 1524 1301 1553 non
1324 1511 1576 1566 deserantur,
1600 1512 1671 1554 sed

169 1593 266 1636 grex
302 1581 435 1623 omnis
467 1581 510 1623 in
540 1594 669 1623 unum
700 1582 971 1636 congregetur
1002 1582 1044 1623 et
1075 1582 1278 1623 exercitus
1299 1582 1470 1623 Domini
1502 1581 1554 1623 ad
1585 1595 1671 1624 cer-

122 1666 158 1692 ,ο
171 1652 311 1692 tamen
332 1650 509 1693 militiae
530 1650 718 1692 caelestis
738 1652 933 1693 armetur.
969 1650 1117 1692 merito
1139 1650 1249 1692 enim
1270 1651 1510 1692 trahebatur
1530 1651 1672 1693 dolen-

164 1719 274 1760 tium
291 1719 544 1773 paenitentia
560 1719 742 1773 tempore
758 1719 941 1775 longiore
954 1721 1000 1761 ut
1011 1719 1185 1762 infirmis
1198 1720 1240 1761 in
1254 1720 1365 1761 exitu
1382 1719 1673 1762 subueniretur

167 1787 365 1841 quamdiu
386 1788 502 1842 quies
523 1789 564 1829 et
585 1788 868 1842 tranquillitas
890 1789 1044 1840 aderat,
1067 1801 1170 1842 quae
1192 1788 1355 1831 differre
1377 1788 1448 1830 diu
1470 1789 1670 1843 plangen-

166 1856 274 1898 tium
291 1856 484 1900 lacrimas
503 1859 546 1900 et
561 1857 781 1899 subuenire
796 1870 885 1900 sero
901 1858 1174 1900 morientibus
1190 1858 1234 1899 in
1250 1858 1495 1900 infirmitate
1511 1858 1673 1912 patere-

166 1927 250 1968 tur.
273 1927 318 1968 at
333 1938 430 1968 uero
451 1940 559 1969 nunc
579 1938 658 1969 non
679 1926 856 1969 infirmis
878 1926 949 1969 sed
970 1926 1149 1969 fortibus
1170 1940 1248 1981 pax
1270 1926 1498 1969 necessaria
1519 1927 1582 1969 est
1597 1939 1672 1969 nec

122 2007 155 2034 2⁵
169 1995 444 2036 morientibus
474 1995 545 2037 sed
574 1995 813 2038 uiuentibus
842 1996 1160 2039 communicatio
1181 2009 1205 2038 a
1225 1996 1343 2039 nobis
1363 1996 1497 2039 danda
1518 1998 1594 2047 est,
1625 1997 1673 2039 ut

236 2120 255 2153 1
274 2120 329 2165 ac]
348 2121 385 2154 et
408 2119 475 2165 QR
597 2121 619 2156 2
636 2119 771 2165 denego
788 2120 823 2155 L
948 2121 1064 2155 seculo
1082 2131 1128 2155 ex
1145 2119 1294 2154 secundo
1316 2120 1345 2155 C
1461 2119 1669 2164 praeceden-

165 2178 220 2211 tes
238 2178 286 2212 M
299 2177 513 2221 (recedentes
534 2177 577 2223 Q)
702 2178 724 2212 3
742 2179 790 2223 et]
810 2180 850 2212 ut
872 2177 902 2223 Q
918 2179 970 2222 (et
987 2178 1049 2222 M)
1169 2177 1213 2212 ad
1230 2176 1347 2222 deum]
1365 2165 1479 2212 dffi'c
1592 2187 1671 2221 pro-

165 2234 306 2268 miserit
327 2235 361 2268 V
375 2239 463 2269 teste
486 2235 600 2270 Oxou.
743 2236 766 2270 4
784 2237 820 2270 et
837 2235 954 2280 legem
972 2235 1112 2270 dederit
1133 2234 1272 2270 CLPR
1279 2235 1319 2275 V,
1336 2234 1453 2279 legem
1471 2233 1608 2268 dederit
1630 2233 1671 2279 Q,

165 2291 226 2336 qui
243 2291 359 2337 legem
377 2291 478 2326 dedit
494 2304 515 2327 v
594 2293 716 2337 legata
731 2293 765 2327 L
777 2292 819 2338 'Q
898 2293 949 2338 et]
967 2292 1077 2327 etiam
1096 2303 1117 2327 v
1195 2294 1287 2326 esset
1301 2291 1336 2326 R
1420 2292 1442 2326 5
1458 2293 1577 2336 posset
1589 2291 1625 2326 R

165 2349 186 2382 6
204 2359 343 2383 rursum
367 2350 397 2385 G
487 2350 760 2385 infestinatione
783 2350 814 2386 C
905 2350 923 2384 7
943 2349 1057 2385 crebis
1071 2350 1106 2384 P
1198 2352 1220 2383 8
1238 2349 1290 2395 ut]
1310 2351 1346 2383 et
1365 2350 1395 2385 C
1486 2349 1576 2383 ostis
1592 2349 1625 2383 L

165 2405 298 2450 indigit
318 2406 349 2452 Q
486 2408 508 2441 9
525 2407 641 2452 parati
658 2409 694 2442 et
711 2408 842 2442 armati
865 2407 931 2443 CR
1062 2418 1182 2441 sumus
1201 2406 1287 2441 LM
1302 2407 1428 2450 (simus
1451 2406 1494 2452 Q)
1627 2406 1670 2440 de

165 2474 229 2497 om⁴
256 2464 286 2498 G
413 2465 601 2499 commissa
624 2465 654 2501 0
790 2465 834 2499 10
851 2475 1098 2510 praeparemus
1121 2464 1150 2509 Q
1291 2465 1333 2498 11
1350 2463 1520 2499 dederant
1537 2464 1584 2498 M
1596 2463 1671 2508 (de-

165 2520 324 2555 siderant
342 2522 385 2566 Q)
472 2522 581 2567 intra]
599 2522 693 2557 inira
712 2522 751 2568 Q,
770 2522 814 2556 ad
833 2522 898 2558 CR
984 2522 1027 2556 13
1041 2521 1230 2557 aecclesiae
1249 2522 1279 2557 C
1362 2521 1410 2567 et]
1426 2521 1486 2555 sed
1504 2521 1625 2566 CQRv

167 2578 210 2612 14
229 2578 281 2622 ac]
301 2580 337 2612 et
359 2578 426 2614 CR
541 2579 663 2623 lapsus
686 2580 716 2615 C
830 2579 923 2614 diem
943 2579 1011 2624 LQ
1124 2578 1366 2614 destituerunt
1383 2578 1420 2613 R
1535 2579 1578 2612 15
1595 2590 1672 2613 esse

165 2634 316 2670 dandam
333 2636 368 2670 P
461 2636 504 2670 18
521 2647 541 2670 a
558 2648 623 2671 om.
641 2627 671 2682 Q
763 2637 919 2682 periculo
938 2636 1025 2672 CRv
1120 2637 1162 2671 19
1181 2636 1389 2681 ingr-egetur
1411 2636 1440 2681 Q
1533 2626 1577 2670 do
1599 2636 1628 2670 C

166 2692 224 2737 ad]
243 2703 282 2727 ac
302 2693 335 2727 L
459 2694 505 2728 20
522 2694 650 2728 merito
669 2705 713 2728 ex
730 2694 853 2728 melito
873 2695 906 2728 L
1034 2695 1077 2729 21
1097 2694 1134 2728 in
1152 2705 1217 2728 om.
1238 2694 1281 2734 L,
1299 2696 1335 2728 et
1359 2694 1388 2729 C
1508 2694 1553 2728 22
1570 2693 1673 2738 quies

165 2751 203 2783 et
220 2750 257 2784 P
270 2750 333 2784 sed
349 2750 411 2794 qui
428 2761 454 2785 s.
475 2750 497 2785 l.
514 2762 558 2785 m.
575 2753 606 2792 2,
626 2751 706 2795 quis
724 2753 818 2785 esset
840 2751 869 2787 C
961 2750 1145 2786 differendi
1163 2750 1225 2785 diu
1248 2751 1278 2785 C
1290 2751 1354 2785 sed
1372 2750 1433 2785 diu
1450 2761 1476 2785 s.
1497 2751 1518 2785 l.
1539 2762 1579 2784 m.
1599 2752 1625 2783 2

164 2807 210 2841 23
227 2807 316 2852 sero]
337 2818 372 2841 se
394 2807 460 2843 CR
552 2808 590 2841 in
608 2819 674 2842 om.
696 2808 778 2853 C¹Q
871 2808 915 2843 24
933 2808 977 2843 ad
999 2808 1117 2853 CL¹Q
1209 2808 1285 2853 nec]
1303 2819 1346 2842 ne
1361 2807 1433 2843 LP
1524 2808 1568 2842 25
1585 2807 1670 2841 ‹lan-

164 2863 249 2898 dum
272 2865 302 2900 C
308 2866 315 2882 ¹
