1912 3152
349 268 408 302 De
433 265 689 301 catholicae
715 263 936 299 ecclesiae
960 264 1139 298 unitate
1163 274 1191 298 c.
1218 261 1378 299 22--24.
1543 261 1625 304 231

125 387 232 417 nem
263 384 410 426 quam
441 369 764 423 acceperunt
794 381 818 410 a
847 368 1013 410 nobis.
1047 367 1088 409 et
1123 367 1276 408 iterum
1312 365 1437 408 dicit:
1483 378 1628 408 nemo

124 455 210 486 uos
240 440 474 494 decipiat
504 438 751 480 inanibus
784 437 981 479 uerbis:
1014 437 1302 491 propterea
1332 435 1465 477 enim
1486 435 1630 477 uenit

123 512 201 554 ira
229 509 324 552 Dei
356 521 506 562 super
536 507 688 549 filios
720 505 1097 550 contumaciae.
1143 504 1310 547 nolite
1356 516 1473 559 ergo
1519 516 1628 546 esse

122 578 260 635 parti
273 578 417 632 cipes
439 589 619 620 eorum.
643 575 914 618 recedendum
932 575 994 617 est
1014 587 1038 616 a
1058 572 1390 627 delinquentibus
1411 573 1479 615 uel
1500 573 1628 615 immo

78 666 92 690 ⁵
122 647 383 703 fugiendum,
423 659 472 688 ne
507 646 606 687 dum
643 645 734 698 quis
769 645 878 686 male
914 642 1224 686 ambulantibus
1259 641 1447 697 iungitur
1482 643 1524 684 et
1557 654 1629 695 per

122 717 270 760 itinera
291 715 437 758 erroris
458 715 499 756 et
520 714 704 756 criminis
735 713 945 768 graditur,
977 725 1001 754 a
1030 712 1101 754 uia
1131 711 1219 754 ueri
1250 710 1410 753 itineris
1441 723 1627 753 exerrans

123 786 210 841 pari
232 784 402 827 crimine
423 784 464 826 et
485 783 571 837 ipse
593 783 793 825 teneatur.
827 794 932 824 unus
953 782 1065 824 Deus
1087 782 1151 823 est
1179 781 1220 823 et
1252 779 1440 822 Christus
1461 792 1567 822 unus
1588 781 1630 822 et

123 867 203 896 una
224 853 393 896 ecclesia
415 853 502 894 eius
524 853 565 894 et
595 851 695 894 fides
727 863 811 894 una
842 852 883 893 et
912 851 1027 905 plebs
1058 863 1139 893 una
1169 850 1212 892 in
1243 849 1420 892 solidam
1453 850 1630 903 corporis

123 923 328 965 unitatem
364 921 602 963 concordiae
638 920 798 976 glutino
835 920 1035 973 copulata.
1067 919 1200 961 scindi
1234 919 1373 961 unitas
1394 930 1474 960 non
1494 919 1632 972 potest

77 1009 109 1035 10
122 1004 195 1034 nec
226 1003 371 1045 corpus
402 1003 531 1032 unum
562 989 734 1033 discidio
767 988 1004 1044 conpaginis
1036 987 1238 1042 separari,
1271 987 1447 1030 diuulsis
1477 987 1631 1041 lacera-5

122 1060 233 1103 tione
254 1060 478 1103 uisceribus
500 1060 542 1100 in
563 1058 697 1101 frusta
718 1058 905 1111 discerpi.
939 1057 1135 1112 quicquid
1158 1070 1182 1099 a
1202 1056 1374 1099 matrice
1397 1055 1632 1099 discesserit

123 1141 304 1172 seorsum
324 1129 464 1171 uiuere
485 1130 527 1170 et
543 1128 696 1181 spirare
712 1139 792 1169 non
808 1127 974 1180 poterit,
998 1127 1276 1169 substantiam
1293 1125 1440 1168 salutis
1457 1125 1629 1168 amittit.

179 1197 320 1240 Monet
352 1209 424 1239 nos
460 1196 639 1250 Spiritus
674 1197 840 1239 sanctus
876 1197 917 1238 et
952 1195 1075 1238 dicit:
1108 1196 1222 1249 quis
1254 1208 1274 1237 e
1288 1196 1337 1237 st
1366 1195 1512 1237 homo
1545 1208 1569 1248 q
1582 1186 1633 1236 ui
1647 1202 1699 1242 24

123 1267 238 1308 uult
268 1266 439 1308 uitam
483 1266 532 1308 et
578 1266 713 1307 amat
758 1265 941 1307 uidere
988 1264 1103 1307 dies
1135 1265 1396 1318 optimos?
1428 1264 1632 1306 contine

78 1336 358 1390 151inguam
389 1336 529 1378 tuam
561 1347 584 1376 a
614 1334 745 1376 malo
778 1335 826 1376 et
857 1333 1000 1376 labia
1030 1335 1121 1376 tua
1151 1347 1207 1376 ne
1238 1334 1531 1387 loquantur
1562 1333 1633 1374 in-

125 1404 333 1447 sidiose.
379 1403 588 1446 declina
618 1416 642 1445 a
672 1404 809 1445 malo
856 1404 903 1445 et
947 1402 1032 1445 fac
1076 1403 1287 1454 bonum,
1335 1415 1523 1456 quaere
1554 1415 1634 1455 pa-

124 1486 226 1515 cem
257 1474 305 1515 et
336 1485 552 1527 sequere
583 1485 704 1514 eam.
752 1484 897 1525 pacem
927 1484 1121 1525 quaerere
1153 1471 1274 1514 (lebet
1305 1473 1346 1513 et
1377 1472 1491 1525 sequi
1523 1471 1635 1513 filius

124 1541 256 1595 pacis,
288 1554 311 1583 a
339 1541 603 1583 dissensionis
639 1541 749 1583 malo
790 1541 998 1583 continere
1031 1540 1220 1596 linguam
1257 1553 1374 1582 suam
1410 1540 1532 1582 debet
1565 1540 1637 1593 qui

123 1611 241 1653 nouit
262 1611 303 1653 et
325 1610 467 1666 diligit
487 1609 704 1652 uinculum
727 1609 924 1652 caritatis
959 1610 1068 1652 inter
1099 1623 1173 1652 sua
1203 1610 1345 1652 diuina
1375 1610 1571 1652 mandata
1593 1610 1636 1652 et

17 1717 19 1721 .
78 1695 110 1722 20
123 1680 362 1735 magisteria
398 1680 597 1722 salutaria
639 1679 818 1734 passioni
860 1679 946 1721 iam
995 1679 1207 1734 proximus
1242 1678 1444 1721 Dominus
1476 1679 1639 1721 addidit

124 1748 281 1791 dicens:
329 1761 504 1802 pacem
534 1748 684 1791 uobis
714 1748 949 1800 dimitto,
993 1760 1167 1802 pacem
1198 1760 1354 1790 meam
1385 1748 1443 1789 do
1475 1748 1635 1790 uobis.

122 1817 227 1859 hanc
261 1817 378 1859 nobis
408 1818 681 1860 hereditatem
713 1817 849 1869 dedit,
897 1818 1002 1860 dona
1033 1817 1170 1860 omnia
1200 1830 1296 1860 suae
1325 1817 1638 1871 pollicitationis

125 1888 166 1927 et
202 1886 384 1939 praemia
420 1887 463 1928 in
497 1887 610 1941 pacis
649 1887 953 1929 conseruatione
989 1886 1193 1942 promisit.
1228 1887 1263 1929 si
1293 1886 1460 1943 heredes
1483 1885 1638 1929 Christi

126 1967 287 2006 sumuS,
319 1955 362 1997 in
384 1954 537 1997 Christi
567 1968 664 2009 pace
694 1968 954 1998 maneamus:
986 1956 1021 1998 si
1056 1955 1133 1997 filii
1169 1955 1247 1998 Dei
1284 1943 1446 2007 sumus,
1478 1955 1638 2008 pacifici

20 2037 22 2087 ]
78 2035 211 2070 25esse
234 2023 441 2066 debemus.
474 2024 638 2076 beati,
671 2024 827 2078 inquit,
862 2024 1102 2078 pacifici,
1136 2025 1381 2078 quoniam
1403 2025 1504 2078 ipsi
1526 2024 1638 2066 filii

125 2092 216 2135 Dei
248 2092 542 2135 uocabuntu
552 2106 583 2135 r.
617 2093 805 2147 pacificos
828 2105 915 2136 esse
936 2094 1097 2148 oportet
1112 2093 1190 2137 Dei
1211 2093 1339 2145 filios,
1362 2094 1479 2136 corde
1501 2094 1637 2145 mites,

262 2230 279 2264 1
299 2229 386 2275 Eph.
405 2231 438 2271 5,
456 2230 477 2265 c
495 2240 545 2275 sq.
619 2230 663 2265 13
681 2230 737 2265 Ps.
756 2231 813 2273 33,
831 2231 874 2265 13
892 2242 942 2276 sq.
1014 2232 1058 2266 21
1076 2231 1126 2265 10.
1146 2232 1200 2273 14,
1217 2231 1271 2266 27.
1344 2231 1389 2267 25
1405 2231 1537 2267 matth.
1555 2232 1588 2274 5,
1605 2233 1636 2267 9.

196 2345 214 2378 1
232 2345 418 2389 accepistis
438 2345 470 2380 G
565 2348 588 2382 4
605 2346 663 2380 uel
681 2347 789 2381 immo
809 2357 853 2381 nc
866 2347 915 2381 M
929 2347 1000 2390 (uel
1019 2351 1053 2382 et
1070 2358 1112 2382 ne
1131 2348 1238 2392 eras.)
1317 2348 1339 2382 5
1356 2358 1398 2382 ne
1415 2347 1499 2382 dum
1515 2347 1566 2382 M
1574 2357 1600 2381 ε.
1616 2347 1638 2382 l.

127 2413 169 2437 m.
179 2404 205 2436 2
290 2404 311 2438 6
325 2403 395 2439 iter
404 2406 452 2440 M
526 2414 546 2438 a
559 2415 624 2439 om.
636 2404 671 2440 R
731 2404 789 2439 uia
797 2404 963 2439 ueritatis
973 2405 1114 2440 itineris
1124 2406 1172 2440 M
1180 2405 1242 2439 sed
1255 2404 1396 2439 itineris
1406 2415 1484 2449 exp.
1495 2416 1539 2439 m.
1549 2408 1572 2439 :2

127 2459 145 2493 7
162 2459 246 2495 (leus
260 2472 350 2495 unus
364 2474 384 2497 v
457 2473 546 2496 unus
561 2463 597 2496 ct
610 2462 764 2496 christus
778 2473 848 2496 una
859 2463 909 2497 M
974 2464 996 2497 8
1013 2462 1111 2506 plebs
1126 2473 1195 2497 una
1209 2463 1302 2503 VW,
1317 2462 1417 2507 plebs
1425 2462 1571 2498 WGRv

130 2517 151 2551 9
176 2518 363 2563 unitatem]
378 2519 587 2554 firmitatem
603 2520 637 2555 V
703 2520 866 2564 glutinac
884 2519 920 2555 R
991 2520 1035 2554 10
1051 2530 1114 2554 nec
1130 2519 1431 2555 diuulsisRVM²
1506 2520 1548 2553 11
1569 2518 1640 2553 fru-

126 2576 199 2609 stra
223 2576 283 2611 W¹
299 2576 331 2611 G
401 2578 445 2611 13
469 2568 526 2622 sps
545 2568 598 2611 scs
616 2579 735 2611 monet
751 2577 813 2618 M,
832 2578 952 2611 monet
968 2587 1031 2612 nos
1048 2578 1085 2611 in
1102 2577 1251 2622 psalmis
1270 2588 1296 2611 s.
1315 2588 1339 2611 s.
1361 2577 1395 2611 V
1462 2577 1506 2610 14
1530 2577 1638 2620 amat]

127 2634 225 2678 cupit
241 2633 288 2668 M
369 2635 412 2669 15
437 2634 627 2669 insidiosae
645 2634 696 2675 R,
723 2634 903 2669 desidione
934 2633 975 2676 G,
1001 2634 1120 2669 dolum
1138 2635 1188 2670 M
1258 2634 1301 2668 16
1327 2633 1479 2678 declina]
1497 2633 1640 2668 deuerte

126 2690 172 2724 M
180 2694 203 2731 ¹,
218 2691 354 2725 ‹liuertc
366 2692 412 2726 M
417 2692 429 2712 ²
498 2691 695 2736 inquircM
764 2692 806 2726 17
825 2694 860 2726 ct
876 2692 1031 2736 sequere]
1049 2691 1300 2736 consequercV
1361 2691 1457 2725 filius
1472 2692 1526 2726 est
1540 2690 1573 2725 G

128 2748 170 2782 19
196 2748 333 2794 diuina]
353 2748 502 2792 (lenique
526 2749 559 2784 V
603 2749 648 2783 20
672 2749 847 2794 passionis
865 2750 914 2785 M
920 2753 927 2771 ¹
1020 2749 1062 2783 21
1090 2749 1235 2783 dimitto
1249 2748 1349 2783 uobis
1368 2760 1387 2784 v
1470 2748 1514 2783 23
1540 2750 1575 2782 ct
1593 2748 1641 2783 M

128 2815 154 2839 s.
173 2805 193 2840 l.
213 2816 256 2839 m.
272 2808 295 2840 2
366 2805 549 2840 coheredes
565 2807 651 2842 M²v
722 2807 766 2841 24
784 2807 814 2841 si
832 2817 896 2842 om.
922 2806 954 2841 G
1023 2806 1127 2851 pacifi
1144 2806 1179 2842 R
1248 2807 1294 2841 25
1311 2806 1394 2850 quia
1406 2806 1454 2840 Μ
1519 2805 1564 2840 26
1581 2815 1640 2839 uo-

129 2864 252 2896 cantur
275 2863 331 2896 W·
409 2873 470 2897 nos
488 2865 626 2907 oportet
644 2864 694 2898 M
