1838 3152
631 277 842 322 Epistula
866 276 1205 312 LXII.—LXIII.
1582 278 1663 319 701

164 387 204 426 et
225 384 282 426 eis
304 385 435 424 uicem
457 381 551 423 boni
580 381 710 434 operis
739 381 781 422 in
810 380 1020 422 sacrificiis
1053 381 1095 421 et
1124 380 1311 433 precibus
1338 380 1665 435 repraesentetis,

165 451 330 494 subdidi
375 451 540 492 nomina
586 451 844 505 singulorum
865 482 874 499 ,
924 449 995 491 sed
1040 450 1081 490 et
1125 450 1373 504 collegarum
1420 461 1579 503 quoque
1624 450 1666 491 et

164 521 422 562 sacerdotum
461 520 717 568 nostrorum,
757 518 827 572 qui
858 519 899 559 et
929 518 1009 572 ipsi
1048 530 1141 558 cum
1173 520 1406 572 praesentes
1436 520 1582 568 essent,
1619 530 1666 559 ex

164 601 235 630 sno
257 588 388 642 plebis
411 600 506 629 suae
527 587 690 629 nomine
711 587 912 640 quaedam
933 598 1005 640 pro
1028 586 1185 627 uiribus
1207 587 1478 636 contulerunt,
1502 587 1668 629 nomina

134 657 303 699 saddidi
335 657 375 698 et
403 656 563 710 praeter
591 656 866 709 quantitatem
898 655 1103 709 propriam
1135 657 1315 696 nostram
1347 668 1486 696 eorum
1509 667 1669 709 quoque

165 725 393 768 summulas
422 724 654 779 significaui
683 725 724 765 et
744 724 862 772 misi,
893 735 1066 777 quorum
1095 723 1278 765 omnium
1311 724 1532 765 secundum
1562 723 1669 778 quod

165 795 264 836 fides
286 795 328 835 et
348 794 496 835 caritas
512 793 641 847 exigit
657 793 699 833 in
715 792 969 834 orationibus
992 794 1033 833 et
1053 791 1242 845 precibus
1264 791 1413 833 uestris
1435 792 1670 834 meminisse

165 861 336 904 debetis.
367 863 556 915 optamus
583 872 668 911 uos,
704 861 849 902 fratres
878 860 1094 911 carissimi,
1130 860 1173 902 in
1194 860 1369 902 Domino
1391 872 1551 914 semper
1570 861 1670 903 bene

165 932 302 973 ualere
324 931 365 973 et
385 930 513 972 nostri
535 930 782 972 meminisse.

121 1170 153 1195 ,ο
503 1122 993 1196 EPISTVLA
1054 1123 1330 1196 LXIII.

536 1259 806 1295 CYPRIANVS
832 1259 1048 1295 CAECILIO
1075 1259 1250 1294 FRATRI
1269 1260 1301 1294 S.

224 1374 485 1429 Quamquam
514 1375 654 1429 sciam,
688 1375 814 1417 frater
835 1375 1058 1425 carissime,
1092 1374 1300 1428 episcopos
1321 1374 1522 1428 plurimos
1545 1374 1672 1417 eccle·
1691 1371 1713 1411 l

168 1444 240 1486 siis
270 1444 486 1486 dominicis
508 1445 550 1486 in
573 1446 658 1486 toto
681 1445 833 1487 mundo
855 1445 996 1486 diuina
1018 1444 1253 1499 dignatione
1274 1444 1526 1498 praepositos
1549 1457 1673 1486 euan-

167 1512 320 1567 gelicae
355 1513 544 1553 ueritatis
579 1526 625 1554 ac
659 1513 887 1555 dominicae
923 1513 1157 1555 traditionis
1192 1514 1328 1554 tenere
1363 1513 1565 1554 rationem
1600 1525 1694 1555 nec·

123 1597 153 1620 15
167 1581 216 1622 ab
243 1593 288 1623 eo
317 1581 424 1634 qnod
446 1581 633 1624 Christus
664 1582 863 1637 magister
892 1583 933 1623 et
960 1581 1166 1635 praecepit
1196 1582 1237 1623 et
1264 1581 1394 1636 gessit
1423 1581 1604 1624 humana
1632 1583 1674 1623 et

169 1650 331 1691 nouella
352 1650 611 1692 institutione
633 1651 837 1701 decedere,
867 1651 1006 1692 tamen
1036 1650 1228 1703 quoniam
1259 1650 1429 1703 quidam
1458 1651 1526 1692 uel
1554 1651 1673 1706 igno-

171 1720 308 1761 ranter
339 1720 407 1761 uel
441 1719 687 1773 simpliciter
715 1720 757 1761 in
786 1720 912 1761 calice
941 1719 1145 1761 dominico
1175 1719 1467 1761 sanctificando
1496 1721 1538 1762 et
1562 1720 1674 1774 plebi

172 1788 445 1830 ministrando
485 1800 563 1830 non
602 1789 678 1830 hoc
708 1788 866 1831 faciunt
898 1789 1005 1841 quod
1036 1788 1150 1829 Iesus
1182 1787 1370 1830 Christus
1401 1789 1602 1831 Dominus
1633 1791 1675 1832 et

172 1858 284 1899 Deus
312 1859 449 1899 noster
470 1857 658 1899 sacrificii
681 1858 803 1899 huius
825 1859 966 1899 auctor
987 1858 1028 1898 et
1049 1858 1190 1899 doctor
1212 1857 1310 1899 fecit
1332 1859 1373 1899 et
1395 1858 1546 1908 docuit,
1576 1857 1675 1900 reli-

124 1940 157 1966 10
172 1926 334 1981 giosum
360 1926 515 1979 pariter
535 1939 582 1969 ac
603 1927 877 1969 necessarium
899 1926 995 1967 duxi
1018 1926 1067 1968 de
1089 1926 1163 1967 hoc
1184 1926 1234 1967 ad
1257 1939 1329 1968 uos
1351 1926 1512 1968 litteras
1534 1926 1675 1978 facere,

176 1997 223 2036 ut
246 1996 279 2037 si
303 1996 372 2048 qui
395 1995 438 2036 in
459 1995 538 2037 isto
561 2008 692 2037 errore
714 1995 847 2037 adhuc
868 1995 1096 2045 tenebatur,
1127 1995 1318 2037 ueritatis
1347 1995 1436 2037 luce
1464 1997 1677 2049 perspecta

171 2064 222 2105 ad
245 2064 421 2106 radicem
447 2065 579 2118 adque
600 2065 801 2119 originem
823 2064 1060 2106 traditionis
1082 2064 1312 2106 dominicae
1335 2066 1579 2106 reuertatur.
1603 2077 1677 2107 nec

171 2133 246 2175 1100
266 2134 399 2186 putes,
428 2133 554 2175 frater
575 2134 796 2184 carissime,
825 2149 898 2175 nos
915 2135 1054 2175 nostra
1073 2134 1113 2174 et
1133 2133 1312 2175 humana
1333 2134 1585 2175 conscribere
1604 2135 1677 2176 aut

244 2258 261 2291 1
282 2258 347 2302 eis]
366 2258 442 2292 cius
460 2272 485 2302 μ
636 2259 1006 2303 repraesentantantes
1025 2257 1175 2292 Subdidi
1193 2269 1213 2292 r
1365 2259 1388 2292 2
1406 2268 1565 2303 quaeque
1583 2260 1625 2303 μι

173 2316 195 2349 3
214 2314 501 2350 consacerdotum
520 2327 541 2351 v
747 2317 784 2350 et
808 2326 873 2350 om.
892 2329 917 2360 μ
1124 2326 1164 2350 ex
1190 2326 1251 2350 suo
1276 2327 1333 2359 νμ,
1365 2318 1401 2350 et
1425 2326 1486 2350 suo
1512 2318 1548 2350 et
1565 2328 1587 2351 v

173 2390 194 2423 6
213 2367 344 2424 sumali
360 2403 384 2434 μ
558 2391 581 2424 8
598 2390 634 2424 in
653 2390 795 2424 domino
813 2400 878 2424 om.
896 2401 917 2425 v
1088 2389 1110 2423 9
1127 2389 1329 2423 meminisse
1346 2389 1464 2424 ualete
1482 2403 1516 2434 μ.
1541 2410 1575 2415 -
1596 2391 1679 2425 sub·

174 2437 406 2491 scriptionem
422 2457 487 2481 om.
507 2457 563 2492 μν.
583 2467 625 2472 -

244 2504 355 2549 Epist.
377 2504 509 2539 LXIII.
529 2525 570 2530 ——
590 2505 724 2550 Incipit
748 2504 789 2539 de
815 2506 1035 2540 sacramento
1065 2504 1185 2539 calicis
1204 2503 1263 2547 (ad
1281 2503 1474 2540 Caecilium
1491 2505 1575 2539 add.
1600 2504 1681 2550 OR)

175 2562 292 2602 FOR,
312 2562 447 2606 Incipit
463 2562 508 2597 ad
525 2563 718 2598 Caecilium
738 2563 774 2605 S,
793 2563 925 2608 Incipit
942 2563 1000 2605 (ad
1019 2563 1212 2599 Caecilium
1230 2562 1314 2597 add.
1336 2562 1383 2606 P)
1401 2562 1443 2596 (10
1462 2564 1682 2597 sacramento

177 2619 345 2653 dominici
371 2619 493 2654 calicis
514 2620 592 2662 LP,
624 2621 758 2666 Incipit.
783 2620 938 2654 eiusdem
965 2620 1009 2655 ad
1027 2620 1220 2655 Caecilium
1247 2619 1288 2653 (10
1314 2621 1533 2653 sacramento
1559 2618 1680 2653 calicis

176 2675 344 2711 dominici
367 2677 405 2722 Q.
427 2698 462 2703 —
487 2678 530 2712 15
546 2678 736 2712 humanam
756 2680 791 2712 ct
807 2677 986 2712 nouellam
1006 2677 1271 2711 institutionem
1291 2676 1375 2722 S¹Q
1542 2676 1585 2710 16
1603 2676 1681 2720 qui-

175 2733 253 2767 dem
272 2734 311 2768 S¹
457 2734 502 2769 20
519 2734 616 2780 duxi]
630 2735 753 2780 potaui
768 2736 863 2770 Fm.
882 2737 908 2770 2
1038 2735 1079 2769 de
1098 2735 1175 2779 hoc]
1194 2735 1259 2769 has
1279 2734 1374 2770 RVv
1506 2734 1581 2768 face
1600 2733 1636 2769 R

174 2790 219 2825 21
238 2791 268 2824 si
287 2790 367 2835 quis
386 2792 466 2827 P²v
592 2794 757 2827 tencatur
780 2786 907 2837 Oxou„
926 2794 1067 2827 tenetur
1087 2792 1209 2828 S²P²v
1344 2792 1390 2826 22
1407 2790 1519 2835 adque
1539 2789 1583 2824 ad
1601 2790 1641 2825 F

176 2846 221 2881 23
238 2847 318 2892 hoc]
336 2847 401 2882 1100
418 2858 481 2883 nos
505 2848 545 2893 Q,
563 2859 625 2883 nos
642 2850 707 2884 1100
725 2849 770 2891 F,
789 2860 850 2884 nos
874 2850 924 2884 Ov
1107 2851 1211 2894 putes
1230 2859 1274 2883 ex
1292 2851 1390 2893 potes
1414 2849 1453 2889 Ο,
1472 2849 1590 2893 potest
1608 2846 1648 2882 Sv

177 2914 240 2938 nos
257 2904 391 2940 addidi
527 2906 739 2941 conscribite
761 2906 800 2948 Ο,
819 2909 882 2941 ant
899 2906 1040 2941 nouella
1058 2906 1278 2941 conscribere
1296 2906 1332 2942 R
