1838 3152
588 253 823 298 Epistulae
847 251 1004 287 LVIII.
1031 253 1154 288 8-11,
1534 254 1618 298 665

118 356 266 399 uictrix
302 356 445 411 lingua
480 355 671 398 fateatur.
708 368 915 398 armemus
944 357 985 398 et
1014 356 1222 399 dexteram
1250 358 1389 412 gladio
1421 357 1616 412 spiritali,

118 426 165 467 ut
185 424 383 467 sacrificia
404 424 565 466 funesta
586 424 749 467 fortiter
768 425 946 479 respuat,
974 426 1021 467 ut
1042 425 1312 468 eucharistiae
1335 438 1492 468 mernor
1512 438 1617 479 quae

117 493 285 535 Domini
317 505 459 546 corpus
490 493 640 547 accipit
668 493 805 547 ipsum
837 494 1130 547 conplectatur,
1164 495 1426 548 postmodum
1447 494 1619 537 Domini

118 563 331 616 sumptura
351 563 580 616 praemium
601 564 841 605 caelestium
862 575 1112 605 coronarum.

88 650 104 674 ⁵
175 633 205 674 Ο
224 632 310 674 dies
332 631 403 674 ille
424 632 556 685 qualis
578 634 619 674 et
641 634 818 686 quantus
840 632 1043 683 adueniet‚
1066 633 1211 674 fratres
1228 632 1502 683 dilectissimi,
1524 645 1621 675 cum
1638 630 1687 670 1⁰

118 701 295 754 coeperit
317 701 515 754 populum
537 713 658 743 suum
680 701 880 743 Dominus
897 713 1103 743 recensere
1125 702 1166 743 et
1186 701 1351 743 diuinae
1372 700 1620 755 cognitionis

116 770 299 812 examine
331 770 767 824 singulorum-merita
794 782 1096 825 recognoscere,
1130 770 1297 812 mittere
1327 770 1369 812 in
1391 770 1621 825 gehennam

116 840 304 881 nocentes
334 840 375 881 et
407 840 682 892 persecutores
712 841 871 882 nostros
899 839 1091 881 flammae
1122 839 1303 893 poenalis
1333 839 1527 893 perpetuo
1554 851 1622 880 ar-

117 907 214 949 dore
236 908 443 959 damnare,
465 908 579 950 nobis
602 921 696 950 uero
719 909 947 951 mercedem
969 909 1064 951 fidei
1086 910 1127 951 et
1146 909 1376 951 deuotionis
1398 908 1618 950 exsoluere.

70 994 104 1019 ιο
118 989 220 1029 quae
242 977 321 1018 erit
342 977 474 1031 gloria
496 978 537 1018 et
558 979 712 1030 quanta
734 977 895 1019 laetitia
917 978 1086 1019 admitti
1105 979 1151 1019 ut
1168 978 1301 1019 Deum
1317 978 1472 1028 uideas,
1495 978 1622 1019 hono-

117 1045 198 1086 rari
229 1046 275 1086 ut
304 1057 397 1087 cum
429 1044 590 1087 Christo
619 1046 795 1088 Domino
825 1046 910 1088 Deo
942 1047 1013 1087 tuo
1046 1046 1192 1088 salutis
1222 1058 1268 1087 ac
1296 1046 1401 1088 lucis
1434 1048 1622 1088 aeternae

117 1114 317 1169 gaudium
339 1114 488 1168 capias,
513 1113 726 1156 Abraham
748 1116 789 1156 et
805 1115 920 1156 Isaac
942 1116 982 1156 et
1003 1115 1123 1156 Iacob
1142 1116 1182 1157 et
1203 1114 1460 1168 patriarchas
1482 1127 1622 1157 omnes

117 1184 159 1225 et
179 1182 384 1236 apostolos
405 1184 447 1224 et
467 1183 685 1236 prophetas
707 1184 746 1224 et
767 1185 971 1237 martyras
993 1184 1194 1235 salutare,
1225 1196 1319 1226 cum
1341 1184 1462 1226 iustis
1484 1185 1525 1225 et
1545 1184 1623 1225 Dei

117 1252 262 1295 amicis
285 1252 325 1294 in
347 1264 471 1307 regno
493 1254 698 1295 caelorum
722 1254 841 1295 datae
862 1253 1178 1295 inmortalitatis
1195 1252 1411 1307 uoluptate
1428 1253 1622 1308 gaudere,

70 1337 104 1362 η
118 1333 278 1363 sumere
307 1321 394 1364 illic
423 1322 530 1375 quod
559 1335 631 1364 nec
659 1323 800 1365 oculus
834 1323 942 1364 uidit
970 1336 1042 1364 nec
1072 1324 1182 1365 auris
1212 1323 1375 1365 audiuit
1396 1335 1469 1364 nec
1490 1323 1533 1364 in
1555 1334 1624 1365 cor

116 1391 295 1432 hominis
323 1391 521 1433 ascendit.
556 1391 709 1433 maiora
732 1392 841 1433 enirn
869 1404 942 1433 nos
970 1392 1152 1445 accipere
1181 1405 1305 1445 quam
1335 1392 1443 1445 quod
1464 1391 1530 1433 hic
1551 1392 1625 1433 aut

115 1471 333 1513 operamur
371 1460 443 1501 aut
479 1460 664 1512 patimur
692 1461 902 1513 apostolus
938 1460 1149 1513 praedicat
1180 1460 1340 1502 dicens:
1373 1472 1467 1501 non
1501 1461 1624 1502 sunt

117 1528 402 1582 condignae
444 1529 718 1582 passiones
762 1529 915 1571 huius
957 1529 1206 1582 temporis
1244 1529 1304 1571 ad
1345 1541 1623 1582 superuen-

117 1598 283 1638 turam
328 1597 636 1639 claritatem
681 1611 809 1651 quae
854 1598 1184 1639 reuelabitur
1229 1598 1279 1639 in
1317 1598 1476 1639 nobis.
1529 1610 1624 1639 cum

69 1681 105 1706 ρο
118 1665 317 1708 reuelatio
346 1666 419 1708 illa
450 1666 630 1713 uenerit,
662 1679 756 1708 cum
786 1667 954 1709 claritas
983 1679 1104 1720 super
1124 1678 1196 1709 nos
1219 1667 1295 1709 Dei
1317 1666 1500 1716 fulserit,
1534 1668 1623 1708 tam

117 1734 229 1775 beati
260 1735 413 1778 erimus
443 1736 484 1777 et
512 1735 610 1777 laeti
641 1735 877 1789 dignatione
906 1736 1073 1777 Domini
1101 1736 1301 1787 honorati,
1332 1748 1456 1789 quam
1477 1735 1536 1777 rei
1558 1748 1623 1777 re-

117 1803 344 1845 manebunt
366 1806 407 1846 et
428 1804 569 1846 miseri
598 1805 669 1858 qui
691 1804 767 1845 Dei
791 1804 1017 1847 desertores
1039 1806 1112 1847 aut
1133 1806 1274 1847 contra
1294 1804 1428 1846 Deum
1451 1803 1624 1846 rebelles

117 1872 377 1915 uoluntatem
408 1873 593 1916 fecerunt
621 1874 795 1926 diaboli,
827 1875 873 1916 ut
904 1886 970 1916 eos
999 1886 1162 1916 necesse
1192 1874 1247 1915 sit
1268 1886 1363 1915 cum
1385 1873 1475 1927 ipso
1497 1872 1625 1914 simul

118 1941 432 1996 inextinguibili
454 1943 552 1998 igne
573 1943 769 1996 torqueri.

71 2027 105 2054 π
180 2011 312 2061 Haec,
344 2010 490 2054 fratres
512 2012 793 2062 dilectissimi,
826 2012 1019 2054 haereant
1041 2011 1231 2053 cordibus
1253 2010 1416 2053 uestris
1450 2011 1547 2052 haec
1569 2010 1625 2052 sit
1645 2011 1691 2052 ll

121 2092 328 2121 armorum
346 2082 579 2122 nostrorum
597 2081 864 2135 praeparatio,
887 2081 986 2123 haec
1002 2081 1149 2123 diurna
1166 2094 1212 2123 ac
1228 2081 1425 2123 nocturna
1447 2079 1626 2121 medita-

263 2229 302 2262 17
331 2229 427 2262 Rom.
454 2230 486 2269 ὅ,
516 2230 568 2262 18.

189 2356 211 2389 2
229 2357 268 2389 ut
286 2356 327 2399 e.]
354 2356 390 2387 et
406 2365 434 2388 e.
455 2355 489 2389 Β
586 2355 608 2389 3
627 2355 758 2400 accipit
776 2355 918 2400 BPQR
928 2355 966 2394 V,
993 2354 1129 2399 accepit
1146 2366 1166 2389 v
1266 2353 1530 2398 conplectamur
1555 2352 1588 2387 V

121 2401 299 2457 dffi‘RQ2‚
327 2401 477 2455 (180¹,
507 2423 586 2457 exp.
607 2413 660 2451 M.
691 2402 774 2447 dffn
795 2414 838 2453 Ρ,
865 2423 884 2446 a
902 2401 986 2446 dffni
1004 2412 1048 2453 B,
1075 2422 1095 2445 a
1120 2411 1264 2446 domino
1288 2421 1308 2445 v
1447 2411 1469 2444 4
1486 2411 1629 2454 sumpta

123 2472 208 2505 tunc
226 2470 269 2504 ad
290 2470 325 2504 Β
417 2472 604 2505 coronatur
624 2471 659 2504 Β
763 2470 785 2503 5
802 2472 838 2504 et
855 2481 900 2504 επ
918 2471 972 2503 est
990 2469 1035 2503 M
1050 2470 1101 2513 (et
1123 2468 1166 2513 Q)
1260 2468 1351 2512 cum]
1372 2478 1450 2501 cum
1468 2467 1539 2524 qui
1549 2467 1584 2502 R

123 2528 143 2562 7
162 2528 325 2573 gehenna
339 2528 386 2562 M
399 2528 611 2571 (gehennam
628 2528 671 2573 Q)
765 2528 786 2562 9
805 2527 995 2572 dampnare
1015 2527 1060 2568 R,
1080 2526 1261 2561 flammare
1279 2537 1299 2560 v
1394 2525 1438 2559 10
1454 2525 1537 2560 dnm
1555 2524 1586 2570 Q

126 2586 167 2620 11
186 2574 270 2620 <iffi
273 2587 309 2620 et
326 2576 369 2620 di>
393 2586 426 2620 V
530 2586 641 2620 saluti
659 2586 695 2620 Β
804 2586 847 2619 13
864 2587 901 2619 et
919 2584 1109 2629 prophetas
1127 2585 1163 2618 et
1180 2583 1358 2628 apostolos
1377 2583 1433 2617 Bv
1538 2592 1631 2615 mar-

125 2644 221 2687 tyres
241 2643 334 2678 BRv
462 2644 505 2678 14
524 2643 710 2678 uoluntate
729 2644 765 2678 P
888 2643 931 2677 15
947 2642 1066 2676 oculos
1085 2642 1120 2676 Β
1244 2641 1287 2674 16
1305 2640 1362 2674 hic
1380 2639 1455 2684 aut]
1475 2639 1532 2673 hic
1556 2639 1588 2673 V

127 2700 170 2734 18
187 2701 364 2744 passionis
382 2700 453 2746 BQ
581 2701 624 2735 19
641 2700 735 2745 cum]
753 2700 837 2735 dum
855 2711 875 2735 υ
1003 2699 1049 2734 20
1066 2699 1215 2733 fulserat
1237 2696 1281 2742 ρ’
1299 2697 1457 2741 (fulserit
1477 2695 1585 2741 (PM)

123 2759 214 2804 tam]
234 2759 304 2794 iam
324 2758 428 2804 BPQ
528 2759 572 2793 21
591 2759 694 2793 eritis
712 2758 773 2793 M²
789 2758 935 2802 (erimus
954 2758 1002 2792 M
1006 2756 1065 2802 ¹0)
1163 2756 1208 2789 22
1225 2754 1340 2798 deum]
1359 2753 1533 2788 christum
1556 2753 1590 2786 V

125 2817 173 2852 23
190 2817 337 2851 fecerint
354 2817 387 2851 B
526 2817 571 2851 24
589 2815 876 2860 inextinguibilis
897 2816 942 2850 M
965 2812 1251 2858 (inextinguibili
1271 2811 1314 2857 Q)
1456 2810 1533 2855 igni
1552 2810 1587 2845 R

125 2874 171 2909 25
187 2874 319 2908 nostris
344 2874 394 2910 Vv
488 2872 533 2907 26
549 2872 718 2907 diuturna
735 2872 840 2918 BPQ
