1838 3152
640 252 874 297 Epistulae
899 253 1018 287 LXV.
1045 264 1073 289 c.
1096 254 1197 289 2—5.
1583 256 1666 298 725

166 356 331 411 tagione
359 368 577 407 secernere,
606 356 767 410 quando
794 368 867 398 nec
888 355 1042 398 oblatio
1063 357 1311 400 sanctificari
1333 359 1421 402 illic
1443 360 1573 414 possit
1593 358 1665 400 ubi

168 425 331 467 sanctus
353 424 523 478 spiritus
545 437 624 468 non
641 426 708 476 sit,
731 437 804 467 nec
826 424 1020 478 cuiquam
1040 424 1242 468 Dominus
1263 439 1334 479 per
1354 428 1441 470 eius
1462 428 1665 470 orationes

168 495 210 535 et
226 505 364 546 preces
392 494 522 546 prosit
552 495 621 548 qui
643 494 867 536 Dominum
888 493 974 546 ipse
995 492 1183 534 uiolauit.
1217 495 1325 547 quod
1346 496 1381 537 si
1402 496 1662 538 Fortunatia-

165 573 240 603 nus
261 563 333 603 aut
353 561 554 604 inmemor
576 562 762 605 criminis
785 561 849 603 sui
863 573 935 615 per
951 560 1105 602 diaboli
1122 562 1366 605 caecitatem
1387 565 1460 606 aut
1477 564 1666 606 minister

139 648 154 672 ⁵
168 631 209 671 et
230 642 371 672 seruus
400 630 554 672 diaboli
575 630 708 673 factus
730 631 781 673 ad
802 629 1086 684 decipiendam
1108 630 1410 674 fraternitatem
1434 633 1476 675 in
1497 633 1572 675 hoc
1593 644 1665 674 suo

166 698 300 740 furore
335 699 620 751 permanserit,
658 710 729 740 uos
765 700 965 751 quantum
1000 699 1173 752 potestis
1210 699 1413 741 elaborate
1446 702 1488 742 et
1517 702 1558 742 in
1592 701 1666 742 hac

165 766 338 821 caligine
366 767 520 809 diaboli
541 768 761 810 saeuientis
782 767 960 808 fratrum
982 769 1137 809 mentes
1159 767 1209 809 ab
1231 779 1363 809 errore
1385 770 1583 817 reuocate,
1617 781 1666 810 ne

165 835 319 878 alienae
347 836 578 878 dementiae
599 835 721 878 facile
743 837 1011 878 consentiant.
1040 849 1090 878 ne
1112 848 1152 877 se
1174 836 1480 890 desperatorum
1502 837 1666 879 delictis

166 904 387 957 participes
421 904 588 954 faciant,
627 905 697 946 sed
728 905 895 946 teneant
926 904 1080 959 integri
1111 905 1259 947 salutis
1293 917 1390 947 suae
1421 907 1604 947 tenorem
1627 907 1667 947 et

121 989 154 1014 ιο
167 972 421 1027 integritatis
443 975 705 1014 conseruatae
727 985 750 1014 a
770 985 812 1014 se
833 974 874 1014 et
895 973 1122 1015 custoditae
1143 975 1390 1027 perpetuum
1410 973 1607 1028 uigorem.

221 1041 343 1093 Lapsi
365 1051 460 1082 uero
482 1041 810 1095 magnitudinem
827 1041 970 1083 delicti
987 1041 1051 1083 sui
1069 1043 1358 1096 cognoscentes
1375 1054 1398 1083 a
1418 1042 1666 1095 deprecando
1682 1043 1704 1082 5

164 1108 339 1150 Domino
362 1120 440 1150 non
461 1109 653 1151 recedant
674 1122 747 1151 nec
770 1109 985 1151 ecclesiam
1006 1110 1264 1157 catholicam.
1295 1123 1397 1164 quae
1418 1123 1498 1152 una
1517 1111 1558 1152 et
1580 1111 1667 1152 sola

165 1179 227 1219 est
247 1190 270 1218 a
291 1177 466 1219 Domino
499 1177 736 1226 constituta,
769 1177 1077 1231 derelinquant:
1117 1179 1187 1220 sed
1218 1178 1572 1221 satisfactionibus
1604 1180 1667 1220 in-

165 1247 370 1288 morantes
388 1247 428 1288 et
445 1246 612 1289 Domini
635 1247 959 1289 misericordiam
981 1246 1243 1300 deprecantes
1265 1247 1317 1289 ad
1337 1247 1552 1289 ecclesiam
1573 1247 1668 1300 pul-

119 1333 153 1359 ιε,
168 1315 269 1364 sent,
301 1316 346 1356 ut
377 1314 503 1368 recipi
532 1315 632 1357 illuc
662 1315 819 1368 possint
841 1315 912 1357 ubi
934 1314 1101 1357 fuerunt
1133 1316 1174 1357 et
1196 1315 1247 1357 ad
1268 1314 1480 1357 Christum
1501 1316 1668 1358 redeant

166 1396 191 1425 a
211 1395 289 1437 quo
318 1385 583 1426 recesserunt.
615 1396 686 1425 nec
708 1383 879 1425 audiant
901 1396 966 1426 eos
988 1384 1057 1437 qui
1080 1397 1122 1426 se
1144 1384 1249 1426 falsa
1271 1386 1312 1426 et
1332 1384 1501 1427 mortali
1523 1385 1667 1427 seduc-

162 1452 272 1494 tione
295 1452 516 1505 decipiunt,
540 1465 633 1494 cum
655 1453 854 1506 scriptum
876 1453 952 1495 sit:
976 1465 1118 1494 nemo
1141 1465 1227 1495 uos
1250 1453 1480 1507 decipiat
1501 1453 1666 1495 inani-

162 1520 254 1562 bus
285 1521 473 1562 uerbis.
506 1523 778 1575 propterea
807 1521 936 1563 enim
959 1521 1102 1563 uenit
1133 1522 1208 1563 ira
1228 1522 1317 1563 Dei
1347 1521 1666 1575 superfilios

164 1589 531 1631 contumaciae.
561 1589 726 1631 nolite
757 1601 874 1644 ergo
907 1602 1015 1631 esse
1045 1590 1333 1644 participes
1355 1602 1537 1632 eorum.
1569 1603 1665 1646 ergo

113 1677 150 1703 20
163 1659 422 1700 contumaces
439 1660 480 1700 et
491 1658 626 1700 Deum
647 1670 726 1699 non
742 1658 936 1700 timentes
953 1659 994 1700 et
1010 1658 1060 1700 ab
1078 1659 1249 1701 ecclesia
1265 1659 1307 1700 in
1322 1659 1457 1701 totum
1474 1659 1665 1701 receden-

162 1727 223 1768 tes
244 1738 361 1768 nemo
383 1727 614 1769 comitetur.
639 1726 746 1780 quod
763 1727 797 1768 si
815 1727 906 1780 quis
928 1727 1132 1780 inpatiens
1154 1726 1280 1769 fuerit
1296 1727 1347 1769 ad
1363 1728 1665 1781 deprecandum

160 1795 385 1837 Dominum
417 1795 487 1849 qui
521 1795 696 1837 offensus
728 1797 789 1837 est
821 1798 862 1837 et
892 1795 1009 1837 nobis
1046 1796 1327 1850 obtemperare
1363 1796 1554 1846 noluerit,
1593 1795 1664 1838 sed

299 1932 340 1965 17
367 1931 455 1976 Eph.
481 1932 515 1973 5,
540 1932 571 1966 6.
598 1931 628 1965 7.

232 2058 251 2091 1
271 2057 456 2101 secernere]
473 2057 567 2091 hunc
584 2067 701 2091 eruere
719 2067 763 2091 ex
780 2056 964 2091 heceruere
982 2056 1011 2091 C
1136 2056 1315 2091 oblatione
1334 2057 1367 2092 L
1492 2057 1578 2091 illuc
1597 2057 1646 2092 M
1653 2057 1660 2075 ¹

165 2114 254 2158 (illic
273 2115 320 2150 M
323 2115 334 2133 ²
342 2114 385 2159 Q)
509 2114 636 2159 possit]
654 2125 736 2158 pos*
758 2113 814 2159 ρ’,
833 2115 913 2158 post
931 2113 977 2148 M
1105 2114 1127 2148 2
1144 2114 1291 2158 spiritus
1309 2115 1451 2148 sanctus
1468 2125 1490 2149 v
1613 2114 1663 2148 sit

159 2171 235 2216 nec]
254 2170 361 2216 digne
379 2182 423 2206 ex
440 2172 542 2216 signe
559 2172 588 2206 C
739 2159 914 2206 dns‘corr.
932 2172 973 2205 in
991 2170 1068 2205 dari
1086 2170 1116 2205 C
1274 2170 1296 2204 3
1312 2171 1439 2215 prosit]
1456 2171 1569 2215 possit
1589 2171 1618 2206 C

160 2227 364 2263 fortunatus
383 2228 448 2264 CR
607 2229 630 2263 4
647 2230 711 2262 aut
728 2228 765 2273 i.]
785 2227 873 2262 haut
889 2238 1022 2262 memor
1039 2227 1070 2263 C
1226 2227 1434 2262 caecitatem
1455 2253 1461 2259 .
1477 2255 1484 2262 .
1501 2255 1508 2262 .
1527 2227 1663 2262 diaboli

166 2296 231 2321 om.
251 2286 282 2321 C
428 2286 449 2320 6
467 2285 503 2320 in
522 2285 584 2320 hec
602 2285 802 2329 alienigene
821 2285 851 2320 C
999 2285 1018 2319 7
1037 2285 1212 2319 seuientes
1230 2284 1345 2325 CNR,
1365 2284 1565 2319 seuiuentes
1585 2284 1615 2330 Q

163 2343 186 2378 8
202 2343 352 2388 alienae]
372 2343 567 2388 alienigine
586 2343 614 2378 C
775 2342 976 2377 consentiat
994 2342 1023 2377 C
1186 2342 1207 2375 9
1225 2341 1359 2376 faciant
1376 2341 1564 2386 participes
1582 2342 1616 2376 L

166 2402 220 2434 set
237 2400 281 2442 L,
300 2402 335 2435 et
353 2400 418 2436 CR
550 2399 699 2444 integris
719 2399 759 2444 Q,
777 2400 939 2444 integrae
957 2399 1002 2440 R,
1022 2399 1161 2444 integro
1180 2399 1237 2440 0¹,
1255 2399 1395 2443 integra
1412 2399 1456 2434 N
1581 2409 1663 2433 suae

162 2459 320 2492 tenorem
333 2468 398 2491 om.
414 2458 480 2493 CR
488 2471 500 2501 ;
518 2459 674 2492 tenorem
689 2468 752 2492 om.
774 2456 827 2491 Vv
919 2456 964 2491 10
976 2456 1146 2501 uigorem]
1162 2458 1319 2490 tenorem
1338 2455 1389 2491 Vv
1483 2456 1523 2490 11
1537 2466 1663 2499 cogno·

162 2517 359 2549 scenturtcs
381 2514 411 2559 Q
429 2516 690 2559 (cognoscentes
707 2514 767 2558 M)
963 2512 1007 2548 ad
1023 2512 1279 2558 deprecandum
1297 2513 1326 2548 C
1524 2513 1567 2546 12
1584 2512 1662 2556 nec]

160 2571 197 2606 in
216 2571 289 2616 ΡΟ
426 2574 461 2606 et
478 2571 553 2606 sola
573 2583 638 2607 om.
657 2572 691 2607 L
832 2571 874 2605 13
890 2581 911 2606 a
927 2582 993 2606 om.
1012 2570 1074 2615 CQ
1211 2560 1269 2604 dm
1287 2570 1317 2605 C
1453 2569 1661 2613 constituta]

159 2630 363 2663 consecrata
386 2628 419 2663 V
560 2628 810 2673 derelinquent
827 2628 864 2669 C,
882 2628 1087 2672 relinquant
1104 2628 1140 2663 R
1286 2626 1555 2661 immorantibus
1572 2627 1617 2660 C¹

161 2686 207 2721 14
225 2685 465 2720 misericordia
482 2685 518 2721 R
648 2686 692 2720 15
709 2685 785 2720 illic
802 2685 870 2720 Οὐ
1002 2686 1044 2720 16
1062 2684 1214 2719 audeant
1231 2683 1368 2728 CLNQ
1493 2682 1562 2726 eos]
1580 2686 1664 2717 ante

159 2753 217 2778 eos
236 2743 265 2778 C
368 2742 471 2787 falsa]
490 2742 613 2778 fallaci
631 2743 718 2779 CRv
823 2744 859 2776 et
876 2752 941 2776 om.
960 2742 993 2776 L
1094 2739 1292 2796 immoffali
1310 2740 1343 2774 L
1447 2738 1660 2785 seductione]

159 2800 456 2835 circumuentione
475 2800 540 2835 CR
548 2800 600 2836 Vv
693 2800 734 2834 17
753 2798 956 2853 inmanibus
975 2799 1025 2834 L¹
1110 2797 1156 2832 20
1173 2797 1257 2831 dnm
1274 2796 1340 2832 CR
1431 2796 1474 2831 21
1493 2796 1554 2840 qui
1573 2796 1616 2831 0¹

162 2856 353 2901 inpatiens]
374 2856 553 2901 incapiens
571 2856 601 2892 C
754 2857 800 2893 22
817 2857 875 2890 dm
895 2856 967 2891 LP
1118 2854 1177 2888 sed
1194 2853 1226 2888 d.
1245 2865 1272 2888 e.
1290 2864 1322 2898 p.
1343 2864 1369 2887 s.
1388 2853 1496 2887 fuerit
1513 2863 1578 2888 om.
1597 2853 1664 2889 CR
