1838 3152
602 242 842 286 Epistulae
866 243 1037 278 LXVII.
1065 256 1091 279 c.
1117 245 1218 279 8-9.
1571 250 1652 292 743

153 344 333 386 iecisti
365 356 594 386 sermone
609 357 627 386 s
658 357 790 387 meos
821 347 971 387 retro,
1012 346 1054 388 si
1086 347 1293 389 uideras
1325 349 1508 403 furem,
1541 363 1651 393 con-

156 412 398 454 currebas
434 413 481 454 ei
519 414 569 455 et
608 426 716 456 cum
756 413 1020 456 adulteris
1058 417 1294 468 portione
1307 430 1349 458 m
1393 419 1447 459 tu
1460 430 1534 460 am
1572 431 1651 472 po-

154 493 180 521 n
190 492 211 522 e
222 479 248 522 b
258 493 282 522 a
291 492 322 521 S.
360 482 566 523 consortes
597 482 639 523 et
668 481 889 535 participes
910 482 1090 524 ostendit
1121 495 1188 525 eos
1218 484 1447 527 alienorum
1479 486 1651 529 delicto-

153 561 245 590 rum
275 548 362 591 fieri
394 550 464 602 qui
497 550 651 592 fuerint
682 549 1016 604 delinquentibus
1047 551 1241 605 copulati.
1274 553 1343 594 sed
1376 555 1417 595 et
1437 554 1511 597 hoc
1542 555 1650 597 idem

125 632 139 656 ⁵
160 617 315 659 Paulus
335 619 544 671 apostolus
575 619 720 661 scribit
748 620 789 661 et
818 619 940 662 dicit:
973 622 1304 663 susurratore
1316 634 1334 662 s
1346 654 1355 671 ,
1387 623 1501 664 detr
1513 636 1535 665 a
1548 625 1651 665 cto-

152 699 254 736 res,
287 687 634 729 abhorrentes
663 688 786 738 Deo,
826 688 1098 739 iniuriosi,
1130 689 1361 742 superbi,
1392 690 1652 733 iactantes

150 755 252 806 sui,
293 755 662 799 adinuentores
693 757 960 799 malorum:
992 758 1079 811 qui
1111 769 1219 800 cum
1250 757 1520 800 iustitiam
1555 759 1651 801 Dei

151 825 550 879 cognouissent,
571 838 598 867 n
612 836 671 867 on
701 825 860 867 intell
874 828 1111 877 exerunt,
1135 827 1371 880 quoniam
1403 827 1487 880 qui
1518 828 1653 870 talia

150 894 312 947 agunt
341 895 500 935 morte
539 895 659 935 sunt
697 894 861 949 digni,
906 906 999 937 non
1029 895 1230 937 tantum
1260 895 1466 937 faciunt
1496 896 1649 947 mala,

104 978 136 1001 ιο
150 960 235 1003 sed
280 962 328 1003 et
373 961 707 1004 consentiunt
758 962 831 1004 eis
885 963 968 1016 qui
1020 963 1142 1006 haec
1194 965 1366 1019 agunt.
1416 964 1652 1017 quoniam

150 1030 235 1083 qui
285 1030 444 1081 talia,
497 1030 644 1084 inquit,
695 1032 873 1086 agunt,
925 1033 1089 1074 morte
1138 1034 1258 1074 sunt
1307 1031 1468 1087 digni.
1518 1033 1652 1074 mani-

150 1097 275 1140 festat
311 1099 353 1140 et
387 1100 609 1152 conprobat
649 1100 779 1142 morte
819 1099 965 1155 dignos
1005 1112 1091 1143 esse
1127 1105 1167 1142 et
1201 1101 1251 1142 ad
1287 1112 1459 1155 poenam
1500 1101 1652 1151 uenire,

151 1180 231 1210 non
263 1169 426 1210 tantum
456 1168 553 1210 illos
583 1168 654 1222 qui
685 1168 797 1211 mala
839 1168 1017 1219 faciunt,
1057 1169 1127 1211 sed
1166 1169 1292 1211 etiam
1333 1181 1399 1211 eos
1441 1170 1510 1223 qui
1550 1169 1653 1211 talia

152 1236 370 1291 agentibus
391 1237 663 1287 consentiunt,
696 1237 766 1292 qui
788 1237 888 1279 dum
908 1238 1032 1280 malis
1052 1239 1095 1280 et
1124 1238 1409 1292 peccatoribus
1440 1239 1481 1279 et
1509 1237 1652 1291 paeni-

104 1323 136 1348 η
152 1306 327 1348 tentiam
356 1317 436 1348 non
465 1306 683 1361 agentibus
714 1306 876 1349 inlicita
902 1307 1270 1349 communicatione
1300 1307 1539 1356 miscentur,
1578 1319 1651 1348 no-

152 1375 334 1417 centium
379 1376 635 1418 contactibus
675 1376 918 1430 polluuntur
957 1378 998 1418 et
1029 1377 1128 1418 dum
1168 1376 1395 1431 iunguntur
1434 1375 1477 1417 in
1516 1375 1647 1428 culpa,

151 1444 210 1486 sic
236 1456 311 1486 nec
340 1445 382 1486 in
411 1457 539 1499 poena
568 1447 821 1499 separantur.
857 1447 1024 1500 propter
1054 1445 1162 1500 quod
1191 1445 1447 1501 integritatis
1483 1446 1525 1487 et
1555 1443 1651 1486 fidei

151 1514 313 1555 uestrae
334 1513 572 1568 religiosam
593 1514 927 1565 sollicitudinem,
958 1514 1104 1557 fratres
1134 1514 1410 1563 dilectissimi,
1442 1514 1484 1555 et
1503 1512 1650 1555 lauda-

151 1596 244 1625 mus
288 1582 443 1637 pariter
482 1584 524 1624 et
557 1583 777 1637 probamus
818 1584 860 1625 et
895 1583 1095 1636 quantum
1130 1594 1347 1637 possumus
1384 1582 1651 1624 adhortamur

105 1666 138 1692 ιο
151 1651 306 1694 litteris
339 1653 501 1703 nostris,
531 1665 581 1694 ne
609 1665 682 1694 uos
713 1664 806 1694 cum
834 1652 1014 1706 profanis
1045 1653 1087 1694 et
1116 1652 1336 1695 maculatis
1372 1650 1650 1693 sacerdotibus

153 1721 523 1763 communicatione
550 1721 752 1776 sacrilega
782 1721 1005 1774 misceatis»,
1038 1721 1109 1763 sed
1138 1721 1344 1774 integram
1376 1721 1417 1761 et
1450 1719 1649 1761 sinceram

152 1788 246 1831 fidei
285 1790 447 1831 uestrae
481 1789 725 1831 firmitatem
763 1789 954 1844 religioso
1001 1789 1150 1832 timore
1194 1788 1380 1831 seruetis
1424 1790 1518 1841 opto
1559 1799 1647 1838 uos,

147 1857 294 1900 fratres
316 1858 532 1909 carissimi,
563 1870 724 1912 semper
743 1858 844 1900 bene
866 1858 1016 1900 ualere.

278 1995 300 2029 5
327 1994 425 2028 Rom.
453 1995 485 2034 1,
509 1993 657 2028 30-32.

213 2121 231 2153 1
250 2120 357 2164 retro]
376 2122 457 2164 post
472 2121 509 2154 te
530 2119 561 2165 Q
663 2118 809 2154 uidebas
827 2119 950 2164 CQRv
1050 2119 1156 2154 simul
1173 2118 1402 2154 concurrebas
1418 2129 1497 2153 cum
1514 2129 1553 2153 eo
1573 2118 1603 2164 Q

141 2178 163 2211 2
180 2177 212 2211 ei
316 2176 471 2222 ponebas
496 2187 561 2211 om.
580 2177 610 2212 C
792 2177 1001 2222 portionem]
1026 2179 1163 2221 partem
1181 2177 1262 2218 LP,
1288 2177 1502 2221 particulam
1520 2175 1556 2209 R
1564 2191 1576 2221 ‚·
1602 2178 1644 2220 cf.

144 2237 272 2278 715,16
438 2235 460 2268 3
476 2233 663 2268 ostendens
680 2244 726 2268 em
741 2234 920 2268 ostendite
939 2234 968 2269 C
1128 2234 1191 2268 hos
1209 2234 1238 2269 C
1401 2235 1425 2269 4
1440 2234 1646 2279 delinquen-

141 2291 233 2326 tium
250 2290 286 2326 R
418 2291 560 2335 quidem
578 2291 626 2326 M
645 2291 751 2334 (idem
774 2291 817 2336 Q)
956 2291 979 2325 5
995 2294 1031 2326 et
1047 2291 1150 2336 dicit]
1167 2291 1286 2326 dicens
1308 2291 1339 2336 Q
1467 2291 1644 2327 detracta-

143 2352 236 2384 tores
254 2349 288 2384 L
474 2349 493 2383 7
512 2349 730 2383 iniustitiam
748 2349 791 2383 C·
976 2349 998 2382 8
1015 2359 1083 2383 non
1109 2349 1360 2383 intellexerunt
1383 2377 1389 2383 .
1405 2376 1413 2384 .
1428 2376 1435 2383 .
1460 2350 1483 2384 l.
1501 2353 1525 2385 9
1543 2349 1644 2394 digni

141 2418 212 2441 om.
231 2407 350 2442 LMP
366 2408 460 2451 (each.
484 2407 529 2452 Q)
714 2407 735 2441 9
753 2406 890 2441 faciunt
906 2406 1003 2441 mala
1019 2406 1078 2441 sed
1095 2407 1144 2452 et]
1162 2406 1223 2451 qui
1240 2406 1377 2441 faciunt
1393 2418 1434 2441 ea
1451 2406 1510 2442 sed
1529 2409 1565 2441 et
1581 2407 1643 2451 qui

140 2463 226 2499 CRv
366 2463 412 2498 10
428 2464 479 2499 eis
497 2475 542 2499 ex
559 2475 601 2499 ea
623 2466 660 2504 C,
680 2464 736 2498 his
754 2464 790 2499 R.
940 2463 1106 2508 quoniam
1124 2474 1189 2498 om.
1213 2463 1263 2508 ρ,-
1281 2464 1447 2508 quoniam
1466 2489 1475 2498 .
1491 2492 1497 2498 .
1513 2490 1521 2498 .
1541 2464 1641 2509 digni

137 2533 203 2556 om.
224 2522 253 2556 C
395 2521 438 2556 13
455 2521 547 2556 male
566 2522 595 2556 C
741 2522 785 2556 14
801 2521 906 2555 malis
924 2522 971 2566 et]
991 2520 1095 2555 malis
1117 2520 1147 2565 Q
1293 2521 1336 2555 15
1353 2521 1640 2555 communicatio-

139 2589 218 2613 nem
237 2579 280 2619 P,
299 2578 622 2613 communicareane
640 2579 697 2619 C',
715 2578 989 2613 commutatione
1013 2578 1043 2623 Q
1194 2578 1236 2612 16
1254 2579 1290 2611 et
1305 2577 1529 2612 contactibus
1547 2578 1577 2612 C
1583 2580 1591 2596 ¹

140 2636 182 2668 18
199 2636 236 2668 et
253 2634 452 2680 laudamus]
471 2635 656 2670 laudamus
679 2635 709 2681 Q
858 2635 905 2669 20
920 2635 1053 2669 nostris
1070 2646 1136 2669 om.
1155 2636 1184 2668 C
1320 2635 1363 2669 21
1381 2634 1442 2668 sed
1459 2636 1495 2668 et
1512 2634 1593 2669 0¹1,

138 2692 183 2726 22
200 2693 283 2737 opto
303 2719 309 2725 .
326 2719 332 2725 .
350 2718 355 2723 .
378 2692 496 2726 ualere
514 2703 579 2727 om.
599 2693 665 2728 GP
801 2695 884 2737 opto
902 2692 979 2738 RQ,
998 2694 1160 2737 optamus
1179 2691 1261 2726 LM
1397 2702 1458 2725 uos
1476 2702 1541 2726 om.
1560 2691 1594 2726 L

137 2749 183 2784 23
202 2749 390 2794 carissimi]
421 2749 646 2784 dilectissimi
663 2750 698 2785 R
883 2760 1017 2794 semper
1041 2760 1106 2784 om.
1125 2749 1170 2783 L.
1197 2768 1238 2773 —
1257 2748 1308 2783 De
1338 2748 1510 2793 (Explicit
1532 2747 1574 2783 de
1591 2748 1641 2792 P)

137 2806 304 2841 Martiale
321 2809 356 2840 ct
371 2806 530 2841 Basilide
548 2807 695 2851 explicit
710 2807 880 2852 (explicat
895 2807 938 2847 L,
957 2817 1022 2841 om.
1039 2807 1086 2850 P)
1101 2805 1218 2850 LPQ,
1236 2805 1290 2840 Ad
1309 2805 1457 2848 (Caecili
1472 2805 1642 2849 Cypriani

131 2863 175 2897 ad
196 2863 242 2904 R)
263 2863 381 2907 plebes
398 2863 547 2907 (plebem
567 2865 582 2894 (
591 2865 610 2908 ’)
628 2864 663 2897 in
684 2864 858 2908 Hispania
875 2864 1092 2898 constitutas
1110 2854 1248 2906 (constu
1267 2863 1310 2907 Γ)
1328 2862 1475 2906 explicit
1493 2862 1644 2897 feliciter

129 2920 184 2959 (de
202 2920 359 2955 Basilide
377 2922 413 2954 ct
430 2920 593 2954 Martiali
612 2921 758 2965 explicit
775 2922 815 2963 (J)
836 2921 910 2955 CR.
931 2940 971 2945 —
