1838 3152
632 223 870 268 Epistulae
902 224 944 258 X.
971 234 998 258 c.
1025 224 1125 259 2-4.
1547 227 1632 269 493

125 341 238 371 cens:
285 339 398 369 ecce
441 325 590 380 uirgo
630 326 680 368 in
711 327 856 368 utero
895 327 1121 380 accipiet
1161 329 1208 369 et
1246 329 1416 382 pariet
1455 329 1634 371 filium

125 399 173 440 et
203 395 468 438 uocabitis
507 406 687 437 nomen
728 395 836 436 eius
867 396 1179 438 Emmanuel.
1224 398 1289 438 hic
1321 399 1382 439 est
1413 411 1518 453 agon
1539 398 1634 440 fidei

124 467 286 508 nostrae
306 477 386 518 qua
407 464 707 518 congredimur,
740 477 819 517 qua
840 465 1056 518 uincimus,
1089 478 1170 518 qua
1191 477 1441 508 coronamur.
1484 467 1550 508 hic
1572 467 1635 508 est

127 547 229 588 agon
252 545 372 586 quem
389 532 505 574 nobis
523 532 703 574 ostendit
719 534 760 574 et
779 533 923 574 beatus
941 533 1150 586 apostolus
1166 533 1335 583 Paulus,
1360 534 1399 575 in
1418 547 1496 587 quo
1513 547 1634 589 opor-

97 604 186 645 stet
206 614 277 643 nos
299 614 458 643 currere
479 602 520 642 et
550 601 601 642 ad
623 612 790 643 coronae
821 601 999 656 gloriam
1029 601 1252 654 peruenire.
1302 603 1539 654 nescitis,
1571 604 1636 645 in-

124 671 234 725 quit,
280 670 398 724 quia
435 669 601 723 quiin
631 670 803 711 stadio
835 670 1050 711 currunt
1089 681 1255 712 omnes
1294 670 1495 723 quidem
1527 684 1636 713 cur-

124 741 260 793 runt,
308 751 433 781 unus
478 739 649 780 tamen
694 738 891 792 accipit
934 739 1165 791 palmam.
1234 738 1311 780 sic
1351 739 1551 781 currite
1582 740 1636 781 ut

124 807 400 861 occupetis.
451 807 501 848 et
532 806 619 847 illi
650 806 857 859 quidem
879 808 936 848 ut
967 806 1380 860 corruptibilem
1402 819 1637 849 coronam

125 877 413 931 accipiant,
461 887 549 917 nos
595 877 764 917 autem
811 876 1193 929 incorruptam.
1262 876 1364 917 item
1395 888 1516 918 suum
1548 889 1635 919 cer-

83 963 115 988 10
127 947 265 988 tamen
287 944 502 987 ostendens
523 945 564 986 et
584 944 763 986 hostiam
785 956 827 986 se
849 945 1025 987 Domino
1046 945 1126 986 cito
1149 946 1336 987 futurum
1359 958 1444 987 esse
1463 945 1638 998 promit-

126 1016 215 1056 tens
236 1015 316 1056 ait:
360 1026 453 1068 ego
484 1013 585 1055 iam
616 1013 777 1063 libor,
811 1014 859 1055 et
889 1014 1093 1067 tempus
1125 1014 1292 1056 instat
1322 1014 1638 1067 assumptio-

126 1084 217 1125 nis.
269 1083 459 1124 bonum
490 1093 698 1136 agonem
731 1082 948 1134 certaui,
982 1095 1192 1124 cursum
1223 1082 1446 1136 perfeci,
1479 1083 1637 1124 fidem

127 1150 346 1193 seruaui.
398 1150 498 1192 iam
539 1151 788 1203 superest
818 1150 944 1192 mihi
986 1164 1171 1192 corona
1207 1151 1454 1193 iustitiae
1486 1165 1639 1205 quam

127 1220 255 1263 mihi
302 1219 481 1261 reddet
511 1219 758 1261 Dominus
798 1219 847 1260 in
888 1219 980 1260 illa
1012 1219 1091 1260 die
1127 1218 1219 1261 ille
1255 1220 1412 1262 iudex
1442 1221 1636 1271 iustus,

86 1302 222 1332 isnon
253 1289 415 1330 solum
454 1288 624 1330 autem
655 1288 801 1341 mihi,
847 1288 934 1329 sed
973 1289 1021 1330 et
1058 1288 1294 1330 omnibus
1334 1290 1418 1342 qui
1450 1289 1641 1331 dilexe-

128 1358 251 1400 runt
289 1358 570 1399 aduentum
609 1356 734 1399 eiuS.
802 1357 909 1398 hunc
945 1356 1075 1411 igitur
1107 1369 1279 1412 agonem
1314 1371 1386 1411 per
1421 1358 1639 1411 prophetas

131 1428 224 1469 ante
241 1425 512 1480 praedictum,
531 1438 603 1479 per
619 1425 843 1467 Dominum
861 1426 1140 1480 commissum,
1163 1439 1234 1480 per
1252 1427 1456 1479 apostolos
1473 1427 1639 1481 gestum

129 1495 385 1549 Mappalicus
421 1507 492 1536 suo
514 1495 555 1536 et
577 1495 829 1548 collegarum
861 1507 1027 1536 suorum
1058 1496 1220 1537 nomine
1250 1496 1481 1548 proconsuli
1503 1507 1640 1549 repro-

130 1564 257 1606 misit.
314 1577 388 1606 nec
409 1563 560 1606 fefellit
590 1563 633 1605 in
663 1564 863 1617 promisso
894 1575 966 1605 suo
998 1575 1076 1605 uox
1106 1563 1251 1606 fidelis.
1303 1577 1486 1620 pugnam
1517 1578 1642 1618 quam

88 1651 120 1677 20
134 1633 351 1687 spopondit
387 1633 572 1674 exhibuit
593 1633 634 1674 et
655 1632 837 1686 palmam
857 1645 982 1685 quam
1002 1632 1155 1674 meruit
1175 1633 1342 1686 accepit.
1390 1633 1519 1675 istum
1535 1646 1642 1675 nunc

133 1702 421 1744 beatissimum
442 1702 667 1755 martyrem
698 1702 738 1743 et
759 1701 862 1743 alios
893 1701 1113 1755 participes
1142 1701 1326 1743 eiusdem
1347 1702 1642 1756 congressionis

134 1772 175 1813 et
197 1771 364 1813 comites
386 1771 429 1812 in
449 1770 528 1812 fide
550 1770 734 1821 stabiles,
766 1770 811 1811 in
834 1770 971 1812 dolore
992 1770 1207 1823 patientes,
1230 1771 1272 1812 in
1295 1771 1532 1824 quaestione
1554 1771 1642 1814 uic-

272 1909 294 1942 5
310 1907 327 1941 Ι
348 1907 423 1943 Cor.
450 1908 482 1949 9,
508 1908 562 1942 24.
589 1907 645 1942 25.
712 1907 753 1940 11
779 1907 817 1941 11
843 1907 932 1941 Tim.
957 1907 990 1947 4,
1018 1907 1048 1941 7.
1075 1907 1106 1942 8.

209 2024 226 2056 1
254 2024 394 2056 uterum
420 2020 554 2056 NRVv
633 2023 669 2055 et
693 2021 811 2066 pariet
836 2031 900 2055 om.
921 2022 957 2055 P
1049 2022 1070 2055 2
1095 2021 1282 2056 uocabitur
1312 2022 1342 2057 C
1418 2023 1643 2058 emmanuhel

139 2080 251 2115 LNR
342 2080 363 2113 3
388 2079 565 2113 uincimur
586 2078 616 2113 C
706 2080 762 2112 est
786 2089 850 2113 om.
870 2078 915 2112 N
1000 2078 1023 2112 4
1047 2079 1083 2112 et
1109 2089 1174 2113 om.
1201 2079 1257 2114 Pv
1351 2080 1478 2123 paulus
1503 2082 1644 2125 aposto-

140 2139 196 2174 lus
210 2150 241 2178 v,
259 2137 439 2183 apostolus
452 2137 496 2171 N
561 2137 584 2174 5
602 2136 648 2171 ad
664 2147 729 2171 om.
748 2136 793 2171 N
858 2136 1011 2181 gloriam
1028 2147 1174 2171 coronae
1189 2137 1233 2180 P,
1251 2147 1413 2172 coronam
1429 2138 1565 2183 gloriae
1579 2150 1600 2174 v

140 2196 260 2231 dicens
285 2194 431 2229 nescitis
455 2194 485 2239 Q
577 2195 598 2229 6
624 2194 740 2228 stadio
765 2194 877 2228 currit
903 2195 939 2229 P
1008 2195 1028 2229 7
1054 2196 1095 2228 ut
1113 2205 1158 2229 ex
1177 2196 1214 2229 et
1238 2195 1268 2230 C
1355 2196 1377 2230 8
1402 2206 1521 2230 omnes
1546 2206 1646 2230 occu-

139 2253 231 2297 petis
249 2253 292 2292 P,
318 2252 497 2297 occupetis
522 2251 637 2286 omnis
663 2252 782 2286 autem
808 2251 868 2296 qui
886 2251 1096 2296 agonizatur
1114 2252 1151 2286 in
1170 2251 1334 2286 omnibus
1359 2253 1577 2297 (nominibus
1594 2254 1645 2296 R)

140 2310 323 2345 continens
348 2312 403 2343 est
433 2309 498 2345 CR
602 2309 651 2354 et]
679 2310 720 2343 ut
751 2309 823 2344 CN
923 2310 965 2343 ut
990 2319 1051 2343 om.
1078 2309 1120 2343 N
1224 2310 1246 2343 9
1270 2310 1345 2354 nos]
1374 2321 1434 2345 uos
1464 2310 1494 2356 Q
1593 2312 1647 2345 in-

140 2367 407 2411 corruptibilem
430 2366 460 2411 Q
553 2366 598 2401 10
614 2366 802 2401 ostendens
819 2377 883 2400 om.
902 2367 937 2401 P
1029 2355 1222 2407 dETLR12,
1249 2355 1370 2401 dffiet
1392 2368 1422 2402 C
1489 2368 1647 2402 futuram

145 2424 244 2460 GRP
350 2425 394 2460 11
422 2423 557 2458 delibor
587 2424 625 2464 C,
650 2424 777 2458 imolor
805 2423 836 2469 Q
928 2423 1186 2468 adsumptionis
1211 2435 1308 2459 meae
1335 2425 1390 2459 Pv
1496 2426 1540 2460 12
1564 2436 1648 2470 ago-

140 2491 218 2515 nem
244 2491 355 2525 super
379 2482 554 2515 certamen
570 2491 638 2516 scr.
663 2480 692 2516 C
705 2492 751 2515 m.
767 2483 792 2516 2
863 2480 930 2515 fide
948 2481 983 2516 R
1077 2482 1120 2516 14
1143 2481 1265 2516 reddet
1289 2471 1359 2516 dfffs‘
1379 2482 1469 2516 mihi
1492 2482 1522 2527 Q
1584 2483 1648 2517 illo

141 2537 198 2572 dic
226 2537 271 2578 R,
302 2537 406 2572 illum
431 2537 523 2572 diem
553 2537 583 2573 C
690 2537 752 2572 ille
785 2548 850 2573 om.
883 2538 966 2574 C²P
1072 2539 1187 2573 iustus
1220 2538 1323 2573 iudex
1348 2540 1405 2575 Pv
1520 2540 1564 2574 15
1588 2541 1648 2584 qui

141 2605 207 2630 om.
226 2596 263 2631 R
354 2595 543 2629 dilexerint
574 2595 623 2636 N,
658 2595 820 2640 diligunt
849 2596 900 2641 Qv
995 2596 1036 2630 17
1071 2597 1271 2642 apostolum
1296 2597 1331 2631 P
1424 2597 1471 2633 18
1503 2608 1648 2642 mappa-

141 2647 230 2703 liciis
255 2648 316 2703 suo
334 2669 370 2705 R
462 2680 587 2704 nomen
604 2669 647 2703 N
736 2670 780 2704 19
797 2670 971 2715 promissu
994 2671 1147 2709 C‘NR1,
1175 2671 1364 2714 promissm
1382 2671 1417 2705 P
1434 2675 1472 2714 (u
1492 2673 1602 2713 eras.)

143 2737 204 2761 suo
236 2737 301 2761 om.
332 2727 366 2761 P
470 2727 517 2763 20
551 2727 762 2772 expopondit
792 2727 836 2762 N
935 2729 982 2773 et]
1016 2740 1056 2763 ex
1090 2728 1124 2763 R
1231 2728 1349 2772 palma
1381 2728 1434 2764 12²
1541 2728 1646 2773 nunc]

143 2783 235 2818 hunc
267 2785 303 2819 P
410 2785 453 2820 21
497 2785 771 2830 congressionis]
813 2787 1054 2822 consensionis
1095 2788 1130 2821 P
1238 2787 1283 2821 22
1323 2787 1372 2831 et]
1414 2786 1490 2822 eius
1529 2789 1565 2822 et
1595 2786 1644 2828 N,

144 2841 281 2876 milites
315 2844 350 2876 et
383 2853 404 2877 v
