1912 3152
237 210 316 251 978
770 208 960 243 Caecilii
988 209 1201 253 Cypriani

234 323 498 365 praeponere,
547 311 642 364 qiua
673 324 746 352 nec
777 312 892 353 nobis
924 312 1143 365 quicquam
1175 312 1246 353 ille
1278 312 1532 365 praeposuit,
1574 312 1738 353 caritati

235 380 320 421 eius
342 379 671 432 inseparabiliter
693 380 930 430 adhaerere,
963 380 1073 422 cruci
1103 380 1188 421 eius
1218 380 1378 421 fortiter
1399 392 1443 421 ac
1471 380 1643 422 fidenter
1665 381 1737 422 ad-

236 449 402 498 sistere,
436 448 595 500 quando
618 449 666 489 de
688 449 774 490 eius
796 450 959 491 nomine
982 451 1021 490 et
1042 450 1191 490 honore
1214 450 1421 490 certamen
1443 450 1524 498 est,
1550 449 1738 490 exhibere

235 518 276 558 in
299 528 481 558 sermone
512 517 786 558 constantiam
818 531 898 570 qua
930 517 1188 567 confitemur,
1223 517 1264 557 in
1287 517 1523 569 quaestione
1545 517 1739 558 fiduciam

235 599 313 639 qua
336 586 641 639 congredimur,
674 586 715 627 in
746 587 876 627 morte
907 587 1149 639 patientiam
1182 599 1260 639 qua
1291 598 1551 627 coronamur:
1583 587 1658 626 hoc
1680 586 1739 627 est
1770 602 1785 626 5

236 655 474 697 coheredem
497 655 649 697 Christi
671 656 776 697 uelle
799 668 904 706 esse,
927 655 1002 697 hoc
1025 656 1086 696 est
1107 655 1369 708 praeceptum
1390 655 1467 696 Dei
1489 655 1643 704 facere,
1667 655 1741 695 hoc

236 726 297 765 est
320 725 576 766 uoluntatem
599 725 727 778 patris
750 725 919 777 inplere.

172 791 221 830 16
294 793 401 834 Fieri
425 795 563 835 autern
585 795 764 846 petimus
786 794 1045 835 uoluntatem
1063 794 1139 835 Dei
1161 795 1203 835 in
1225 794 1334 835 caelo
1358 795 1398 835 et
1420 794 1462 834 111
1483 794 1612 833 terra:
1636 792 1743 845 quod

236 863 456 915 utrumque
489 863 539 904 ad
572 863 966 904 consummationem
996 864 1157 904 nostrae
1179 861 1475 903 incolumitatis
1505 860 1681 914 pertinet
1704 860 1744 900 et

236 931 395 972 salutis.
428 945 523 972 nam
541 944 633 972 cum
658 944 800 984 corpus
824 945 843 973 e
865 933 974 973 terra
996 933 1036 973 et
1058 932 1251 984 spiritum
1273 931 1553 984 possideamus
1576 942 1596 970 e
1619 929 1791 979 caelo,1>0

236 1000 315 1053 ipsi
336 1002 445 1041 terra
469 1001 508 1041 et
531 1000 689 1041 caelum
713 1014 855 1042 sumus
877 1002 917 1042 et
938 1001 981 1042 in
1003 1002 1176 1054 utroque
1198 1001 1241 1042 id
1264 1002 1325 1043 est
1347 1001 1387 1041 et
1410 1012 1573 1053 corpore
1597 1000 1636 1040 et
1659 999 1743 1051 spi-

236 1070 320 1109 ritu
343 1072 389 1110 ut
411 1069 485 1110 Dei
508 1069 698 1111 uoluntas
720 1070 792 1111 fiat
814 1083 989 1112 oramus.
1022 1071 1084 1112 est
1116 1071 1225 1112 enim
1247 1071 1354 1111 inter
1376 1082 1538 1111 carnem
1560 1069 1599 1110 et
1622 1068 1744 1121 spiri-

236 1138 326 1178 tum
349 1138 595 1179 conluctatio
614 1139 653 1180 et
671 1139 1004 1181 discordantibus
1027 1139 1248 1181 aduersum
1265 1152 1306 1180 se
1324 1138 1503 1180 inuicem
1521 1136 1746 1178 cottidiana

236 1207 484 1261 congressio,
518 1208 565 1248 ut
599 1219 678 1248 non
715 1220 815 1261 quae
851 1209 1044 1249 uolumus
1075 1208 1164 1260 ipsa
1196 1208 1418 1257 faciamus,
1453 1206 1552 1247 dum
1574 1204 1745 1258 spiritus

236 1275 426 1317 caelestia
449 1277 489 1317 et
512 1276 655 1318 diuina
677 1277 856 1330 quaerit,
881 1290 969 1318 caro
992 1278 1152 1318 terrena
1174 1277 1214 1317 et
1236 1276 1459 1318 saecularia
1481 1273 1745 1327 concupiscit.
1761 1288 1791 1312 1-:3

239 1346 277 1385 et
308 1345 396 1385 ideo
434 1345 614 1397 petimus
645 1345 752 1386 inter
785 1346 864 1387 duo
901 1346 982 1387 ista
1019 1357 1093 1398 ope
1131 1346 1171 1387 et
1209 1345 1359 1387 auxilio
1381 1345 1459 1386 Dei
1489 1342 1746 1384 concordiam

235 1413 344 1462 fieri,
378 1415 424 1454 ut
447 1414 545 1455 dum
568 1416 608 1455 et
630 1414 672 1455 in
694 1415 844 1467 spiritu
866 1415 906 1456 et
928 1414 969 1455 in
992 1427 1110 1456 carne
1132 1414 1324 1456 uoluntas
1346 1414 1423 1455 Dei
1444 1413 1622 1467 geritur,
1646 1423 1747 1464 quae

237 1494 307 1534 per
330 1495 423 1523 eum
445 1484 587 1524 renata
609 1485 670 1524 est
691 1484 829 1525 anima
850 1485 1048 1525 seruetur.
1084 1483 1190 1536 quod
1220 1483 1357 1536 aperte
1379 1483 1509 1535 adque
1532 1480 1748 1522 manifeste

238 1551 444 1602 apostolus
473 1551 628 1593 Paulus
667 1564 739 1593 sua
771 1564 869 1594 uoce
901 1553 1104 1603 declarat,
1144 1564 1284 1603 caro,
1319 1551 1474 1604 inquit,
1509 1561 1700 1601 concup
1712 1548 1748 1588 i-

239 1619 340 1661 scit
362 1619 614 1661 aduersus
637 1620 883 1674 spiritum
916 1623 963 1662 et
995 1621 1232 1674 spiritus
1265 1621 1513 1662 aduersus
1537 1630 1796 1661 carnem.20

236 1688 357 1730 haec
405 1689 537 1730 enim
582 1689 810 1731 inuicem
855 1690 1208 1732 aduersantur
1255 1690 1378 1741 sibi,
1411 1691 1590 1731 utnon
1622 1701 1749 1742 quae

236 1757 405 1798 uultis
437 1758 551 1811 ipsa
581 1757 812 1800 faciatis.
844 1759 1125 1801 manifesta
1148 1760 1320 1801 autem
1343 1759 1461 1799 sunt
1483 1758 1621 1800 facta
1643 1770 1749 1798 car-

235 1826 311 1866 nis
344 1839 468 1880 quae
515 1829 637 1869 sunt
681 1829 972 1879 adulteria,
1021 1828 1438 1878 fornicationes,
1486 1826 1748 1868 inmundi-

234 1895 359 1938 tiae.
393 1897 699 1950 spurcitiae,
731 1898 1097 1950 idololatriae,
1130 1897 1410 1947 ueneficia,
1444 1896 1746 1947 homicidia,

373 2022 415 2056 19
442 2023 520 2057 Gal.
539 2023 571 2063 5,
591 2024 633 2056 17
652 2034 705 2067 sq.

303 2126 322 2159 1
348 2136 560 2170 praeponere
578 2126 719 2160 omniuo
735 2127 778 2159 W
845 2126 907 2160 1110
927 2128 1118 2171 quicquam
1132 2127 1183 2162 W
1253 2126 1404 2160 caritate
1429 2126 1478 2160 G¹
1550 2126 1571 2159 2
1597 2125 1746 2159 fidenter

233 2182 318 2226 ads]
338 2183 491 2217 libenter
509 2184 674 2218 insistere
697 2184 728 2218 V
806 2185 828 2218 4
853 2184 1055 2218 const-antia
1073 2184 1103 2218 S
1185 2194 1290 2228 quam
1310 2184 1376 2218 SG
1446 2183 1575 2217 fiducia
1595 2183 1678 2218 SW

233 2240 253 2273 5
279 2240 455 2284 patientia
474 2241 559 2275 SW
662 2242 683 2275 6
709 2252 782 2275 esse
800 2242 890 2276 uelle
912 2254 929 2277 υ
1024 2242 1043 2275 7
1069 2241 1261 2286 adimplere
1279 2253 1298 2276 v
1400 2242 1421 2275 8
1447 2241 1614 2285 petimus]
1644 2241 1744 2274 uolu-

233 2309 311 2332 mus
336 2297 368 2332 G
464 2298 485 2331 9
511 2298 769 2333 incolomitatis
789 2299 877 2334 WG
985 2299 1025 2332 11
1054 2301 1172 2343 utruq.
1193 2301 1257 2340 W,
1284 2301 1399 2343 utraq.
1420 2298 1449 2333 S
1463 2299 1526 2333 sed
1544 2309 1564 2332 a
1582 2309 1672 2333 corr.

232 2355 270 2389 id
288 2357 342 2389 est
360 2357 396 2389 et
417 2356 467 2390 W
482 2367 507 2390 s.
529 2357 548 2390 I.
568 2368 611 2390 m.
631 2359 653 2390 2
725 2357 760 2390 in
779 2357 864 2400 (pro
883 2358 933 2401 et)
951 2367 1091 2401 corpore
1109 2357 1266 2401 Augyust.
1286 2361 1415 2391 contra
1434 2356 1528 2390 duas
1545 2357 1645 2400 epist.
1664 2356 1742 2390 Pel.

233 2413 252 2447 l.
274 2424 301 2448 0.
321 2418 354 2447 et
372 2417 502 2448 contra
521 2414 663 2448 Ιῑιῖὶαη.
682 2414 806 2458 Ρεῖαῃ.
827 2414 883 2455 ΙΙ,
904 2417 938 2457 3,
959 2418 981 2448 6
1065 2416 1100 2448 et
1117 2405 1182 2458 spii
1204 2415 1254 2449 W
1269 2425 1294 2448 s.
1311 2414 1331 2448 l.
1351 2426 1395 2448 m.
1411 2416 1433 2448 2
1518 2414 1560 2447 12
1585 2414 1623 2447 in
1642 2425 1743 2448 carne

233 2472 268 2505 et
286 2461 350 2515 spii
369 2471 418 2506 W
528 2471 570 2505 13
596 2471 838 2506 discordantes
858 2472 887 2506 S
901 2472 1018 2516 (antes
1036 2472 1188 2506 uidetur
1209 2484 1250 2506 m.
1267 2475 1289 2506 '2
1307 2474 1524 2517 correctum)
1619 2472 1743 2506 aduer-

234 2539 291 2562 sus
311 2528 359 2563 Sv
432 2529 475 2562 14
501 2529 746 2573 congressione
762 2529 793 2563 G
809 2540 852 2563 ne
870 2529 955 2563 add.
971 2541 1014 2564 m.
1030 2531 1056 2563 2
1127 2532 1168 2563 ut
1183 2529 1266 2563 dum
1281 2529 1322 2570 G,
1340 2528 1397 2563 dei
1413 2529 1441 2563 S
1453 2529 1558 2573 (corr.
1574 2541 1617 2564 m.
1633 2531 1671 2573 2)

233 2577 297 2630 spu
317 2585 345 2620 S
426 2586 469 2620 16
494 2586 650 2629 petimus
670 2586 698 2621 S
706 2586 739 2620 G
757 2589 789 2620 et
806 2585 964 2630 Auyust.
984 2590 1139 2630 utroque
1157 2587 1250 2630 loco,
1277 2586 1434 2630 petimus
1451 2587 1671 2630 inpensoWzr

232 2643 325 2678 inter
343 2654 407 2678 om.
428 2644 477 2678 W
606 2644 647 2678 17
674 2646 714 2678 ut
733 2654 776 2677 ea}
794 2645 829 2677 et
847 2643 876 2678 S
891 2655 934 2677 m.
954 2646 979 2678 2
1097 2645 1131 2678 et
1149 2655 1212 2678 om.
1240 2644 1273 2679 G
1398 2645 1520 2678 in—*in
1539 2655 1602 2678 om.
1624 2645 1675 2679 W

232 2701 386 2745 geritur]
405 2700 560 2735 creditur
578 2700 608 2735 S
694 2702 737 2735 18
761 2702 960 2735 reseruetur
979 2701 1027 2742 V,
1046 2703 1229 2746 reparetur
1248 2702 1322 2736 eod.
1344 2702 1460 2736 Vatia.
1481 2702 1635 2746 Azcgymt.
1656 2713 1682 2736 0.
1703 2701 1737 2735 d.

233 2758 333 2802 epist.
353 2759 430 2793 Pel.
450 2759 472 2793 Ζ.
492 2770 519 2793 0.
595 2758 673 2802 adq.
692 2758 881 2793 manifeste
900 2769 964 2793 om.
990 2759 1023 2793 G
1124 2759 1167 2793 19
1194 2770 1257 2793 sua
1279 2760 1327 2794 W
1339 2771 1364 2794 s.
1382 2760 1402 2793 l.
1422 2771 1465 2794 m.
1481 2762 1507 2794 2
1592 2760 1637 2793 <22
1662 2760 1739 2803 ipsa

231 2816 389 2860 August.
410 2816 429 2850 l.
447 2827 492 2857 0.,
520 2816 585 2850 illa
602 2816 717 2850 altero
735 2817 755 2850 l.
870 2816 976 2860 facta]
996 2827 1101 2861 opera
1119 2817 1190 2852 le
1307 2817 1351 2851 23
1375 2817 1622 2852 fornicationis
1641 2816 1670 2851 S

228 2873 277 2907 24
302 2872 490 2907 idolatriae
510 2875 572 2914 W,
600 2872 768 2907 idolatria
792 2873 823 2908 G
