1838 3152
576 254 812 299 Epistulae
836 252 967 288 LVII.
994 265 1023 290 c.
1048 255 1151 290 4—5.
1528 257 1612 300 655

109 370 229 400 oues
259 369 394 398 meas
415 356 472 399 de
492 357 730 400 manibus
761 358 1014 417 eorumget
1041 360 1270 401 auertam
1301 371 1404 410 eaS,
1437 360 1618 401 utnon

111 427 324 481 pascant
352 438 468 468 oues
495 438 650 468 meas:
681 427 729 468 et
757 426 856 469 iam
886 438 979 469 non
1008 429 1221 481 pascent
1247 440 1348 478 eas,
1379 428 1429 469 et
1457 428 1620 470 extra-

109 496 220 537 ham
265 507 382 536 oues
426 507 561 537 meas
606 495 663 537 de
701 507 782 537 ore
826 506 999 537 eorum
1044 497 1093 538 et
1132 508 1336 549 pascam
1382 509 1465 539 eas
1510 509 1620 539 cum

110 564 125 605 i
137 576 164 605 u
176 563 201 604 d
214 563 227 604 i
238 577 259 605 c
269 564 283 605 i
293 575 327 604 o.

83 650 98 674 ε»
173 632 235 674 Ne
256 632 387 687 igitur
403 643 470 673 ore
486 633 637 683 nostro,
659 645 739 685 quo
760 644 902 686 pacem
924 644 1136 687 negamus,
1160 644 1239 686 quo
1261 633 1465 675 duritiam
1487 633 1622 689 magis
1638 634 1660 674 5

115 701 319 743 humanae
349 701 608 743 crudelitatis
639 714 764 754 quam
792 701 956 743 diuinae
978 702 1019 743 et
1040 703 1233 755 paternae
1258 702 1427 755 pietatis
1449 703 1620 756 opponi-

113 782 219 819 mus,
249 781 344 811 oues
366 769 484 811 nobis
506 769 751 811 commissae
773 782 797 811 a
817 769 994 811 Domino
1015 770 1293 824 reposcantur,
1323 771 1481 823 placuit
1501 771 1619 813 nobis

113 839 250 880 saneto
273 838 422 891 spiritu
444 839 690 893 suggerente
707 838 749 879 et
764 838 940 880 Domino
962 851 1035 891 per
1055 838 1232 880 uisiones
1254 839 1409 880 multas
1426 840 1468 880 et
1486 839 1620 881 mani-

112 906 239 949 festas
261 907 517 958 admonente,
547 907 594 948 ut
615 907 711 960 quia
730 906 861 949 hostis
882 907 998 948 nobis
1022 907 1220 949 inminere
1241 908 1557 961 praenuntiatur
1577 909 1619 949 et

66 994 100 1019 10
115 975 357 1029 ostenditur,
394 974 586 1029 colligere
620 975 731 1017 intra
765 976 901 1017 castra
934 974 1090 1017 milites
1121 975 1276 1018 Christi
1306 977 1347 1017 et
1376 977 1621 1019 examinatis

114 1044 373 1099 singulorum
410 1044 543 1086 causis
578 1056 722 1097 pacem
759 1044 886 1097 lapsis
919 1045 1026 1096 dare,
1064 1045 1192 1086 immo
1227 1046 1476 1100 pugnaturis
1508 1058 1624 1088 arma

115 1126 347 1168 suggerere.
378 1113 485 1166 quod
517 1113 722 1155 credimus
753 1113 871 1155 uobis
905 1125 1065 1167 quoque
1094 1114 1287 1166 paternae
1316 1114 1622 1157 misericordiae

115 1181 458 1235 contemplatione
486 1181 751 1234 placiturum.
784 1181 890 1235 quod
921 1181 1028 1224 side
1057 1182 1226 1236 collegis
1257 1182 1407 1236 aliquis
1438 1183 1625 1225 extiterit

114 1252 184 1305 qui
216 1252 417 1307 urguente
449 1251 674 1294 certamine
704 1263 845 1304 pacem
876 1251 1074 1308 fratribus
1097 1253 1138 1292 et
1160 1252 1367 1293 sororibus
1395 1264 1475 1293 non
1504 1252 1626 1306 putat

65 1340 98 1365 ιε
117 1321 307 1371 dandam,
341 1321 485 1363 reddet
517 1320 589 1362 ille
622 1321 825 1363 rationem
854 1321 897 1362 in
919 1321 984 1362 die
1014 1321 1158 1365 iudicii
1180 1320 1357 1363 Domino
1388 1320 1456 1362 uel
1485 1320 1625 1375 inpor-

116 1391 240 1431 tunae
272 1402 466 1432 censurae
497 1390 565 1431 uel
594 1390 842 1432 inhumanae
874 1390 1052 1432 duritiae
1083 1403 1191 1432 suae.
1225 1402 1297 1432 nos
1327 1389 1437 1443 quod
1466 1389 1562 1431 fidei
1584 1390 1626 1431 et

112 1458 276 1501 caritati
313 1460 354 1500 et
390 1458 660 1501 sollicitudini
697 1458 960 1513 congruebat,
1003 1471 1105 1512 quae
1143 1460 1258 1501 erant
1298 1458 1340 1500 in
1377 1458 1625 1500 conscientia

112 1528 250 1569 nostra
298 1527 561 1580 protulimus,
620 1527 730 1569 diem
771 1527 1010 1569 certaminis
1051 1526 1412 1581 adpropinquasse,
1463 1526 1624 1568 hostem

112 1597 340 1639 uiolentum
370 1597 450 1639 cito
481 1598 620 1639 contra
650 1608 722 1638 nos
754 1608 962 1650 exurgere,
1001 1608 1182 1651 pugnam
1212 1607 1292 1637 non
1321 1595 1450 1637 talem
1483 1594 1618 1648 qualis

61 1686 96 1711 20
112 1665 193 1707 fuit
214 1667 285 1707 sed
307 1666 541 1720 grauiorem
563 1665 697 1707 multo
719 1666 760 1707 et
780 1665 979 1706 acriorem
1002 1665 1154 1715 uenire,
1179 1664 1255 1705 hoc
1275 1663 1392 1706 nobis
1415 1664 1617 1706 diuinitus

111 1733 344 1787 frequenter
365 1734 537 1787 ostendi,
561 1734 610 1775 de
632 1733 707 1775 hoe
728 1745 800 1775 nos
818 1733 1078 1787 prouidentia
1095 1734 1136 1775 et
1153 1733 1434 1775 misericordia
1450 1732 1618 1774 Domini

180 1950 197 1982 1
217 1959 313 1983 meae
336 1950 381 1984 Ο*
520 1949 592 1993 eas]
612 1959 668 1982 eos
691 1949 778 1984 CRv
800 1939 803 1940 ⁷
918 1950 958 1982 ut
975 1949 1056 1993 non]
1082 1959 1123 1982 ne
1147 1948 1248 1993 CQR
1388 1949 1429 1982 ut
1446 1958 1515 1982 non
1532 1958 1563 1992 p.
1583 1958 1613 1982 o.

115 2017 211 2040 meas
229 2017 294 2040 om.
314 2006 360 2040 M
366 2006 411 2050 ρ’
536 2007 557 2039 2
575 2016 697 2049 pasca*
716 2005 750 2040 R
767 2017 783 2038 s
801 2016 891 2040 cras.
1018 2006 1128 2040 etiam
1150 2005 1249 2050 GLQ
1372 2008 1521 2049 pascant
1538 2005 1619 2047 LP,

112 2074 255 2108 pascam
270 2064 316 2098 M
334 2064 493 2107 (pascent
513 2063 542 2108 Q
559 2064 619 2097 sed
636 2074 653 2097 e
671 2064 790 2107 corn),
808 2073 953 2107 pascen*
971 2062 1007 2098 R
1024 2074 1039 2096 s
1057 2073 1148 2096 eras.
1244 2062 1316 2107 cas]
1335 2072 1417 2096 oues
1436 2073 1532 2097 meas
1549 2063 1579 2096 C'

113 2121 255 2156 traham
276 2122 304 2155 C
415 2122 436 2154 3
454 2131 595 2165 pascam
614 2131 669 2154 eos
691 2122 725 2161 C,
742 2131 885 2165 pascam
903 2121 939 2155 R
1041 2120 1062 2153 5
1084 2119 1284 2164 quo—quo]
1302 2119 1535 2164 quod—quod
1556 2121 1582 2154 C

117 2179 139 2213 6
156 2177 376 2212 dulcedinem
393 2177 536 2212 diuinae
555 2178 685 2212 maluit
700 2178 822 2212 Routh
831 2191 842 2220 ;
860 2177 1009 2222 pietatis
1027 2176 1247 2211 dulcedinem
1262 2177 1456 2219 Erasmus,
1473 2176 1622 2221 pietatis

117 2236 303 2270 lenitatem
330 2235 453 2270 malim
463 2249 475 2278 ,·
505 2236 552 2279 cf.
571 2236 672 2279 epist.
691 2238 739 2270 68
757 2246 784 2269 c.
805 2238 822 2268 1
834 2248 844 2268 .·
880 2234 1022 2269 diuinae
1046 2234 1195 2279 pietatis
1213 2236 1249 2268 et
1266 2234 1431 2268 lenitatis
1457 2236 1626 2279 paternae

115 2293 248 2326 solacia
380 2292 592 2337 opponiatur
611 2293 641 2326 Ο
771 2292 790 2326 7
809 2281 896 2326 dffos
914 2294 1143 2337 repascantur
1163 2293 1191 2325 C
1322 2291 1422 2326 nobis
1441 2303 1504 2326 em.
1526 2291 1576 2326 P¹

116 2352 139 2385 8
156 2362 176 2384 a
193 2339 267 2384 ‹11OE
284 2349 314 2384 C
327 2350 389 2384 sed
408 2360 427 2383 a
443 2361 468 2384 s.
491 2340 512 2384 l'.
669 2350 690 2383 9
708 2339 936 2384 admonemur
953 2359 998 2382 ex
1016 2351 1051 2382 et
1069 2349 1304 2383 admonentur
1324 2350 1353 2383 Ο
1483 2350 1524 2382 ut
1540 2349 1623 2393 quia

121 2407 309 2452 C²LPQR
327 2408 441 2451 (conf.
455 2419 493 2451 1).
511 2409 583 2441 536
601 2408 672 2451 12),
691 2409 727 2440 et
744 2407 829 2451 quia
851 2406 894 2441 Οι
908 2420 916 2424 -
1033 2405 1134 2440 nobis
1150 2406 1266 2440 hostis
1288 2407 1323 2447 0,
1343 2406 1457 2440 hostis
1476 2407 1533 2442 Rv

115 2465 160 2499 10
176 2465 287 2509 intra]
305 2465 342 2498 in
363 2464 436 2505 CR,
455 2466 549 2499 inter
568 2465 603 2499 P
695 2466 730 2498 ct
747 2475 811 2498 om.
831 2476 861 2505 υ,
889 2465 929 2497 ut
950 2464 979 2498 Ο
1070 2464 1114 2497 13
1131 2464 1276 2507 collegis
1295 2474 1338 2498 ex
1355 2464 1532 2508 collegens
1553 2466 1582 2497 C

115 2522 159 2556 14
177 2522 341 2564 iurgente
361 2522 395 2556 R
498 2521 651 2567 putabat
674 2522 712 2566 (3,
733 2523 835 2565 putet
858 2513 906 2555 V‘
919 2511 927 2518 ⁸
998 2521 1041 2556 15
1058 2521 1116 2555 illi
1134 2521 1182 2555 M
1197 2521 1273 2565 (ille
1296 2521 1338 2567 Q)
1432 2521 1525 2555 diem
1546 2522 1580 2557 L

114 2568 271 2624 dffiuel]
290 2580 421 2623 incipit
439 2578 478 2614 F
568 2580 611 2614 16
629 2590 775 2614 censura
797 2580 839 2613 0²
978 2578 1171 2613 inhumana
1189 2590 1234 2613 ex
1251 2579 1444 2613 inhumane
1462 2579 1499 2613 in
1520 2580 1547 2613 C

117 2636 158 2670 17
177 2637 340 2670 caritatis
358 2636 439 2682 FQ,
459 2637 608 2671 caritate
628 2638 657 2671 O
773 2636 1026 2671 sollicitudinis
1045 2636 1127 2681 FQ,
1145 2636 1385 2670 sollicitudine
1409 2639 1436 2670 C
1543 2647 1625 2670 con-

115 2693 263 2727 cruebat
280 2693 325 2735 F,
344 2694 586 2738 congruebant
606 2694 635 2739 Q
762 2694 804 2728 18
821 2693 1032 2738 pertulimus
1055 2694 1084 2738 (3
1207 2693 1264 2727 dic
1282 2694 1318 2728 R
1437 2693 1624 2738 adpropin-

115 2761 223 2794 quare
242 2751 308 2787 GR
449 2751 492 2785 19
516 2752 552 2784 et
576 2761 731 2796 pugnam
757 2751 812 2786 Pv
949 2751 996 2785 20
1019 2750 1193 2784 diuinitas
1214 2752 1267 2788 0¹.
1293 2750 1425 2784 scimus
1450 2750 1626 2785 diuinitus

118 2807 218 2842 codd.
244 2808 357 2842 Oxou.
498 2808 541 2842 21
561 2807 762 2842 ostenditur
782 2807 881 2852 OFQ
906 2807 1077 2850 (ostendit
1094 2808 1154 2851 M>
1292 2808 1369 2852 nos]
1396 2807 1497 2842 nobis
1521 2807 1551 2852 (3

117 2864 361 2908 prouidentiae
378 2867 413 2898 et
431 2865 690 2899 misericordiae
709 2866 757 2899 M
770 2864 1008 2910 (prouidentia
1026 2866 1061 2899 et
1079 2864 1321 2899 misericordia
1343 2864 1387 2910 Q)
