1912 3152
428 265 490 301 Ad
515 264 810 299 Fortunatum
836 265 973 309 praef.
1001 274 1028 298 c.
1054 264 1154 298 2—5.
1518 265 1602 307 319

104 372 201 414 sica.
233 370 327 412 inde
366 380 482 411 aures
524 368 753 422 erigantur,
786 368 879 410 inde
920 368 1178 410 instruantur
1218 370 1397 419 mentes,
1429 367 1523 410 inde
1563 368 1605 410 et

106 439 231 484 animi
252 439 293 480 et
313 437 492 490 corporis
513 436 622 478 uires
644 437 695 478 ad
717 448 880 478 omnem
909 436 1109 490 passionis
1130 436 1392 478 tolerantiam
1414 437 1604 478 roboren-

105 510 184 550 tur.
216 519 287 549 nos
308 507 471 548 tantum
503 505 572 558 qui
603 505 778 547 Domino
800 505 1064 558 permittente
1086 505 1266 558 primum
1288 505 1498 558 baptisma
1519 517 1605 547 cre-

105 576 295 619 dentibus
325 574 512 616 dedimus
546 572 598 615 ad
633 573 746 615 aliud
782 585 941 627 quoque
977 573 1160 627 singulos
1195 586 1484 627 praeparemus
1506 574 1607 616 insi-

59 660 76 685 5
105 646 276 688 nuantes
307 645 348 686 et
378 643 566 685 docentes
587 643 662 684 hoc
683 655 767 683 esse
789 642 994 695 baptisma
1016 643 1057 683 in
1079 642 1214 696 gratia
1233 642 1389 693 maius,
1421 643 1462 684 in
1495 644 1608 696 pote-

107 715 212 756 state
245 712 485 762 sublimiuS,
515 711 558 752 in
594 711 742 753 honore
762 711 1003 764 pretiosius,
1036 711 1244 764 baptisma
1278 712 1319 753 in
1356 723 1434 765 quo
1473 711 1610 766 angeli

107 782 339 835 baptizant,
371 780 578 834 baptisma
599 780 641 821 in
663 792 741 833 quo
762 780 873 822 Deus
895 780 936 822 et
958 779 1147 822 Christus
1176 780 1263 822 eius
1292 780 1498 830 exultant,
1534 779 1609 821 ba-

107 851 260 905 ptisma
280 850 372 903 post
393 848 500 902 quod
520 860 638 890 nemo
661 849 746 890 iam
775 850 937 902 peccat,
971 849 1180 903 baptisma
1202 849 1310 903 quod
1332 849 1425 891 fidei
1447 851 1609 891 nostrae

108 919 359 962 incrementa
381 920 659 969 consummat,
682 918 891 972 baptisma
912 919 1018 972 quod
1039 930 1112 961 nos
1133 919 1183 961 de
1206 919 1357 961 mundo
1379 919 1611 961 recedentes

64 1007 96 1032 ιο
110 988 252 1030 statim
284 988 369 1029 Deo
401 987 576 1040 copulat.
609 987 651 1028 in
682 999 811 1040 aquae
841 988 1047 1040 baptismo
1075 988 1332 1041 accipiuntur
1351 989 1612 1041 peccatorum

110 1057 302 1108 remissa,
335 1056 377 1098 in
413 1056 624 1110 sanguinis
662 1068 807 1098 corona
844 1057 1059 1098 uirtutum.
1093 1057 1377 1110 amplectenda
1405 1070 1469 1099 res
1491 1058 1553 1098 est
1574 1057 1615 1097 et

110 1125 287 1180 optanda
307 1127 347 1166 et
370 1125 559 1166 omnibus
576 1124 902 1178 postulationum
919 1127 1152 1167 nostrarum
1170 1125 1362 1178 precibus
1379 1124 1613 1180 expetenda.

111 1195 158 1236 ut
178 1194 248 1247 qui
271 1194 378 1235 serui
400 1194 476 1235 Dei
499 1193 654 1235 fuimus
677 1194 806 1235 simus
831 1195 871 1235 et
892 1194 1027 1235 amici.

168 1263 217 1303 In
238 1262 498 1303 exhortandis
520 1262 658 1315 itaque
681 1275 727 1304 ac
748 1262 936 1315 parandis
959 1262 1156 1304 fratribus
1188 1263 1339 1304 nostris
1372 1265 1413 1305 et
1445 1263 1617 1305 uirtutis
1633 1267 1654 1307 5

67 1348 98 1374 15
112 1344 157 1373 ac
178 1330 273 1372 fidei
294 1330 492 1372 firmitate
513 1331 565 1372 ad
586 1332 847 1384 praeconium
869 1331 1098 1373 dominicae
1123 1331 1385 1374 confessionis
1406 1332 1536 1385 adque
1566 1332 1617 1374 ad

111 1399 310 1454 proelium
327 1399 621 1453 persecutionis
643 1402 684 1442 et
706 1400 905 1453 passionis
922 1401 1130 1442 armandis
1152 1401 1284 1455 primo
1307 1401 1349 1442 in
1372 1401 1457 1443 loco
1480 1401 1618 1444 dicen-

112 1469 210 1511 dum
232 1469 316 1511 est:

250 1560 282 1602 Ι.
316 1561 433 1603 Idola
455 1562 550 1603 deos
571 1573 650 1603 non
671 1574 758 1603 esse
780 1574 882 1615 quae
903 1562 1024 1604 homo
1046 1562 1126 1604 sibi
1147 1562 1272 1604 faciat
1287 1587 1343 1592 —
1358 1575 1490 1616 neque
1511 1563 1621 1605 enim

316 1642 417 1682 quae
453 1629 558 1671 fiunt
594 1629 745 1672 factore
774 1642 846 1672 suo
876 1632 916 1672 et
949 1631 1194 1673 fabricatore
1222 1631 1379 1673 maiora
1400 1633 1515 1683 sunt,
1549 1634 1622 1674 aut

71 1718 106 1744 20
318 1699 530 1753 protegere
562 1700 602 1740 et
633 1712 794 1742 seruare
825 1713 1072 1753 quemquam
1111 1702 1282 1755 possunt
1319 1713 1423 1754 quae
1453 1701 1544 1755 ipsa
1573 1702 1623 1743 de

320 1768 487 1821 templis
524 1768 609 1810 suis
645 1770 839 1822 pereunt,
871 1769 950 1811 nisi
985 1769 1035 1811 ab
1057 1769 1222 1812 homine
1244 1770 1456 1812 seruentur
1476 1794 1532 1800 —
1553 1770 1623 1812 sed

320 1850 393 1879 nec
414 1837 617 1880 elementa
639 1838 805 1880 colenda
828 1851 914 1881 esse
934 1851 1038 1892 quae
1059 1839 1217 1881 homini
1237 1840 1462 1882 secundum
1485 1840 1624 1894 dispo-

322 1906 513 1948 sitionem
535 1908 576 1949 et
597 1910 860 1961 praeceptum
883 1908 958 1950 Dei
980 1909 1177 1950 seruiunt.

235 1975 289 2016 II.
322 1975 555 2017 Destructis
603 1976 724 2017 idolis
765 1978 804 2018 et
846 1977 1141 2018 elementorum
1196 1977 1352 2019 ratione
1400 1979 1627 2020 monstrata

76 2058 111 2085 π
323 2045 619 2086 ostendendum
641 2046 775 2087 Deum
793 2046 926 2087 solum
948 2046 1162 2088 colendum
1185 2059 1283 2089 esse.

209 2112 285 2154 ΙΙΙ.
320 2113 433 2154 Tunc
456 2113 687 2155 addendum
710 2127 812 2167 quae
844 2115 1108 2157 comminatio
1140 2115 1216 2157 Dei
1249 2116 1304 2157 sit
1335 2116 1530 2159 aduersus
1562 2128 1628 2159 eos

325 2182 394 2235 qui
417 2182 538 2224 idolis
560 2183 803 2226 sacrificant.

197 2331 215 2364 1
240 2330 465 2365 bisti-uantur
482 2334 618 2366 mente*
637 2332 672 2367 R
742 2334 764 2367 4
790 2334 1027 2378 insinuantes]
1046 2335 1264 2369 instruentes
1288 2335 1321 2370 V
1399 2336 1419 2370 7
1445 2326 1509 2370 dns
1527 2336 1564 2371 R

129 2388 150 2422 8
174 2387 243 2422 iam
262 2399 362 2423 nemo
380 2389 429 2423 M
526 2390 569 2424 10
594 2391 718 2435 aquae]
737 2402 826 2435 (piae
845 2392 881 2427 R
969 2392 1144 2437 accipitur
1162 2393 1210 2427 M
1211 2394 1268 2429 Rv
1339 2396 1349 2406 ¹
1362 2394 1405 2428 11
1432 2395 1632 2438 sanguinis]

130 2444 304 2489 baptismo
322 2446 408 2481 aad.
428 2447 472 2481 M
479 2447 489 2464 ²
507 2451 540 2480 et
558 2448 740 2482 Baluzius
828 2451 883 2483 cst
901 2460 965 2484 om.
987 2450 1108 2485 MRB
1195 2452 1239 2485 12
1263 2451 1475 2495 expectenda
1492 2452 1566 2487 RB

131 2502 174 2535 13
198 2502 328 2537 fuimus
354 2504 574 2547 WMRBV,
602 2517 722 2540 suiuus
749 2518 767 2541 υ
862 2507 905 2541 14
930 2508 1099 2552 parandis
1123 2509 1357 2551 WM¹RBV‚
1383 2510 1634 2555 praeparandis

131 2559 213 2594 M²v
283 2561 443 2606 uirtutis]
464 2563 628 2597 ueritatis
641 2564 697 2605 M,
714 2564 777 2599 sed
794 2575 819 2599 s.
839 2565 862 2599 l.
877 2576 920 2599 m.
940 2567 983 2599 2:
1011 2565 1161 2600 unitatis
1237 2567 1279 2601 15
1298 2567 1506 2602 firmitatem
1524 2569 1573 2603 M

132 2615 175 2650 ad
193 2618 394 2661 preconium
411 2629 456 2653 ea:
473 2621 635 2664 preconio
654 2622 702 2656 M
718 2633 759 2656 m.
779 2624 804 2655 2
899 2622 943 2657 ad
973 2624 1145 2668 proelium
1177 2635 1221 2659 ex
1252 2625 1388 2669 proelio
1419 2626 1466 2659 M
1480 2637 1524 2660 m.
1543 2629 1566 2659 2

134 2673 176 2707 16
201 2675 391 2709 secutionis
409 2676 446 2712 R
554 2679 589 2712 et
606 2689 672 2713 om.
691 2679 740 2714 M
853 2680 1031 2724 passionis
1049 2682 1097 2716 M
1111 2692 1138 2717 s.
1158 2682 1179 2717 l.
1198 2693 1242 2717 m.
1259 2686 1284 2718 2
1393 2683 1430 2717 in
1448 2694 1513 2717 om.
1533 2683 1569 2719 R

134 2730 177 2765 18
195 2730 282 2765 facit
300 2743 320 2767 v
392 2733 435 2767 19
453 2735 554 2779 quae]
574 2746 641 2779 que
659 2736 707 2770 M
720 2748 746 2771 s.
767 2737 788 2771 l.
809 2748 850 2771 m.
869 2741 894 2771 2
965 2738 1214 2773 fabricatorem
1234 2739 1270 2775 R
1338 2741 1383 2774 20
1400 2740 1450 2784 et]
1469 2742 1532 2774 aut
1549 2752 1570 2775 v

134 2786 179 2821 22
203 2788 290 2833 esse]
316 2800 390 2823 csse
415 2789 491 2825 uice
516 2791 659 2827 deorum
686 2793 721 2829 R
747 2798 780 2827 et
810 2794 924 2829 Ooeon.
1044 2795 1089 2829 23
1113 2796 1171 2831 dei
1196 2799 1233 2831 ct
1262 2800 1489 2843 pracceptum
1521 2798 1636 2833 deser-

135 2843 238 2878 uiunt
259 2846 293 2880 R
363 2846 407 2880 24
432 2848 603 2884 rationem
622 2850 658 2886 R
742 2851 786 2886 26
811 2851 1009 2887 addendum
1029 2864 1103 2888 esse
1124 2854 1169 2888 M
1248 2854 1291 2889 27
1318 2855 1518 2890 sacrificans
1536 2856 1572 2892 R
