1838 3152
500 271 735 316 Epistulae
759 271 955 307 LXVIII.
982 283 1009 308 c.
1035 273 1135 309 3-4.
1546 277 1628 318 747

133 375 196 416 (118
232 375 380 417 0011)οε
415 375 649 428 prouidere,
687 388 779 418 cum
809 375 1009 417 Dominus
1040 376 1234 429 loquatur
1262 378 1303 419 et
1332 377 1462 419 dicat:
1494 377 1627 431 quod

133 442 465 485 infirmatum
521 446 598 486 est
648 457 740 486 non
798 443 1160 495 confortastis,
1219 447 1267 487 et
1315 446 1447 499 quod
1495 447 1629 488 male

131 511 316 552 habuit
360 523 455 553 non
500 513 909 563 conroborastis,
955 513 1004 554 et
1042 513 1172 566 quod
1210 515 1626 557 contribulatum

132 580 332 622 estnon
363 581 618 623 consolati
650 582 802 632 estis,
834 582 882 623 et
912 582 1041 635 quod
1072 582 1271 624 errauit
1300 595 1394 625 non
1424 596 1630 626 reuoca-

106 647 255 702 ⁵stis,
306 649 355 690 et
400 649 533 702 quod
578 650 717 703 perit
761 661 855 691 non
899 649 1224 703 inquisistis:
1270 651 1319 692 et
1363 651 1631 705 dispersae

136 717 258 758 sunt
307 730 429 759 01108
479 731 634 769 meae,
687 731 741 761 00
791 719 922 772 quod
970 730 1067 760 non
1117 718 1227 760 sint
1267 721 1529 772 pastores,
1580 719 1631 760 et

132 785 304 827 factae
333 787 532 829 suntin
562 788 900 829 comesturam
931 787 1166 829 omnibus
1197 787 1384 829 bestiis
1415 788 1549 843 agri,
1582 787 1631 828 et

131 865 225 896 non
270 854 373 897 fuit
413 856 501 909 qui
541 856 841 909 inquireret
878 868 1036 909 neque
1074 856 1161 909 qui
1200 857 1480 897 reuocaret.
1521 867 1630 910 pro-

134 924 309 977 pterea
339 923 462 966 haec
503 924 638 966 dicit
669 924 940 966 Dominus:
983 937 1095 967 0000
1134 936 1223 980 ego
1264 936 1419 978 super
1456 924 1629 977 pasto-

90 1004 214 1033 10res
255 993 304 1034 et
342 993 604 1046 inquiram
648 1004 768 1035 oues
812 1005 948 1035 meas
985 993 1043 1035 de
1089 992 1324 1035 manibus
1370 1004 1541 1034 eorum
1582 993 1632 1033 et

132 1061 367 1102 auertam
406 1072 487 1102 eos
517 1061 573 1102 ut
602 1072 697 1103 non
727 1062 943 1115 pascant
972 1073 1093 1103 oues
1124 1073 1282 1103 meas:
1324 1063 1375 1103 et
1405 1061 1504 1103 iam
1535 1072 1631 1103 non

133 1129 351 1182 pascent
401 1142 503 1180 008,
555 1131 604 1172 et
649 1129 915 1172 extraham
965 1142 1052 1172 eas
1101 1130 1159 1171 de
1208 1140 1291 1171 ore
1341 1140 1531 1180 eorum,
1583 1129 1632 1170 et

131 1209 331 1252 pascam
364 1210 446 1240 eas
478 1210 587 1240 cum
618 1198 830 1241 iudicio.
863 1211 957 1240 cum
980 1210 1076 1253 ergo
1108 1198 1342 1252 pastoribus
1373 1197 1529 1239 talibus
1558 1210 1632 1251 per

132 1279 230 1320 quos
262 1265 488 1308 dominicae
518 1278 614 1308 0008
643 1267 915 1322 necleguntur
941 1268 983 1309 et
1013 1267 1185 1320 pereunt
1215 1266 1274 1308 sic
1296 1266 1497 1308 Dominus
1519 1278 1632 1309 com-

86 1350 118 1374 15
132 1335 325 1389 minetur,
357 1335 456 1389 quid
486 1347 559 1377 nos
590 1335 705 1377 aliud
735 1335 868 1377 facere
896 1336 1069 1389 oportet,
1101 1334 1229 1377 frater
1251 1335 1473 1386 carissime,
1506 1347 1630 1388 quam

132 1403 372 1459 colligendis
411 1405 452 1446 et
490 1403 720 1446 refouendis
759 1403 911 1446 Christi
957 1403 1103 1446 ouibus
1143 1403 1331 1445 exhibere
1368 1403 1630 1459 diligentiam

133 1470 296 1525 plenam
319 1473 359 1514 et
382 1473 571 1514 curandis
593 1472 799 1525 lapsorum
821 1472 1061 1514 uulneribus
1095 1472 1284 1525 paternae
1314 1472 1481 1525 pietatis
1511 1471 1631 1513 adhi-

132 1539 226 1582 bere
261 1541 531 1591 medicinam,
569 1541 730 1594 quando
762 1541 887 1583 etiam
918 1541 1120 1582 Dominus
1149 1540 1191 1581 in
1221 1541 1432 1595 euangelio
1468 1540 1632 1582 moneat

136 1609 178 1650 et
198 1609 329 1651 dicat:
351 1621 445 1651 non
468 1611 546 1651 est
566 1621 690 1663 opus
712 1610 856 1652 sanis
878 1609 1130 1663 medicus,
1163 1609 1250 1650 sed
1280 1609 1413 1651 male
1442 1608 1536 1650 hab
1551 1621 1631 1650 en-

86 1690 120 1716 20
132 1677 173 1718 ti
185 1677 245 1719 bu
260 1691 291 1720 8.
313 1691 406 1720 nam
419 1679 497 1721 etsi
508 1680 689 1732 pastores
701 1678 825 1720 multi
836 1691 991 1729 sumus,
1012 1691 1140 1719 unum
1157 1678 1295 1719 tamen
1311 1690 1479 1733 gregem
1495 1677 1630 1731 pasci-

132 1759 238 1797 mus,
270 1747 310 1788 et
340 1759 436 1789 oues
466 1747 678 1789 uniuersas
699 1760 800 1800 quas
822 1745 1009 1789 Christus
1039 1747 1237 1801 sanguine
1269 1758 1341 1787 suo
1373 1747 1414 1787 et
1443 1746 1631 1800 passione

133 1815 339 1869 quaesiuit
377 1816 572 1871 colligere
610 1818 652 1858 et
689 1815 825 1857 fouere
866 1816 1061 1858 debemus
1105 1827 1177 1857 nec
1216 1814 1305 1869 pati
1345 1814 1548 1868 supplices
1588 1815 1631 1856 et

133 1884 314 1925 dolentes
355 1884 500 1926 fratres
531 1885 688 1926 nostros
719 1884 941 1926 crudeliter
973 1883 1126 1937 despici
1158 1884 1199 1924 et
1239 1882 1413 1936 superba
1451 1894 1630 1936 quorun-

137 1952 232 1994 dam
264 1953 597 2007 praesumptione
629 1952 790 2002 calcari,
831 1965 923 1993 cum
966 1952 1165 2005 scriptum
1207 1951 1281 1993 sit:
1322 1950 1417 1991 ille
1456 1952 1627 1992 autem

89 2022 220 2076 :isqui
256 2023 523 2064 contumax
562 2023 641 2063 est
672 2021 751 2063 uir
781 2021 863 2062 sui
894 2021 1094 2062 iactans
1125 2019 1259 2061 nihil
1289 2019 1489 2060 omnino
1520 2030 1631 2072 pro—

133 2089 305 2141 ficiet,
336 2090 420 2143 qui
453 2090 715 2132 dilatauit
746 2090 1003 2142 tamquam
1035 2088 1193 2131 inferi
1224 2087 1443 2130 animam
1475 2099 1629 2137 suam,

133 2161 174 2200 et
219 2159 419 2201 eiusmodi
464 2171 601 2201 omnes
632 2158 833 2200 Dominus
875 2157 918 2198 111
956 2157 1167 2212 euangelio
1208 2157 1345 2209 culpet
1384 2157 1424 2197 et
1463 2155 1631 2197 damnet

270 2307 286 2339 1
314 2306 373 2340 Ez.
398 2306 453 2347 34,
477 2306 578 2341 4-6.
606 2306 658 2340 10.
685 2306 737 2340 16.
834 2306 877 2339 19
902 2304 1033 2340 Matth,
1058 2304 1090 2345 9,
1118 2304 1170 2338 12.
1263 2303 1307 2337 24
1331 2301 1396 2337 Ab.
1422 2303 1453 2343 2,
1479 2303 1511 2337 5.

201 2443 218 2476 1
237 2442 374 2488 ouibus]
393 2442 591 2487 quibusque
610 2443 643 2476 Z
731 2442 753 2476 2
770 2441 948 2476 infirmum
966 2441 1000 2475 Z
1096 2440 1118 2475 3
1135 2439 1346 2474 tribulatum
1364 2439 1418 2486 Ζρ
1509 2439 1531 2472 4
1549 2449 1629 2473 0011-

132 2499 238 2534 solati
255 2499 354 2545 estis]
374 2499 620 2535 consolidastis
637 2500 737 2546 i09v5
756 2499 801 2542 cs.
820 2500 947 2543 654,15
1053 2499 1088 2531 et
1105 2496 1211 2542 quod]
1230 2496 1323 2541 quod
1340 2497 1375 2542 ἰρ
1482 2496 1504 2530 5
1521 2495 1630 2540 periit

132 2557 223 2602 Zipv
317 2556 518 2602 requisistis
536 2557 571 2591 Z
671 2556 692 2590 6
710 2556 784 2590 sint
801 2567 832 2600 p.
853 2567 880 2590 0.
900 2555 1014 2590 factae
1032 2565 1097 2590 om.
1116 2554 1151 2589 Z
1253 2553 1272 2587 7
1291 2553 1377 2587 facti
1399 2554 1428 2587 C
1505 2562 1629 2609 κ0801110-

132 2618 231 2649 stura
245 2614 278 2649 Z
346 2614 382 2648 in
399 2613 561 2649 omnibus
574 2626 594 2650 v
666 2615 707 2648 11
726 2616 766 2649 ut
781 2624 824 2648 ex
838 2615 875 2648 et
892 2613 921 2648 C
990 2613 1033 2647 12
1049 2623 1131 2646 01108
1148 2621 1242 2645 meas
1259 2610 1300 2645 dc
1315 2610 1350 2644 Z
1418 2610 1459 2643 14
1473 2608 1542 2643 dno
1567 2609 1626 2649 0¹,

131 2683 196 2706 om.
217 2672 253 2717 ίρ
363 2672 406 2707 15
422 2671 514 2716 quod
537 2671 566 2707 G
573 2675 579 2694 ¹
704 2671 746 2706 16
763 2669 974 2715 refouendis]
993 2667 1225 2704 reformandis
1243 2667 1277 2702 Z
1384 2667 1426 2701 18
1443 2665 1626 2710 quando—

130 2728 239 2774 dicat]
265 2728 435 2774 quomodo
452 2728 485 2763 ei
503 2728 598 2764 dicat
621 2717 749 2763 difs‘in
776 2727 960 2773 euangelio
975 2727 1009 2761 Z
1189 2724 1310 2779 ctiam]
1337 2735 1413 2758 eam
1436 2723 1473 2765 C,
1504 2725 1539 2758 et
1562 2734 1582 2758 v

130 2786 176 2820 22
192 2785 389 2830 adquisiuit
407 2785 441 2819 Z
553 2785 601 2830 et]
620 2796 660 2820 ac
677 2785 712 2820 Z
835 2785 879 2819 23
897 2786 933 2819 et
950 2783 1111 2828 superba]
1131 2785 1171 2817 ut
1188 2793 1252 2826 sup
1270 2781 1304 2815 Z
1427 2780 1471 2815 24
1488 2780 1549 2814 ille
1566 2780 1626 2824 qui

132 2844 251 2877 autem
267 2842 462 2887 praesumit
479 2843 664 2877 contumax
681 2844 736 2877 est
753 2842 786 2876 Z
888 2842 932 2876 25
949 2840 1106 2885 perficiet
1124 2851 1143 2875 v
1247 2839 1290 2873 26
1309 2838 1442 2895 inssrus
1461 2837 1502 2877 Z,
1520 2837 1628 2871 inser·

132 2911 198 2934 nus
218 2911 255 2942 v;
280 2900 325 2942 cf.
345 2902 451 2943 669,1
559 2899 602 2934 27
619 2899 751 2943 omnes]
771 2890 826 2933 osii
849 2899 909 2939 0¹,
928 2898 1086 2932 homines
1109 2895 1209 2932 C²Zv
1301 2894 1370 2929 dno
1389 2895 1448 2935 C',
1467 2905 1531 2929 om.
1552 2894 1587 2928 Z

132 2957 318 3002 euangelio
337 2968 399 2992 suo
422 2957 493 2992 Cov
