1838 3152
579 271 812 315 Epistulae
836 270 1019 306 LXXVI.
1047 283 1073 307 c.
1100 273 1199 307 5—7.
1546 276 1627 318 833

145 374 380 429 triumphus
410 374 452 416 in
473 375 645 428 pectore,
679 387 1008 428 unumquemque
1038 377 1221 418 uestrum
1250 378 1356 418 stare
1384 377 1433 419 ad
1454 378 1626 431 promis-

143 457 235 486 sum
255 443 332 485 Dei
362 443 604 497 praemium,
641 443 690 484 de
722 443 862 484 iudicii
896 443 961 485 die
993 456 1078 485 esse
1112 457 1311 494 securum,
1348 445 1556 487 ambulare
1587 446 1628 487 in

140 512 308 554 metallo
337 511 499 565 captiuo
528 511 693 564 quidem
723 523 886 565 corpore
916 511 984 552 sed
1014 513 1130 554 corde
1151 514 1359 567 regnante,
1389 514 1490 555 scire
1511 512 1628 555 Chri-

140 581 251 622 stum
293 592 428 622 secum
466 592 551 621 esse
588 580 841 633 praesentem
883 579 1130 635 gaudentem
1167 581 1384 623 tolerantia
1418 593 1627 623 seruorum

112 664 126 688 5
142 660 307 691 suorum
337 660 407 702 per
435 648 613 702 uestigia
635 648 675 688 et
696 648 785 689 uias
807 660 901 690 suas
923 648 973 689 ad
995 661 1120 702 regna
1142 650 1304 690 aeterna
1324 649 1628 703 gradientium?

138 717 362 770 expectatis
399 716 546 758 cotidie
578 716 678 758 laeti
708 717 969 769 profectionis
1004 719 1163 758 uestrae
1196 717 1420 758 salutarem
1451 718 1559 758 diem
1590 719 1631 758 et

139 786 224 828 iam
252 785 415 838 iamque
440 784 490 826 de
511 784 671 826 saeculo
700 785 895 827 recessuri
918 787 967 827 ad
990 787 1219 839 martyrum
1248 798 1415 827 munera
1437 787 1477 827 et
1497 785 1629 827 domi—

140 854 236 896 cilia
267 854 408 895 diuina
439 853 679 907 properatis,
712 855 804 907 post
834 854 906 895 has
939 854 1081 895 mundi
1111 855 1299 896 tenebras
1331 854 1460 895 uisuri
1490 854 1630 896 candi-

141 922 356 964 dissimam
389 923 522 964 lucem
551 923 591 963 et
620 923 824 976 accepturi
858 923 1055 964 maiorem
1087 923 1342 976 passionibus
1373 922 1561 964 omnibus
1590 924 1631 963 et

96 1002 129 1027 10
144 990 513 1033 conflictationibus
535 991 765 1032 claritatem
787 992 969 1045 apostolo
990 992 1243 1033 contestante
1265 992 1305 1032 et
1327 991 1505 1033 dicente:
1538 1003 1630 1031 non

140 1063 258 1101 sunt
288 1049 576 1114 'condignae
607 1059 876 1113 passiones
906 1059 1058 1101 huius
1089 1060 1339 1113 temporis
1370 1060 1428 1101 ad
1459 1071 1630 1113 super-

140 1130 409 1170 uenturam
431 1128 731 1170 claritatem
753 1141 878 1182 quae
899 1129 1228 1170 reuelabitur
1248 1128 1297 1170 in
1318 1128 1475 1170 nobis.
1512 1128 1632 1182 plane

141 1197 238 1251 quia
264 1209 370 1238 nunc
400 1196 516 1238 uobis
538 1197 580 1238 in
601 1197 789 1250 precibus
818 1196 1018 1239 efficacior
1047 1209 1177 1239 sermo
1207 1199 1268 1239 est
1290 1199 1330 1238 et
1351 1197 1402 1238 ad
1424 1197 1631 1250 inpetran-

141 1266 241 1307 dum
263 1267 369 1319 quod
392 1266 433 1307 in
456 1267 654 1320 pressuris
676 1266 832 1320 petitur
852 1266 1010 1308 facilior
1031 1267 1158 1308 oratio
1180 1268 1254 1317 est,
1278 1266 1406 1320 petite
1427 1265 1635 1319 inpensius

99 1348 131 1373 1⁵
148 1336 191 1376 et
212 1336 351 1389 rogate
374 1337 420 1376 ut
442 1335 732 1377 confessionem
764 1335 948 1376 omnium
969 1337 1153 1377 nostrum
1176 1335 1358 1389 dignatio
1380 1335 1520 1376 diuina
1541 1346 1635 1376 0011-

149 1405 341 1454 summet‚
365 1405 412 1445 ut
433 1404 482 1445 de
504 1404 595 1446 istis
618 1404 795 1445 tenebris
818 1405 859 1445 et
880 1403 1038 1456 laqueis
1059 1403 1202 1445 mundi
1225 1415 1295 1445 nos
1318 1415 1474 1456 quoque
1495 1403 1633 1444 uobis-

144 1485 239 1514 cum
271 1473 451 1527 integros
483 1474 523 1514 et
553 1473 750 1527 gloriosos
773 1473 882 1514 Deus
913 1472 1073 1522 liberet,
1106 1473 1152 1513 ut
1181 1472 1251 1525 qui
1280 1472 1347 1513 hic
1378 1471 1562 1512 caritatis
1593 1472 1635 1512 et

145 1542 258 1596 pacis
287 1542 450 1583 uinculo
479 1542 658 1595 copulati
688 1542 828 1583 contra
854 1541 1152 1583 haereticorum
1175 1540 1345 1582 iniurias
1367 1541 1407 1582 et
1429 1551 1636 1593 pressuras

147 1611 368 1666 gentilium
398 1610 522 1651 simul
552 1610 743 1652 stetimus
772 1610 925 1664 pariter
952 1611 994 1651 in
1022 1610 1158 1664 regnis
1187 1609 1428 1651 caelestibus
1457 1608 1635 1663 gaudea—

100 1692 254 1721 2omus
286 1680 381 1734 opto
410 1691 496 1729 uos,
526 1678 753 1721 beatissimi
782 1692 827 1721 ac
856 1678 1071 1720 fortissimi
1101 1678 1246 1719 fratres
1275 1678 1316 1718 in
1337 1677 1510 1719 Domino
1538 1676 1636 1717 bene

149 1749 286 1790 ualere
308 1750 349 1789 et
369 1748 497 1790 nostri
519 1760 678 1801 semper
698 1749 739 1789 et
760 1747 910 1800 ubique
931 1747 1178 1789 meminisse.
1199 1746 1345 1788 ualete.

283 1890 326 1924 10
352 1890 450 1924 Rom.
476 1890 507 1931 8,
536 1890 588 1924 18.

282 2020 304 2054 2
321 2020 446 2055 iudicii
463 2020 531 2065 die]
551 2019 682 2054 iudicio
699 2019 755 2053 dei
773 2019 832 2054 Nv
1028 2017 1113 2062 esse]
1132 2019 1168 2051 et
1186 2016 1220 2051 R
1416 2015 1453 2049 in
1472 2026 1535 2049 om.
1556 2014 1592 2049 R

142 2078 164 2112 3
183 2079 374 2122 regnantes
391 2076 426 2111 R
565 2077 589 2112 4
609 2088 725 2111 30011111
744 2076 830 2120 0330]
850 2086 923 2110 0330
941 2086 1018 2110 011111
1037 2075 1072 2110 R
1205 2075 1423 2118 praesentem
1440 2083 1504 2107 om.
1531 2072 1593 2107 CR

141 2134 294 2179 gaudere
312 2135 345 2169 R
484 2134 710 2168 tolerantiam
730 2134 813 2168 LM
814 2134 889 2168 NP
1033 2132 1054 2166 5
1072 2142 1212 2166 suorum
1231 2142 1296 2165 om.
1315 2130 1351 2165 R
1488 2128 1635 2173 graden-

141 2192 234 2226 tium
256 2202 301 2226 em
318 2191 550 2237 gaudentium
574 2192 603 2226 C
738 2192 759 2226 6
777 2192 1001 2234 expectantes
1019 2200 1063 2223 επ
1081 2187 1305 2233 expectandis
1323 2187 1352 2222 C
1480 2187 1638 2229 expecta-

140 2249 191 2283 tis
212 2276 241 2282 ..
258 2275 264 2282 .
286 2251 424 2283 uestrae
442 2260 507 2283 om.
526 2248 562 2283 R
699 2248 785 2282 laeti
803 2259 868 2282 om.
895 2247 932 2287 V,
952 2246 1130 2280 laetitiam
1153 2245 1182 2280 G
1317 2242 1544 2288 professionis
1567 2243 1595 2277 G

144 2307 162 2340 7
183 2307 338 2352 iamque]
358 2318 445 2351 quae
464 2307 499 2341 R
672 2305 883 2350 martyrium
901 2305 929 2339 C
936 2306 945 2323 ¹
1098 2304 1120 2338 8
1138 2302 1351 2347 properastis
1370 2302 1405 2336 R
1576 2299 1639 2333 has

142 2375 209 2399 om.
229 2365 264 2400 R
414 2365 454 2398 11
474 2364 648 2409 passionis
672 2364 764 2399 C'M
908 2363 950 2396 12
969 2361 1184 2404 claritatem]
1203 2359 1354 2403 gratiam
1378 2359 1407 2393 C
1543 2356 1586 2391 13
1603 2358 1641 2390 ct

146 2433 211 2457 om.
232 2423 267 2457 P
423 2422 641 2466 imperantur
658 2422 694 2456 R
854 2421 896 2454 15
913 2419 1050 2463 diuina]
1068 2418 1177 2463 digna
1196 2418 1224 2452 G
1377 2416 1419 2450 16
1436 2414 1487 2459 ut]
1506 2416 1544 2448 et
1566 2413 1599 2448 V

149 2479 191 2514 de
209 2491 255 2514 ωε
272 2490 289 2513 e
314 2479 343 2514 c
480 2480 521 2513 17
540 2468 608 2513 ‹ffs'
623 2478 652 2513 c
789 2477 862 2521 hic]
881 2477 916 2511 id
933 2477 967 2511 R
1099 2475 1150 2520 et]
1168 2473 1227 2508 sed
1246 2474 1281 2523 Ρ
1416 2472 1461 2506 eo
1477 2473 1560 2515 opto
1580 2497 1586 2503 .
1603 2496 1609 2502 .
1628 2499 1631 2502 ,

146 2537 350 2571 meminisse
367 2536 484 2571 ualete
501 2548 566 2571 om.
586 2536 616 2571 C
820 2527 948 2568 fratres
966 2532 1181 2576 beatissimi]
1202 2519 1350 2565 fffkffl
1363 2529 1418 2569 M,
1444 2526 1640 2561 beatissimi

145 2596 263 2639 patres
290 2595 334 2628 N
534 2604 573 2627 ac
604 2591 791 2627 fortissimi
817 2592 861 2631 L,
896 2602 935 2625 ac
965 2589 1191 2624 dilectissimi
1218 2587 1318 2626 PRv.
1349 2597 1387 2620 ac
1417 2583 1640 2619 dilectissimi

146 2652 276 2685 fratres
294 2651 348 2692 M,
366 2662 429 2685 om.
450 2651 493 2685 N
664 2651 706 2684 ‘21
726 2649 842 2683 ualete
859 2660 924 2682 om.
944 2648 1046 2681 Plev.
1066 2667 1107 2672 —
1127 2645 1179 2680 Ad
1199 2643 1367 2688 (Explicit
1385 2642 1427 2677 ad
1447 2642 1489 2681 P,
1509 2640 1638 2675 Caecili

151 2709 318 2754 Cypriani
345 2708 387 2743 ad
406 2709 465 2750 M)
482 2710 652 2752 martyres
669 2708 859 2750 (martyras
877 2705 937 2747 M)
955 2707 990 2738 et
1008 2704 1218 2738 confessores
1237 2703 1287 2743 (in
1305 2700 1451 2735 metallo
1469 2698 1639 2732 constitu-

150 2769 206 2799 tos
230 2766 315 2800 add.
335 2765 461 2809 LNP)
486 2765 630 2809 explicit
651 2767 734 2809 (om.
754 2764 803 2806 Ρ)
821 2763 988 2801 LMNP,
1012 2761 1064 2796 Ad
1082 2760 1252 2804 (Explicit
1270 2758 1312 2792 ad
1331 2759 1372 2800 C)
1391 2755 1641 2791 Nemesianum

147 2825 183 2857 et
200 2825 333 2857 ceteros
352 2826 462 2865 (ceros
484 2822 526 2865 C)
545 2822 581 2856 in
598 2821 743 2856 metallo
770 2819 982 2855 constitutos
999 2817 1142 2862 explicit
1159 2818 1239 2860 (om.
1260 2816 1302 2858 ζ’)
1321 2814 1394 2849 CR.
1415 2833 1452 2838 —

286 2893 350 2922 111.
1324 2873 1378 2913 53
