1838 3152
681 274 917 320 Epistulae
941 276 1057 311 XLV.
1084 287 1111 311 c.
1138 276 1238 311 2—4.
1621 278 1704 320 603

210 380 287 422 bus
309 379 378 433 qui
399 379 672 421 obstinatione
694 391 766 421 sua
786 380 852 421 uel
873 379 1007 422 furore
1028 380 1342 433 supersederunt
1357 381 1398 422 et
1414 380 1464 422 ad
1480 392 1553 422 nos
1573 379 1704 422 redire

210 449 440 498 noluerunt,
476 448 733 490 discretionis
768 450 810 490 et
840 448 1107 502 separationis
1139 461 1164 490 a
1194 461 1236 490 se
1269 448 1403 491 factae
1438 449 1480 491 et
1511 448 1704 491 ecclesiae

210 517 428 559 derelictae
449 516 529 570 ipsi
550 516 749 558 rationem
772 516 946 558 Domino
967 516 1178 559 reddituri.

266 585 476 636 Quantum
506 596 601 627 uero
632 584 698 626 hic
718 585 769 627 ad
791 585 1092 640 presbyterium
1117 585 1371 638 quorundam
1393 587 1434 627 et
1455 585 1703 628 Felicissimi
1718 587 1742 626 4

180 672 194 696 ι,
210 667 373 697 causam
395 654 586 707 pertinet,
607 654 705 708 quid
727 654 794 696 hic
815 655 954 697 actum
975 654 1031 696 sit
1052 656 1099 696 ut
1122 653 1225 696 scire
1246 666 1397 708 posseS,
1419 654 1581 696 litteras
1596 654 1646 696 ad
1662 656 1704 696 te

207 724 387 778 collegae
418 723 547 765 nostri
578 736 700 765 manu
733 735 805 764 sua
837 723 1090 777 subscriptas
1124 723 1338 773 miserunt,
1369 723 1439 776 qui
1470 722 1624 764 auditis
1646 723 1704 765 eis

206 792 307 846 quid
340 792 538 834 senserint
559 791 718 844 etquid
750 791 1108 845 pronuntiauerint
1130 804 1176 833 ex
1198 803 1338 834 eorum
1371 791 1527 833 litteris
1558 791 1701 834 disces.

206 861 356 904 melius
377 862 529 911 autem,
550 860 689 910 frater,
712 860 848 910 facies,
870 860 905 901 si
921 860 1048 902 etiam
1070 860 1255 914 exempla
1275 860 1511 902 litterarum
1534 872 1635 914 quae
1651 861 1703 902 ad

205 932 247 973 te
268 930 440 985 legenda
460 941 533 984 pro
554 928 774 971 dilectione
795 929 1002 970 communi
1024 941 1095 982 per
1111 927 1350 971 Caldonium
1370 930 1412 971 et
1427 929 1703 971 Fortunatum

161 1012 193 1037 ιο
206 999 384 1054 collegas
405 999 565 1040 nostros
586 997 768 1050 proxime
789 997 996 1048 miseram,
1028 1010 1131 1051 quae
1152 997 1202 1040 de
1221 997 1363 1040 eodem
1383 997 1640 1039 Felicissimo
1661 998 1704 1039 et

204 1067 253 1110 de
268 1066 517 1122 presbyteris
539 1066 670 1108 isdem
686 1066 737 1107 ad
749 1065 903 1108 clerum
919 1066 1026 1117 istic,
1044 1078 1123 1108 non
1140 1067 1181 1108 et
1197 1066 1249 1108 ad
1266 1066 1429 1120 plebem
1446 1066 1701 1119 scripseram,

203 1137 288 1192 legi
319 1136 408 1178 illic
438 1134 637 1178 fratribus
666 1134 821 1186 iubeas,
854 1147 956 1189 quae
978 1135 1020 1177 et
1041 1135 1338 1177 ordinationem
1360 1137 1402 1177 et
1422 1135 1623 1178 rationem
1644 1135 1702 1177 rei

203 1207 342 1261 gestae
369 1205 602 1259 loquantur,
639 1205 685 1246 ut
712 1205 800 1246 tam
832 1204 927 1246 istic
956 1216 1078 1258 quam
1108 1204 1198 1247 illic
1229 1204 1337 1247 circa
1365 1205 1503 1247 omnia
1531 1217 1603 1259 per
1630 1216 1703 1246 nos

202 1274 438 1317 fraternitas
458 1274 700 1316 instruatur.
723 1273 974 1328 exemplaria
995 1274 1135 1316 autem
1157 1273 1300 1315 eadem
1321 1286 1428 1315 nunc
1450 1285 1611 1327 quoque
1631 1286 1704 1327 per

155 1354 188 1380 ¹⁵
204 1343 401 1386 Mettium
427 1342 756 1397 hypodiaconum
778 1355 801 1384 a
822 1355 887 1384 me
909 1343 1082 1384 missum
1104 1343 1145 1384 et
1165 1342 1443 1397 Nicephorum
1465 1343 1704 1385 acoluthum

203 1412 429 1455 transmisi.
452 1413 546 1465 opto
568 1413 622 1462 te,
646 1410 774 1453 frater
794 1411 1018 1462 carissime,
1040 1423 1198 1465 semper
1218 1411 1320 1454 bene
1342 1412 1491 1454 ualere.

271 1606 289 1640 1
307 1605 344 1640 in
362 1605 600 1640 obstinatione
627 1605 675 1640 Cv
810 1615 873 1639 sua
891 1615 956 1639 om.
979 1605 1044 1640 CR
1171 1604 1288 1639 furore
1306 1615 1367 1639 suo
1389 1604 1455 1640 CR
1583 1615 1701 1648 super-

202 1662 381 1708 sederunt]
408 1664 722 1707 perseuerauerunt
746 1662 832 1698 CRv
963 1663 985 1697 2
1002 1662 1233 1697 discreciones
1257 1664 1294 1697 et
1319 1662 1558 1707 separationes
1582 1661 1612 1707 Q

201 1719 318 1754 factae
343 1719 510 1754 ecclcsiae
530 1719 598 1765 QR
621 1719 732 1762 (facta
757 1719 905 1754 ccclesia
922 1719 984 1764 M)
1116 1720 1138 1755 3
1160 1719 1312 1754 delictae
1331 1720 1381 1754 L¹
1513 1719 1590 1763 ipsa
1614 1719 1655 1755 G‘

201 1777 338 1812 ratione
356 1778 390 1811 P
506 1777 527 1811 4
545 1777 628 1812 hinc
646 1778 681 1813 R
795 1777 1031 1822 presbiterum
1055 1777 1091 1818 C,
1110 1777 1395 1822 presbyterorum
1412 1777 1447 1812 R
1454 1777 1506 1812 Vv
1617 1786 1702 1821 quo-

199 1834 361 1878 rundam]
381 1834 555 1878 quendam
580 1835 609 1870 C
716 1833 964 1869 felicissimam
988 1835 1017 1870 C
1131 1835 1152 1869 5
1170 1835 1228 1870 hic
1246 1836 1282 1870 P
1296 1845 1322 1869 s.
1341 1835 1364 1869 l.
1384 1846 1428 1869 m.
1446 1836 1472 1869 2
1580 1834 1629 1868 sit
1646 1834 1700 1878 ut]

199 1891 292 1926 sicut
314 1891 343 1935 Q
450 1894 488 1924 at
505 1893 540 1925 te
557 1891 597 1926 F
699 1892 720 1926 6
738 1891 932 1936 suscriptas
952 1892 994 1933 P,
1014 1891 1166 1936 scriptas
1189 1892 1223 1927 V
1335 1892 1354 1926 7
1373 1891 1462 1936 quae
1480 1892 1652 1926 senserint
1676 1891 1707 1927 C

198 1960 221 1983 n
238 1960 263 1983 s.
285 1950 307 1983 l.
401 1949 687 1993 pronuntiauerit
709 1950 753 1985 (1ι
847 1951 868 1984 9
886 1949 1118 1984 chacdonium
1134 1950 1213 1990 LP,
1233 1949 1468 1984 calcidonium
1492 1949 1522 1985 C
1536 1949 1567 1983 ci
1586 1959 1613 1983 s.
1632 1949 1654 1983 l.

199 2007 240 2041 11
259 2006 476 2051 presbyteris
503 2007 644 2050 scripsi,
675 2006 902 2051 praesbytero
919 2006 965 2048 F,
995 2006 1238 2051 praesbyterio
1262 2006 1454 2052 CLPQRv
1589 2005 1701 2040 isdem

197 2063 314 2109 FLQ‚
356 2063 511 2098 eiusdem
549 2064 671 2099 CPRv
810 2064 942 2099 clerum
976 2064 1072 2109 istic]
1115 2064 1359 2099 ecclesiastica
1391 2074 1484 2099 corr.
1519 2064 1561 2098 in
1593 2063 1702 2098 eccle-

196 2121 286 2155 siam
307 2121 336 2156 0
425 2131 493 2156 non
509 2122 559 2166 ct]
577 2132 644 2156 non
664 2121 703 2167 Q,
722 2132 786 2156 nec
801 2132 870 2156 non
888 2124 924 2156 et
942 2123 1007 2163 Pv,
1025 2123 1186 2156 nostrum
1204 2121 1248 2162 R,
1267 2123 1388 2156 nostra
1411 2121 1441 2157 0
1546 2121 1589 2156 12
1608 2121 1699 2165 illic]

133 2174 136 2176 ’
198 2178 281 2213 istic
301 2179 336 2213 P
450 2178 572 2212 iuueas
590 2178 629 2213 F
739 2178 780 2213 de
797 2179 1058 2214 ordinationem
1076 2180 1122 2220 P,
1139 2178 1295 2214 ordinem
1318 2179 1351 2214 V
1463 2178 1602 2213 ratione
1620 2178 1656 2213 P

198 2236 241 2270 13
266 2236 452 2280 loquamur
477 2235 549 2270 LP
680 2235 764 2270 istic
788 2247 853 2271 om.
887 2237 953 2272 CR
1040 2226 1047 2234 ”
1082 2247 1145 2282 per
1175 2247 1238 2270 nos
1272 2236 1366 2271 circa
1396 2236 1515 2270 omnia
1546 2235 1611 2271 CR

195 2293 239 2327 14
269 2293 427 2338 exempla
456 2293 521 2328 CR
652 2293 787 2338 eadem]
819 2293 1007 2328 earundem
1037 2294 1070 2329 V
1198 2294 1242 2328 15
1271 2293 1439 2329 messium
1464 2292 1582 2338 PQR,
1611 2304 1700 2327 mer-

195 2350 286 2384 sium
310 2350 340 2385 C
444 2350 637 2384 niceforum
660 2350 796 2395 GFPQ
903 2351 1073 2386 acolitum
1095 2351 1232 2397 GPQR
1340 2352 1383 2386 16
1399 2353 1484 2396 opto
1503 2378 1509 2384 .
1526 2379 1555 2384 ..
1577 2350 1696 2385 ualere

193 2417 260 2442 om.
285 2407 350 2442 CL
480 2408 517 2442 in
533 2407 674 2442 domino
691 2419 825 2453 semper
843 2408 886 2444 R.
909 2429 948 2433 —
968 2409 1125 2453 Explicit
1142 2409 1186 2444 ad
1204 2408 1407 2445 Cornelium
1426 2408 1487 2443 ·11·
1507 2408 1551 2450 P,
1569 2419 1633 2443 om.
1654 2408 1698 2453 L,

186 2464 248 2505 ,Ad
266 2464 468 2500 Cornelium
491 2464 639 2510 explicit
655 2465 700 2507 F,
726 2465 782 2500 Ad
800 2466 1002 2502 Cornelium
1020 2466 1175 2511 epistula
1192 2468 1275 2510 (om.
1294 2467 1345 2510 R)
1365 2466 1434 2500 ·VI·
1453 2465 1599 2510 explicit
1620 2465 1698 2510 QR.

195 2520 352 2566 Explicit
375 2522 411 2556 G.
433 2542 475 2547 —-
