1838 3152
186 225 272 266 830
720 223 913 259 Caecilii
939 223 1151 268 Cypriani

186 328 322 369 iacent
358 327 464 369 fessa
499 327 707 368 laboribus
738 328 908 378 uiscera,
946 328 1016 369 sed
1047 341 1176 381 poena
1206 341 1284 370 non
1316 330 1378 370 est
1409 342 1504 371 cum
1526 327 1688 370 Christo

185 397 329 438 iacere.
362 397 552 449 squalent
574 396 660 437 sine
681 397 838 437 balneis
857 397 1044 438 membra
1065 397 1150 438 situ
1172 398 1212 438 et
1234 397 1349 438 sorde
1373 397 1585 447 deformia,
1617 397 1688 438 sed

182 465 431 519 spiritaliter
459 465 571 506 intus
593 465 779 506 abluitur
801 466 908 518 quod
930 465 1028 506 foris
1051 465 1270 506 carnaliter
1291 466 1537 507 sordidatur.
1571 466 1687 519 panis

182 534 271 575 11110
291 534 475 588 exiguus,
506 535 549 575 at
570 545 650 575 non
671 534 713 575 in
734 547 836 587 pane
858 534 941 574 solo
963 534 1072 575 uiuit
1093 534 1213 575 homo
1236 535 1306 576 sed
1327 534 1371 575 in
1391 547 1574 576 sermone
1597 535 1686 576 Dei.

183 603 312 645 uestis
353 603 587 657 algentibus
630 602 755 653 deest,
798 603 868 644 sed
904 603 975 655 qui
1011 602 1222 644 Christum
1258 603 1395 645 induit
1432 604 1472 644 et
1507 604 1713 645 uestitus-³·

182 672 436 714 abundanter
458 672 498 713 et
519 672 656 713 cultus
679 672 753 713 est.
785 671 998 712 semitonsi
1020 671 1167 724 capitis
1190 672 1363 725 capillus
1385 672 1594 722 horrescit,
1618 672 1688 713 sed

182 753 277 781 cum
313 739 369 780 sit
405 739 527 791 caput
564 738 644 779 uiri
678 737 879 788 Christus,
917 737 1214 790 qualecumque
1250 738 1356 779 illud
1392 739 1515 792 caput
1548 739 1689 780 deceat

182 820 346 850 necesse
368 809 430 849 est
452 808 559 861 quod
581 807 630 848 ob
654 807 823 848 Domini
845 818 992 847 nomen
1013 806 1174 861 insigne
1196 808 1269 848 est.
1302 807 1434 848 omnis
1456 807 1537 848 ista
1558 807 1691 849 defor-

181 877 305 918 mitas
328 876 584 918 detestabilis
607 877 647 917 et
668 876 800 917 taetra
823 875 1048 931 gentilibus
1070 875 1184 928 quali
1204 876 1416 928 splendore
1437 876 1687 929 pensabitur.

181 947 402 988 saecularis
438 946 537 987 haec
568 946 608 986 et
639 945 775 986 breuis
810 957 939 999 poena
975 958 1098 998 quam
1135 945 1235 986 clari
1266 945 1306 985 et
1337 945 1490 986 aeterni
1521 945 1681 985 honoris
1702 959 1734 983 10

181 1015 368 1057 mercede
399 1015 641 1069 mutabitur,
676 1027 770 1056 cum
801 1014 1025 1056 secundum
1054 1014 1164 1055 beati
1193 1013 1367 1066 apostoli
1389 1026 1532 1054 uocem
1554 1015 1689 1054 trans-

180 1084 423 1126 formauerit
463 1085 664 1126 Dominus
711 1096 854 1136 corpus
891 1083 1143 1125 humilitatis
1184 1083 1347 1124 nostrae
1387 1081 1690 1123 conformatum

181 1154 339 1207 corpori
359 1153 563 1195 claritatis
586 1166 694 1194 suae.

140 1228 164 1267 3
238 1222 317 1264 Sed
346 1235 419 1264 nec
449 1223 492 1263 in
523 1223 610 1273 illo,
652 1222 799 1263 fratres
831 1221 1108 1270 dilectissimi,
1150 1220 1289 1273 aliqua
1318 1221 1455 1274 potest
1487 1220 1558 1260 aut
1589 1219 1687 1261 reli-

180 1291 314 1346 gionis
336 1292 408 1333 aut
429 1292 523 1332 fidei
546 1291 704 1332 iactura
735 1290 879 1332 sentiri
911 1291 1019 1343 quod
1050 1289 1138 1330 illic
1168 1301 1275 1330 nunc
1307 1288 1587 1337 sacerdotibus
1608 1289 1687 1329 Dei
1704 1305 1733 1329 15

179 1361 354 1402 facultas
398 1374 477 1403 non
523 1361 644 1402 datur
690 1360 885 1402 offerendi
924 1360 964 1401 et
1004 1358 1235 1401 celebrandi
1281 1357 1488 1399 sacrificia
1532 1358 1686 1398 diuina.

179 1430 397 1471 celebratis
437 1431 565 1471 immo
605 1430 736 1483 adque
775 1429 931 1470 offertis
972 1428 1217 1470 sacrificium
1257 1428 1342 1469 Deo
1384 1429 1425 1468 et
1463 1427 1689 1480 pretiosum

178 1499 332 1552 pariter
354 1500 394 1540 et
417 1500 643 1554 gloriosum
674 1501 714 1540 et
735 1499 964 1551 plurimum
995 1497 1112 1539 uobis
1142 1497 1193 1538 ad
1224 1496 1539 1537 retributionem
1570 1508 1688 1548 prae-

178 1569 357 1610 miorum
389 1569 629 1610 caelestium
660 1567 936 1621 profuturum,
970 1579 1064 1608 cum
1096 1566 1300 1619 scriptura
1331 1565 1473 1606 diuina
1493 1564 1687 1617 loquatur

178 1638 220 1679 et
250 1637 380 1679 dicat:
414 1637 742 1679 sacrificium
772 1638 872 1678 Deo
904 1636 1127 1690 spiritus
1160 1634 1570 1682 contribulatus,
1604 1645 1731 1674 cor20

178 1707 467 1747 contritum
499 1708 548 1747 et
577 1706 918 1747 humiliatum
949 1706 1082 1746 Deus
1115 1717 1209 1745 non
1242 1702 1483 1755 despicit.
1516 1702 1591 1743 hoc
1612 1714 1685 1743 uos

178 1776 424 1817 sacrificium
456 1776 540 1817 Deo
573 1775 742 1825 offertis,
775 1775 850 1816 hoc
883 1773 1130 1816 sacrificium
1163 1772 1250 1814 sine
1282 1771 1588 1813 intermissione
1619 1771 1684 1812 die

177 1857 222 1885 ac
252 1845 370 1886 nocte
409 1844 636 1894 celebratis,
680 1843 839 1884 hostiae
870 1843 970 1884 facti
1001 1843 1087 1883 Deo
1121 1843 1161 1883 et
1191 1842 1352 1882 uosmet
1382 1841 1491 1894 ipsos
1523 1842 1684 1881 sanctas

177 1913 309 1966 adque
356 1913 631 1954 inmaculatas
678 1912 871 1953 uictimas
914 1911 1165 1960 exhibentes,
1213 1910 1319 1951 sicut
1360 1909 1568 1963 apostolus
1611 1909 1683 1950 ad-

313 2067 356 2101 11
383 2067 428 2101 cf.
455 2066 548 2100 Phil.
575 2066 607 2107 3,
632 2066 687 2100 21.
783 2065 828 2099 20
854 2065 911 2100 Ps.
938 2066 991 2107 50,
1020 2066 1073 2100 19.

245 2212 265 2244 1
282 2210 482 2255 laboribus]
500 2211 676 2245 latoribus
695 2211 731 2245 R
749 2221 769 2243 a
787 2220 831 2244 ex
849 2221 872 2243 u
1018 2208 1040 2242 2
1059 2207 1172 2241 iacere
1195 2207 1224 2242 Ο
1238 2217 1264 2240 s.
1280 2206 1301 2240 Z.
1317 2217 1361 2240 m.
1378 2207 1403 2240 2
1547 2205 1685 2248 squale—

175 2269 254 2301 rent
280 2269 323 2303 (1¹
455 2270 491 2302 et
509 2268 620 2313 sorde]
641 2268 782 2302 ecsordc
801 2268 836 2302 R
855 2278 870 2300 s
889 2277 980 2301 eras.
1109 2265 1130 2299 3
1149 2264 1298 2298 alluitur
1322 2264 1350 2299 G
1473 2262 1495 2296 4
1512 2262 1586 2295 illis
1605 2262 1639 2296 R

176 2327 214 2360 at
232 2337 297 2360 om.
324 2327 398 2368 CR,
419 2328 481 2360 aut
498 2327 544 2361 Μ
552 2330 558 2347 ¹
737 2326 810 2360 solo
828 2336 917 2369 panc
942 2325 990 2359 Cv
1167 2324 1188 2356 5
1207 2321 1425 2366 algentibus]
1447 2320 1635 2364 egentibus
1659 2320 1687 2354 C

178 2395 221 2428 eg
240 2394 282 2417 ex
300 2395 345 2428 ag
462 2385 483 2418 6
501 2384 703 2418 semitonsis
721 2384 758 2418 L
873 2382 1009 2416 scmito.
1028 2381 1065 2414 Si
1083 2380 1223 2424 capillis
1242 2379 1393 2422 capillus
1416 2378 1460 2412 Οι
1583 2377 1601 2411 7
1622 2377 1682 2420 sit]

176 2441 226 2474 sic
243 2441 279 2476 R
434 2441 518 2474 illut
536 2441 649 2484 capud
665 2441 714 2475 M
865 2441 886 2474 8
903 2439 946 2473 ob
965 2450 1030 2473 om.
1050 2438 1083 2473 R
1236 2436 1378 2470 domino
1397 2435 1459 2477 R',
1479 2434 1574 2469 domi
1597 2435 1637 2469 O¹

175 2500 196 2532 9
214 2499 320 2542 tetra]
339 2500 398 2532 tra
416 2499 461 2539 R,
480 2500 575 2532 tetra
594 2509 639 2533 em
655 2499 757 2542 tegra
781 2498 811 2533 Ο
825 2498 886 2532 sed
904 2498 946 2531 ‘m
963 2507 1072 2541 mary.
1091 2495 1192 2529 foeda
1407 2492 1451 2526 10
1467 2492 1587 2526 brebis
1605 2491 1639 2526 R

176 2557 271 2591 clara
288 2558 323 2590 et
342 2558 394 2599 M,
414 2558 509 2592 clara
532 2558 561 2593 C
687 2557 730 2590 11
748 2555 942 2590 mercedem
964 2555 993 2590 O
1114 2552 1315 2587 mutabitur
1334 2551 1369 2586 R
1386 2562 1422 2584 m
1438 2561 1466 2586 s.
1485 2551 1520 2594 l„
1538 2549 1684 2584 donabi-

174 2617 235 2648 tur
253 2626 298 2649 eo:
316 2616 437 2650 obitur
460 2616 489 2650 C
635 2615 679 2649 12
696 2603 827 2654 dfffi‘M,
845 2601 920 2647 (1Ἑό
937 2612 981 2648 01
1121 2611 1164 2644 13
1182 2611 1332 2654 corporis
1357 2608 1447 2644 οΜ2
1586 2607 1630 2640 14
1647 2607 1684 2640 in

179 2673 256 2717 illo]
276 2674 340 2707 illo
360 2673 473 2708 PRV
629 2671 766 2716 aliquid
783 2671 831 2705 M
982 2670 1045 2703 aut
1062 2679 1126 2703 om.
1146 2667 1233 2702 MV
1384 2664 1575 2709 relegionis
1594 2664 1643 2697 M

178 2730 221 2765 15
239 2731 313 2775 aut]
334 2742 373 2764 ac
392 2731 427 2765 R
574 2730 678 2774 nunc]
698 2740 767 2763 non
785 2740 865 2772 exp.
890 2728 919 2763 G
1068 2726 1110 2760 17
1129 2724 1411 2760 celebratissimo
1429 2723 1477 2757 M
1576 2721 1683 2755 immo

175 2787 288 2831 adque
306 2788 440 2822 offertis
459 2799 524 2822 om.
551 2788 579 2823 Ο
729 2786 792 2820 deo
810 2786 857 2830 et]
877 2785 940 2819 deo
965 2784 1031 2820 CR
1183 2782 1226 2816 18
1243 2781 1345 2815 nobis
1369 2780 1434 2816 CR
1580 2778 1684 2812 retri-

176 2845 340 2880 butiones
363 2846 392 2881 (J
407 2857 442 2880 es
461 2856 505 2880 ex
523 2845 553 2879 is
694 2844 737 2878 21
757 2843 903 2887 dispicit
926 2842 956 2877 G
1092 2841 1136 2874 22
1154 2840 1222 2884 (110]
1243 2839 1325 2873 dum
1344 2837 1399 2871 dic
1424 2837 1453 2872 (J
