1838 3152
245 212 326 254 698
778 209 970 244 Caecilii
995 209 1207 255 Cypriani

243 314 428 368 perficiat
458 314 500 355 in
530 314 647 355 uobis
679 314 940 356 confessionis
972 315 1132 356 uestrae
1162 315 1384 368 gloriosam
1424 327 1632 357 coronam:
1674 317 1744 370 qui

244 385 285 425 et
323 384 373 424 ad
412 384 487 424 hoc
526 395 598 424 uos
637 382 810 425 fortasse
848 383 1070 434 reuocauit,
1111 396 1161 424 ne
1201 384 1334 438 gloria
1366 386 1472 425 esset
1502 385 1675 435 occulta,
1709 385 1744 427 si

243 452 342 494 foris
382 452 516 493 essent
558 451 822 493 confessionis
861 453 1024 494 uestrae
1064 454 1349 495 consummata
1392 454 1603 507 martyria.
1651 467 1746 495 nam

243 521 415 562 uictima
446 532 549 573 quae
579 520 830 562 fraternitati
864 520 1031 573 praebet
1062 521 1294 574 exemplum
1325 523 1366 563 et
1395 521 1566 563 uirtutis
1588 523 1628 563 et
1650 522 1746 563 fidei

241 589 524 644 praesentibus
556 589 677 631 debet
707 589 905 631 fratribus
935 590 1139 632 inmolari.
1174 591 1363 643 optamus
1384 591 1439 642 te,
1471 589 1597 632 frater
1619 591 1774 634 caris-5

245 659 360 710 sime,
394 671 554 712 semper
584 659 685 701 bene
717 658 868 700 ualere.

604 851 1098 923 EPISTVLA
1145 851 1376 924 LXII.

244 999 511 1036 CYPRIANVS
549 999 785 1034 IANVARIO
821 999 1014 1035 MAXIMO
1052 999 1265 1035 PROCVLO
1307 999 1496 1035 VICTORI
1528 1000 1748 1036 MODIANO

366 1057 644 1092 NEMESIANO
669 1056 901 1092 NAMPVLO
926 1056 985 1090 ΕΤ
1011 1056 1270 1092 HONORATO
1296 1054 1565 1091 FRATRIBVS
1590 1057 1623 1092 S.

200 1200 215 1239 l
294 1196 397 1238 Cum
418 1195 597 1237 maximo
619 1195 747 1237 animi
767 1195 896 1237 nostri
918 1196 1078 1249 gemitu
1101 1196 1142 1236 et
1163 1207 1242 1237 non
1259 1195 1345 1237 sine
1362 1195 1544 1238 lacrimis
1561 1196 1740 1251 legimus
1766 1212 1802 1237 ιο

237 1265 401 1307 litteras
432 1266 604 1315 uest1·aS‚
642 1264 791 1306 fratres
827 1264 1045 1314 carissimi,
1082 1276 1182 1317 quas
1219 1264 1270 1306 ad
1307 1276 1379 1305 nos
1414 1277 1486 1317 pro
1514 1264 1749 1306 dilectionis

238 1335 399 1376 uestrae
416 1334 695 1375 sollicitudine
717 1334 766 1375 de
788 1333 965 1375 fratrum
986 1335 1220 1375 nostrorum
1238 1334 1279 1375 et
1297 1345 1481 1375 sororum
1504 1334 1748 1387 captiuitate

236 1403 407 1445 fecistis.
448 1403 539 1456 quis
571 1403 679 1444 enim
708 1415 787 1444 non
816 1403 951 1444 doleat
972 1403 1015 1444 in
1036 1402 1237 1444 eiusmodi
1266 1402 1427 1444 casibus
1456 1403 1528 1444 aut
1558 1402 1649 1455 quis
1670 1414 1749 1444 non

239 1473 421 1514 dolorem
443 1471 584 1514 fratris
607 1473 653 1513 ut
675 1485 796 1513 suum
818 1472 1030 1526 proprium
1052 1472 1272 1524 computet,
1307 1484 1401 1513 cum
1428 1471 1621 1524 loquatur
1649 1483 1746 1525 apo-

238 1542 370 1583 stolus
416 1541 570 1582 Paulus
622 1542 663 1582 et
709 1540 839 1582 dicat:
893 1540 937 1581 si
983 1541 1196 1593 patitur
1240 1540 1533 1582 membrum
1577 1553 1794 1591 Unum‚15

239 1610 642 1663 compatiuntur
693 1610 740 1651 et
791 1611 961 1651 cetera
1010 1609 1263 1651 membra:
1322 1610 1371 1651 et
1416 1609 1459 1650 si
1509 1608 1750 1651 laetatur

239 1679 523 1721 membrum
554 1692 726 1729 unum,
760 1678 1122 1720 collaetantur
1153 1678 1201 1719 et
1232 1678 1405 1719 cetera
1435 1678 1673 1720 membra.
1707 1678 1748 1725 et

240 1749 321 1791 alio
361 1749 462 1799 1000,
510 1747 630 1801 quis
672 1747 1003 1797 infirmatur,
1045 1747 1200 1800 inquit,
1243 1748 1293 1788 et
1333 1759 1425 1801 ego
1465 1758 1558 1788 non
1598 1746 1746 1788 infir-

239 1820 372 1860 mor?
412 1830 535 1871 quare
567 1830 675 1859 nunc
707 1818 748 1858 et
778 1817 895 1858 nobis
918 1816 1141 1870 captiuitas
1163 1816 1341 1858 fratrum
1362 1817 1502 1859 nostra
1524 1815 1745 1869 captiuitas

241 1888 518 1941 computanda
548 1887 609 1929 est
638 1887 680 1929 et
708 1886 1034 1939 periclitantium
1058 1885 1171 1927 dolor
1192 1897 1263 1939 pro
1284 1886 1422 1927 nostro
1444 1885 1580 1926 dolore
1601 1897 1746 1927 nume·
1761 1899 1796 1926 20

241 1957 393 2000 randus
415 1957 489 2007 est,
513 1969 607 1998 eum
630 1956 685 1997 sit
707 1956 866 1997 scilicet
895 1955 1157 1997 adunationis
1185 1955 1347 1996 nostrae
1378 1955 1418 1996 et
1447 1966 1592 2006 corpus
1620 1967 1749 1996 unum

242 2028 283 2069 et
303 2038 382 2068 non
403 2026 569 2068 tantum
591 2026 757 2068 dilectio
780 2026 850 2067 sed
873 2026 913 2066 et
934 2025 1079 2079 religio
1102 2023 1302 2078 instigare
1323 2035 1395 2065 nos
1418 2023 1564 2064 debeat
1586 2023 1626 2066 et
1656 2035 1751 2065 con-

243 2096 395 2138 fortare
417 2095 467 2138 ad
489 2095 668 2137 fratrum
698 2094 884 2136 membra
906 2094 1154 2135 redimenda.

385 2246 426 2279 15
451 2244 468 2278 I
496 2244 571 2280 Cor.
599 2244 654 2284 12,
678 2243 732 2278 26.
830 2243 873 2277 18
898 2243 935 2277 II
962 2242 1038 2277 Cor.
1066 2243 1120 2283 11,
1144 2241 1200 2276 29.

316 2385 333 2417 1
352 2383 454 2418 nobis
473 2383 559 2417 LM
572 2381 687 2425 (uobis
711 2381 753 2426 (2)
895 2382 1035 2415 uestrae
1052 2383 1088 2415 et
1105 2381 1140 2415 L
1292 2381 1314 2414 2
1331 2381 1367 2414 et
1384 2379 1428 2413 ad
1446 2390 1490 2414 ex
1508 2379 1550 2413 ad
1569 2379 1603 2413 L
1620 2390 1664 2413 m.
1683 2382 1705 2414 2

244 2442 300 2486 110]
319 2452 382 2475 1100
399 2441 427 2486 Q
519 2440 541 2474 4
558 2439 714 2484 exemplo
734 2439 762 2484 Q
779 2439 991 2483 (exemplum
1006 2439 1067 2482 M)
1155 2438 1263 2482 prius
1280 2439 1316 2471 et
1333 2448 1398 2472 om.
1414 2437 1535 2471 LPM
1549 2437 1643 2480 (each.
1662 2436 1708 2481 Q)

245 2500 267 2534 ὃ
283 2498 532 2543 praesentibus
557 2497 663 2531 debet
685 2496 873 2541 fratribus]
899 2497 1084 2541 praesente
1102 2495 1205 2540 plebe
1222 2495 1335 2540 possit
1353 2495 1392 2529 F
1573 2493 1752 2537 inmolari]

244 2557 425 2591 immorari
456 2554 573 2600 PQT,
603 2554 772 2589 celebrari
797 2553 837 2588 F
1040 2555 1204 2597 optamus
1229 2578 1234 2584 .
1251 2579 1258 2586 .
1275 2579 1281 2586 .
1307 2552 1427 2586 ualere
1457 2562 1522 2586 om.
1550 2551 1594 2585 L.
1626 2571 1668 2575 —
1698 2549 1754 2584 Ad

245 2614 417 2658 (Explicit
447 2613 491 2647 ad
509 2613 556 2657 P)
587 2612 736 2647 Lucium
761 2612 803 2646 de
829 2611 935 2646 exilio
964 2622 1144 2646 reuersum
1175 2610 1322 2655 explicit
1351 2609 1519 2654 (explicat
1544 2609 1588 2650 L,
1620 2619 1685 2643 om.
1706 2608 1753 2653 P)

244 2671 432 2716 FLPQT.
452 2691 494 2695 -

314 2727 427 2772 Epist.
454 2727 567 2762 LXII.
599 2747 643 2752 —
672 2726 727 2761 Ad
752 2726 959 2760 Ianuarium
991 2727 1028 2759 et
1057 2727 1192 2759 ceteros
1221 2724 1263 2758 de
1294 2724 1449 2769 captiuis
1478 2723 1692 2758 redimendis
1716 2736 1753 2767 μ,

245 2796 311 2820 om.
329 2796 359 2819 r.
379 2805 421 2810 —-
440 2785 484 2819 14
500 2786 542 2819 ut
558 2784 700 2828 scripsi,
719 2785 755 2818 et
772 2794 830 2828 τμ,
848 2783 902 2817 sui
920 2794 940 2817 v
1080 2783 1122 2817 15
1139 2782 1266 2827 paulus
1285 2781 1466 2826 apostolus
1485 2794 1510 2825 μ
1643 2790 1754 2814 unum

245 2843 440 2878 membrum
462 2854 479 2878 v
582 2843 625 2876 16
642 2843 679 2876 et
696 2843 726 2876 si
744 2855 780 2886 μ,
799 2841 828 2876 si
845 2852 886 2885 v,·
905 2843 941 2875 et
959 2840 988 2874 si
1010 2867 1015 2872 .
1033 2867 1039 2874 .
1056 2867 1061 2872 .
1085 2842 1201 2874 cetera
1217 2839 1376 2874 membra
1391 2849 1454 2874 om.
1475 2849 1495 2872 r
1597 2837 1641 2871 18
1658 2837 1751 2882 quis]

246 2899 325 2944 quis
343 2911 411 2934 non
431 2911 449 2934 r
576 2910 644 2933 non
662 2910 726 2943 ego
745 2910 766 2935 υ
894 2899 937 2932 21
956 2900 991 2932 01,
1008 2898 1145 2942 corpus]
1165 2908 1288 2942 corpus
1307 2908 1328 2932 v
1455 2896 1499 2930 22
1517 2894 1709 2930 confortari
1728 2907 1753 2939 μ
