1838 3152
150 220 234 262 656
685 217 879 252 Caecilii
905 198 1121 261 Cypriani

156 322 316 375 saepius
340 321 569 363 admoneri:
601 322 648 362 de
671 321 786 363 cuius
808 333 881 374 ope
904 323 943 363 et
964 322 1117 374 pietate
1141 322 1211 374 qui
1233 322 1275 363 in
1298 335 1394 364 eum
1417 322 1658 364 confidimus

151 403 367 443 possumus
402 403 487 432 esse
523 391 666 440 securi,
701 391 795 443 quia
828 390 897 443 qui
927 391 970 432 in
998 403 1097 443 pace
1128 390 1337 432 militibus
1368 390 1452 432 suis
1474 390 1656 432 futuram

151 459 413 513 praenuntiat
436 472 616 513 pugnam
635 459 750 500 dabit
768 459 1049 501 militantibus
1062 459 1103 500 in
1124 460 1408 513 congressione
1429 460 1659 502 uictoriam.

151 530 340 582 optamus
361 529 415 575 te,
439 528 566 570 fra-ter
588 529 809 571 carissime.
834 541 994 582 semper
1015 529 1115 570 bene
1138 530 1289 570 ualere.

490 720 978 793 EPISTVLA
1046 721 1324 793 LVIII.

385 857 649 892 CYPRIANVS
675 858 817 891 PLEBI
845 858 1046 892 'I‘HIBARI
1073 856 1382 892 CONSISTENTI
1409 858 1441 892 S.

219 971 506 1025 Cogitaueram
540 973 718 1024 quidem,
753 972 901 1014 fratres
933 973 1207 1026 dilectissimi,
1242 974 1363 1025 atque
1395 973 1437 1014 in
1459 973 1568 1015 uotis
1590 973 1664 1014 ha-

159 1041 320 1088 bebam,
352 1040 386 1081 si
418 1053 554 1081 reruni
586 1041 691 1082 ratio
717 1054 763 1082 ac
789 1042 988 1095 temporis
1013 1042 1194 1082 condicio
1222 1042 1496 1095 permitteret,
1522 1054 1666 1084 secun—

157 1111 257 1152 dum
291 1110 399 1163 quod
428 1109 662 1163 frequenter
690 1110 969 1164 desiderastis,
1003 1111 1089 1164 ipse
1111 1110 1161 1151 ad
1183 1122 1256 1152 uos
1279 1111 1431 1161 uenire,
1465 1112 1505 1152 et
1536 1124 1664 1163 quan-

155 1179 422 1231 tulacumque
445 1179 729 1220 mediocritate
752 1179 1047 1220 exhortationis
1069 1179 1232 1220 nostrae
1254 1191 1445 1231 praesens
1467 1179 1554 1220 illic
1575 1178 1658 1220 fra-
1676 1195 1708 1219 ιο

155 1247 396 1289 ternitatem
428 1247 695 1288 corroborare.
731 1247 801 1289 sed
834 1248 1025 1300 quoniam
1058 1249 1116 1289 sic
1147 1247 1267 1289 rebus
1299 1247 1571 1302 urguentibus
1594 1247 1665 1289 de-

157 1318 339 1359 tinemur
360 1317 408 1357 ut
428 1316 549 1370 longe
570 1315 694 1357 istinc
716 1328 924 1358 excurrere
947 1317 987 1358 et
1010 1317 1080 1358 diu
1100 1329 1122 1357 a
1139 1316 1257 1370 plebe
1280 1316 1346 1357 cui
1369 1316 1417 1357 de
1439 1316 1581 1358 diuina
1602 1316 1666 1357 in-

160 1386 375 1440 dulgentia
406 1397 648 1438 praesumus
680 1385 821 1427 abesse
843 1397 920 1427 non
945 1386 1064 1427 detur
1086 1385 1275 1435 facultas,
1308 1386 1380 1426 has
1402 1385 1573 1426 interim
1594 1397 1666 1438 pro

158 1468 224 1497 me
255 1456 305 1496 ad
336 1466 408 1495 uos
440 1454 615 1495 nicar-ias
652 1454 815 1495 litteras
853 1454 961 1496 misi.
1004 1468 1100 1496 nam
1133 1467 1226 1496 cum
1257 1454 1424 1495 Domini
1461 1454 1667 1495 instruen-

157 1525 213 1566 tis
244 1523 482 1578 dignatione
514 1523 760 1577 instigemur
791 1523 952 1576 saepius
984 1525 1024 1565 et
1055 1523 1361 1573 admoneamur,
1402 1523 1453 1564 ad
1484 1524 1666 1564 uestram
1681 1538 1717 1561 15-

162 1605 320 1647 quoque
360 1593 650 1634 conscientiam
690 1592 984 1634 admonitionis
1016 1594 1180 1634 nostrae
1213 1592 1538 1634 sollicitudinem
1569 1604 1663 1645 per-

158 1662 263 1704 ferre
295 1661 502 1703 debemus.
546 1662 647 1703 scire
680 1662 790 1702 enim
821 1662 981 1703 debetis
1014 1663 1054 1704 et
1085 1675 1156 1715 pro
1190 1664 1299 1703 certo
1332 1662 1494 1703 credere
1526 1674 1572 1702 ac
1604 1662 1666 1702 te-

159 1744 253 1773 nere
275 1743 485 1784 pressurae
509 1731 618 1772 diem
642 1743 762 1783 super
784 1731 908 1784 caput
928 1743 1014 1773 esse
1037 1732 1215 1784 coepisse
1239 1732 1279 1772 et
1302 1743 1491 1772 occasum
1514 1729 1668 1771 saeculi

161 1803 283 1854 atque
315 1800 550 1842 antichristi
590 1801 753 1853 tempus
786 1801 1155 1854 adpropinquasse,
1198 1802 1245 1842 ut
1276 1800 1411 1853 parati
1443 1811 1585 1840 omnes
1616 1799 1667 1839 ad

160 1870 363 1923 proelium
396 1871 553 1910 stemus
583 1881 657 1910 nec
696 1869 916 1922 quicquam
947 1869 1027 1911 nisi
1060 1869 1234 1924 gloriam
1266 1869 1377 1910 uitae
1409 1869 1595 1909 aeternae
1627 1869 1668 1909 et
1681 1882 1720 1907 20·

162 1951 351 1981 coronam
383 1938 647 1980 confessionis
679 1938 909 1979 dominicae
941 1938 1193 1992 cogitemus,
1232 1950 1305 1979 nec
1337 1937 1531 1991 putemus
1564 1936 1667 1977 talia

162 2021 247 2051 esse
279 2021 381 2062 quae
413 2008 585 2049 ueniunt
617 2007 756 2060 qualia
787 2007 954 2049 fuerunt
985 2008 1060 2049 illa
1082 2020 1184 2061 quae
1206 2008 1469 2049 transierunt.
1505 2005 1669 2061 grauior

231 2135 246 2168 1
269 2134 453 2167 admonere
475 2135 510 2173 C,
528 2131 757 2166 admonemur
774 2143 794 2167 v
873 2142 912 2166 ac
929 2132 1066 2176 pietate
1086 2133 1121 2172 C,
1141 2132 1352 2176 accipietate
1371 2131 1407 2167 R
1477 2130 1499 2165 2
1516 2130 1589 2164 suis
1609 2157 1615 2162 .
1633 2157 1640 2163 .
1654 2155 1662 2161 .

163 2190 408 2225 militantibus
426 2201 492 2224 om.
512 2190 546 2224 R
678 2190 700 2223 3
717 2190 1001 2234 congressionem
1018 2190 1065 2224 M
1082 2189 1341 2234 (congressione
1365 2188 1408 2233 Q)
1532 2187 1554 2221 4
1571 2188 1670 2231 opta-

161 2260 239 2283 mus
259 2275 265 2281 .
282 2275 289 2282 .
307 2278 311 2282 .
334 2249 451 2282 ualere
469 2259 533 2282 om.
558 2246 657 2291 CLQ
789 2246 981 2291 carissime]
1003 2247 1228 2281 sanctissime
1247 2247 1285 2280 in
1302 2235 1432 2281 dfiovR.
1454 2265 1494 2270 ——
1513 2245 1568 2279 Ad
1587 2244 1670 2280 Cor-

161 2307 294 2340 nelium
325 2307 372 2348 (**
400 2305 512 2349 lapsis
542 2305 626 2338 add.
652 2304 699 2345 F,
734 2305 776 2338 de
805 2304 916 2348 lapsis
949 2304 1032 2338 add.
1060 2304 1105 2346 L,
1141 2304 1297 2347 epistula
1328 2302 1479 2338 secunda
1509 2302 1595 2336 aclcl.
1627 2301 1669 2346 Q)

162 2363 307 2407 explicit
324 2363 395 2397 FL
404 2362 479 2407 QR,
500 2362 658 2406 Explicit
676 2361 720 2395 ad
738 2362 940 2395 Cornelium
961 2361 1015 2404 (de
1033 2361 1145 2406 lapsis
1164 2362 1247 2396 add.
1269 2361 1316 2405 P)
1337 2361 1411 2396 GP.
1432 2380 1470 2385 —

232 2420 345 2464 Epist.
365 2420 498 2454 LVIII.
517 2439 560 2444 ——
579 2419 714 2463 Incipit
740 2418 782 2452 ad
807 2419 1050 2453 tibarithanos
1071 2419 1110 2464 Q,
1137 2418 1271 2463 Incipit
1290 2418 1334 2453 ad
1351 2417 1568 2452 tibaritanos
1587 2416 1669 2457 BR,

161 2477 298 2522 Incipit
315 2477 358 2511 ad
376 2477 636 2511 Thebaritanos
662 2476 906 2510 exhortatoria
923 2477 968 2510 P.
987 2497 1030 2500 —
1049 2476 1069 2510 9
1087 2476 1246 2510 uenirem
1265 2476 1301 2511 R
1442 2474 1671 2519 quantulum-

162 2546 311 2579 cumque
334 2534 373 2579 Q,
391 2533 790 2579 quantulamcumqueR
931 2533 975 2567 10
991 2533 1274 2568 mediocritatem
1292 2533 1328 2568 R
1445 2533 1487 2566 11
1506 2531 1671 2566 conrobo-

165 2603 280 2627 rarcrn
298 2592 371 2627 BR
504 2591 737 2636 uergentibus
756 2591 791 2626 B
932 2591 975 2625 12
993 2602 1211 2625 excurrerem
1229 2591 1265 2626 R
1404 2590 1447 2624 13
1464 2589 1569 2623 datur
1586 2589 1635 2622 M
1637 2589 1671 2623 ἳυ

164 2650 280 2693 (detur
297 2650 345 2684 M
355 2649 411 2694 ¹Q)
522 2649 566 2683 14
583 2649 627 2683 ad
644 2659 705 2683 uos
723 2659 791 2683 om.
810 2649 846 2683 P
950 2648 1124 2683 struentis
1141 2649 1177 2683 R
1283 2649 1327 2682 15
1344 2647 1572 2682 admonemur
1590 2646 1626 2680 R

164 2708 207 2742 16
222 2706 464 2741 sollicitudine
478 2707 514 2741 P
607 2706 650 2739 18
668 2706 783 2750 coepis
798 2705 832 2740 R
926 2707 962 2739 et
977 2716 1042 2739 om.
1058 2705 1095 2740 B
1188 2706 1232 2740 20
1247 2704 1451 2749 quicquam]
1471 2714 1576 2747 quam
1591 2703 1627 2738 R

164 2765 297 2809 gloria*
322 2764 411 2810 MQ,
443 2764 576 2809 gloriae
602 2764 648 2806 B,
678 2764 793 2808 gloria
818 2764 854 2798 R
993 2763 1033 2797 2]
1063 2764 1279 2798 concitemus
1305 2762 1341 2798 R
1480 2762 1524 2796 22
1550 2760 1672 2805 quales

166 2818 301 2873 fuerint
319 2839 381 2873 ille
399 2838 435 2874 R

1789 99 1796 121 ,-
1791 87 1793 90 .
1776 0 1796 78 ςιιοιά
