1912 3152
185 219 211 260 6
701 214 894 251 Caecilii
919 214 1134 259 Cypriani

184 320 405 361 crederem:
447 319 505 361 sic
532 318 647 360 uitiis
682 318 991 360 adhaerentibus
1019 316 1293 359 obsecundans
1321 328 1452 366 eram,
1491 317 1678 368 despera-

183 388 291 429 tione
320 387 534 428 meliorum
562 387 683 428 malis
714 387 814 427 meis
845 386 957 426 uelut
986 385 1070 426 iam
1097 384 1271 438 propriis
1307 396 1353 425 ac
1381 383 1609 426 uernaculis
1638 384 1679 426 et

182 455 384 497 fallebam.
426 456 495 497 sed
523 456 739 508 postquam
770 454 899 495 undae
929 452 1130 507 genetalis
1159 452 1310 494 auxilio
1340 452 1558 506 superioris
1588 452 1679 494 aeui

182 524 272 566 labe
294 525 450 565 detersa
470 523 512 564 in
533 523 739 576 expiatum
759 523 899 575 pectus
922 534 967 562 ac
988 534 1136 575 purum
1159 521 1330 573 desuper
1351 533 1392 561 se
1412 520 1551 562 lumen
1571 520 1679 562 infu-

181 592 262 642 dit,
295 593 509 645 postquam
531 591 700 633 caelitus
722 591 870 643 spiritu
886 590 1030 631 hausto
1052 590 1094 630 in
1114 601 1266 630 nouum
1288 601 1352 630 me
1374 589 1583 630 hominem
1604 602 1677 630 na·
1709 608 1722 633 5

180 660 323 701 tinitas
359 661 530 701 secunda
559 659 786 712 reparauit‚
809 659 960 699 mirum
981 658 1023 699 in
1043 658 1211 699 modum
1231 658 1418 710 protinus
1440 657 1677 700 confirmare

181 740 221 769 se
242 728 383 777 dubia,
416 729 550 780 patere
573 728 727 778 clausa,
760 727 893 768 lucere
914 727 1144 776 tenebrosa,
1176 725 1417 767 facultatem
1446 726 1541 768 dare
1571 726 1678 779 quod

179 796 290 849 prius
312 796 476 836 difficile
504 796 739 845 uidebatur,
773 796 858 849 geri
887 807 1002 847 posse
1033 796 1139 847 quod
1169 794 1406 847 inpossibile
1437 795 1674 848 putabatur,

179 865 224 905 ut
245 865 351 905 esset
372 876 586 918 agnoscere
614 865 820 905 terrenum
841 863 987 914 fnisse,
1026 864 1131 916 quod
1152 863 1265 916 prius
1289 863 1509 904 carnaliter
1530 864 1674 905 natum

180 933 338 974 delictis
367 932 582 974 obnoxium
611 932 786 981 uiueret,
819 931 895 971 Dei
924 944 1009 972 esse
1032 930 1228 983 coepisse,
1262 931 1475 984 quodiam
1497 930 1674 985 Spiritus
1691 949 1721 973 ιο

179 1002 338 1042 sanctus
360 1001 568 1042 animaret.
592 1001 669 1042 scis
686 999 866 1053 profecto
884 1000 923 1040 et
939 1012 1099 1041 mecum
1119 999 1272 1052 pariter
1289 1000 1554 1054 recognoscis,
1577 1001 1676 1054 quid

177 1069 397 1110 detraxerit
418 1069 533 1110 nobis
563 1068 711 1121 quidue
732 1068 951 1109 contulerit
971 1079 1080 1109 mors
1102 1068 1182 1111 ista
1204 1068 1445 1119 criminum,
1479 1069 1567 1110 uita
1589 1069 1674 1110 uir-

177 1138 324 1178 tutum.
359 1136 435 1178 scis
456 1137 560 1189 ipse,
593 1149 664 1178 nec
685 1137 883 1189 praedico.
917 1137 959 1178 in
979 1137 1162 1189 proprias
1183 1136 1325 1178 laudes
1347 1137 1485 1179 odiosa
1507 1138 1673 1180 iactatio

178 1206 256 1247 est:
290 1205 475 1257 quamuis
515 1217 594 1246 non
627 1205 826 1246 iactatum
863 1205 992 1257 possit
1025 1217 1110 1246 esse
1143 1205 1213 1246 sed
1249 1207 1438 1259 gratum⁷
1479 1206 1673 1260 quicquid

176 1285 253 1314 non
274 1274 420 1314 uirtuti
447 1273 624 1314 hominis
654 1273 920 1323 adscribitur,
953 1274 1022 1314 sed
1044 1274 1091 1314 de
1112 1273 1190 1315 Dei
1211 1287 1377 1316 munere
1399 1275 1670 1328 praedicatur,
1686 1293 1716 1318 15

176 1342 221 1382 ut
251 1341 334 1382 iam
361 1354 439 1382 non
468 1354 631 1395 peccare
653 1355 737 1383 esse
769 1343 944 1395 coeperit
965 1342 1078 1393 fidei,
1111 1343 1217 1396 quod
1246 1344 1341 1385 ante
1361 1344 1574 1397 peccatum
1596 1346 1669 1394 est⁷

175 1409 298 1451 fuerit
319 1410 462 1451 erroris
484 1410 663 1451 humani.
695 1411 771 1452 Dei
793 1412 874 1461 est,
907 1412 1088 1464 inquam,
1122 1411 1197 1452 Dei
1219 1424 1359 1463 omne,
1401 1413 1507 1466 quod
1528 1425 1671 1466 possu-

176 1490 279 1518 mus.
311 1479 404 1520 inde
426 1478 625 1529 uiuimus,
658 1479 750 1520 inde
772 1480 995 1533 pollemus,
1028 1480 1122 1522 inde
1145 1481 1310 1534 sumpto
1332 1482 1373 1522 et
1395 1482 1587 1534 concepto
1610 1482 1674 1523 ui-

174 1558 269 1600 gore
290 1547 355 1587 hic
380 1547 510 1588 adhuc
534 1548 656 1600 positi
674 1547 903 1589 futurorum
921 1549 1070 1590 indicia
1092 1550 1415 1602 praenoscimus:
1441 1550 1495 1592 sit
1510 1551 1674 1591 tantum

174 1615 295 1656 timor
316 1616 564 1656 innocentiae
593 1617 746 1666 custos,
778 1618 824 1658 ut
854 1617 922 1670 qui
952 1618 995 1659 in
1015 1619 1171 1660 mentes
1201 1619 1360 1660 nostras
1393 1619 1672 1673 indulgentiae
1688 1636 1719 1661 20

175 1683 358 1725 caelestis
380 1683 549 1738 adlapsu
568 1684 786 1726 clementer
807 1686 1007 1727 Dominus
1028 1686 1202 1739 influxit,
1225 1687 1269 1728 in
1285 1687 1412 1728 animi
1430 1687 1671 1730 oblectantis

242 1814 260 1849 1
288 1814 350 1858 sic]
368 1814 478 1858 signis
497 1816 532 1849 P
615 1817 649 1849 et
666 1816 905 1861 desperatione
922 1829 943 1851 v
1040 1819 1062 1854 :2
1088 1819 1201 1852 ueluti
1218 1831 1238 1854 v
1346 1819 1544 1856 uernaculis
1569 1820 1604 1854 P

173 1872 206 1904 et
220 1871 380 1905 fanebani
397 1872 451 1911 W,
477 1872 668 1906 effauebam
678 1874 767 1915 MR,
783 1874 945 1909 fauebam
956 1875 1020 1916 Pr,
1035 1875 1430 1917 offariebaxriBalvczi1zc⁴9‚
1459 1876 1670 1911 adfauebam

173 1938 190 1961 υ
207 1931 240 1961 et
258 1928 409 1972 Achust.
430 1929 449 1962 l.
467 1940 493 1963 c.
566 1930 588 1965 3
614 1930 741 1974 undae]
760 1930 881 1965 mnndi
899 1932 946 1966 M
1011 1933 1182 1976 genitalis
1206 1934 1290 1967 WP
1351 1934 1377 1969 4
1403 1945 1564 1968 serenum
1581 1934 1665 1968 add.

166 1989 247 2028 post
263 1987 383 2029 pectus
393 1986 570 2020 Balzczz'ns
641 1987 662 2022 6
676 1993 759 2031 post
776 1990 956 2033 reparauit
974 1990 1109 2025 desinit
1126 1992 1167 2025 in
1184 1991 1233 2025 M
1242 1992 1494 2036 apoymphum
1509 1993 1667 2035 primum

171 2042 275 2086 (M¹)‚
302 2044 464 2086 sequitur
488 2045 595 2078 alteri
619 2047 830 2089 apoyrapho
850 2048 1093 2090 praemissum
1125 2049 1331 2092 epistolium
1355 2049 1448 2083 illud
1481 2049 1667 2093 ficticimn,

169 2099 262 2142 quod
287 2110 304 2133 e
328 2100 446 2135 codice
476 2101 732 2136 Cambronensi
754 2104 894 2146 primns
912 2105 1027 2139 edidit
1046 2106 1252 2140 Pamelius:
1281 2116 1449 2140 DONATUS
1480 2117 1666 2141 CYPRIANO

169 2165 285 2190 cunno
311 2168 355 2191 Ti:
380 2158 530 2192 retinere
549 2160 768 2194 sanctissime
787 2161 976 2206 Cypriane,
1004 2173 1091 2207 quae
1118 2163 1218 2198 nobis
1243 2164 1355 2198 fuerit
1382 2165 1474 2209 apud
1492 2166 1666 2199 oratorem

169 2213 337 2257 (oratores
369 2215 399 2258 c)
428 2216 639 2260 garrulitas,
665 2229 753 2251 unus
781 2229 919 2261 sensus,
947 2231 1015 2254 una
1033 2221 1220 2265 cogitatio,
1249 2222 1434 2256 indiuidua
1465 2222 1570 2256 lectio
1599 2222 1666 2267 (di-

168 2269 273 2304 lectio
292 2272 494 2317 Halmius).
520 2273 632 2315 Quare
650 2286 717 2308 non
742 2277 777 2309 et
800 2276 837 2309 in
861 2277 982 2311 diuina
1012 2278 1161 2312 lectione
1192 2279 1244 2313 ita
1277 2280 1405 2313 animis
1435 2279 1664 2314 roboramur?

170 2329 232 2361 aut
245 2338 312 2361 non
331 2339 370 2362 ea
389 2340 523 2373 semper
538 2331 637 2364 nobis
655 2331 725 2365 fuit
739 2333 921 2376 cogitatio,
942 2335 1034 2369 sicut
1047 2336 1281 2379 promittebas
1295 2336 1604 2381 (promittcbalnus
1619 2339 1663 2381 r),

170 2384 208 2417 ut
226 2384 330 2418 simul
347 2386 561 2420 crederemus
643 2391 830 2433 caeperunt
848 2392 1050 2426 confirmare
1068 2393 1150 2426 MR
1237 2395 1258 2430 7
1286 2405 1321 2428 sc
1339 2405 1402 2429 om.
1422 2395 1469 2428 M
1553 2394 1575 2430 9
1602 2405 1662 2438 ag-

168 2441 262 2474 nosci
279 2442 327 2475 M
402 2443 449 2478 10
476 2444 618 2478 delectis
637 2446 711 2487 M1,
745 2446 885 2481 dilectis
904 2450 952 2482 Ι)ι
1040 2452 1086 2486 11
1115 2440 1237 2486 ΞὲῗέῬ
1322 2453 1390 2487 scis
1420 2452 1495 2496 ipse
1524 2452 1594 2486 Bv

168 2507 388 2541 recognosces
406 2501 453 2534 M
458 2504 463 2521 ¹
557 2501 604 2537 13
629 2503 765 2546 predico
783 2504 819 2538 in
836 2506 995 2550 proprias
1012 2507 1143 2544 laudes.
1171 2510 1295 2545 Ociosa
1312 2521 1332 2544 r
1417 2510 1465 2546 14
1490 2509 1662 2554 quidquid

170 2554 223 2588 Pv
296 2556 342 2592 15
367 2556 507 2601 uirtuti]
526 2558 655 2592 uirium
673 2561 707 2593 B
792 2561 833 2595 de
852 2573 914 2596 om.
935 2564 982 2597 M
1063 2565 1116 2599 (1.1
1134 2567 1170 2601 P
1257 2568 1304 2604 16
1329 2579 1441 2611 super
1458 2569 1499 2601 ut
1513 2568 1548 2601 P
1560 2579 1602 2601 m.
1618 2569 1660 2601 2:

169 2610 257 2653 qnod
328 2623 393 2646 non
412 2624 474 2647 om.
498 2615 546 2649 W
611 2626 685 2649 esse
703 2627 765 2651 om.
787 2618 822 2651 P
891 2621 1024 2664 ceperit
1047 2623 1097 2657 W
1158 2624 1205 2659 17
1232 2626 1285 2658 est
1302 2635 1401 2659 omne
1419 2636 1440 2659 v
1504 2625 1552 2661 18
1580 2624 1659 2658 inde

167 2668 336 2711 pollemus
365 2682 427 2704 om.
461 2672 509 2704 M
590 2673 734 2717 uiguorc
758 2675 792 2708 Β
879 2676 930 2712 20
956 2678 1016 2722 (1111
1039 2680 1278 2722 WVPBM1,
1306 2682 1388 2725 quia
1407 2681 1490 2722 11Ιῖ,
1518 2681 1609 2725 quod
1625 2693 1657 2725 v,

168 2723 325 2758 dominus
354 2727 413 2770 (1111
443 2729 628 2763 I'amclc'us
664 2722 671 2728 ⁹
711 2732 758 2767 21
786 2733 927 2768 influxit
951 2735 1093 2778 WMB,
1132 2738 1276 2773 infulsit
1295 2739 1381 2780 PV,
1417 2739 1547 2773 inluxit
1576 2739 1657 2773 Mo-

167 2781 291 2815 rellius
361 2784 474 2818 animo
499 2786 558 2827 W,
585 2787 712 2821 animis
729 2789 791 2823 M1
867 2790 1084 2827 oblectantes
1103 2794 1152 2828 Ι)ι
