1838 3152
631 221 843 266 Epistula
868 221 1099 256 VI—v111.
1528 224 1614 266 485

111 328 293 371 omnium
315 327 490 368 fratrum
511 325 699 368 satisfiat.
759 327 917 379 oportet
939 337 1010 366 nos
1031 327 1163 367 tamen
1184 327 1273 379 paci
1294 327 1502 369 communi
1523 339 1615 368 con·

116 397 246 439 sulere
267 397 308 437 et
329 395 537 436 interdum
558 394 748 447 quamuis
766 406 860 436 cum
881 394 1014 436 taedio
1031 394 1160 436 animi
1182 396 1311 436 nostri
1328 396 1466 437 deesse
1483 395 1611 445 uobis,

116 479 166 508 ne
193 464 420 518 praesentia
450 463 579 504 nostri
612 462 814 504 inuidiam
845 463 886 504 et
917 462 1157 505 uiolentiam
1179 463 1399 518 gentilium
1420 466 1614 518 prouocet

113 535 154 576 et
174 533 302 574 simus
319 534 504 573 auctores
526 532 774 584 rumpendae
795 531 920 585 pacis,
943 531 1013 584 qui
1036 543 1107 573 nos
1129 532 1264 586 magis
1281 532 1411 584 quieti
1428 532 1614 574 omnium

82 623 98 649 5
111 601 315 644 consulere
337 600 544 641 debemus.
584 600 744 652 quando
764 611 858 654 ergo
876 611 947 641 uos
969 599 1214 652 scripseritis
1232 600 1351 641 rebus
1374 600 1612 654 compositis

112 682 178 712 me
199 669 337 710 uenire
361 668 505 710 debere
527 669 599 709 aut
621 668 656 709 si
677 670 772 709 ante
794 668 988 722 dignatus
1019 668 1143 709 fuerit
1164 668 1364 710 Dominus
1387 669 1611 721 ostendere,

109 740 205 781 tunc
236 739 286 779 ad
318 750 389 778 uos
420 737 597 779 ueniam.
639 737 710 778 ubi
742 738 850 778 enim
882 737 985 779 mihi
1008 739 1081 779 aut
1104 737 1252 779 melius
1273 738 1403 791 possit
1425 751 1511 780 esse
1541 740 1614 781 aut

109 807 256 849 laetius
279 819 401 859 quam
424 806 509 847 illic
532 806 602 847 ubi
624 819 689 848 me
710 807 820 847 Deus
842 808 881 847 et
904 807 1064 848 credere
1086 806 1220 847 uoluit
1241 807 1282 848 et
1303 809 1509 848 crescere?
1549 807 1613 848 ui-

110 876 281 918 duarum
299 877 340 916 et
356 875 611 917 infirmorum
630 876 670 916 et
686 875 868 916 omnium
885 887 1111 928 pauperum
1129 888 1268 916 curam
1284 876 1376 929 peto
1393 875 1614 930 diligenter

67 963 100 989 10
110 944 308 986 habeatis
346 944 415 986 sed
435 945 475 985 et
496 943 721 998 peregrinis
743 943 777 985 si
794 943 864 996 qui
886 943 1117 998 indigentes
1135 943 1288 985 fuerint
1309 944 1500 997 sumptus
1516 956 1614 998 sug-

108 1013 260 1069 geratis
291 1013 340 1054 de
372 1013 603 1066 quantitate
635 1025 725 1054 mea
746 1013 908 1066 propria
929 1026 1052 1066 quam
1082 1013 1189 1065 apud
1211 1013 1487 1068 Rogatianum
1510 1024 1615 1054 com-

111 1082 393 1136 presbyterum
425 1083 611 1123 nostrum
642 1081 793 1123 dimisi.
835 1094 938 1134 quae
969 1082 1177 1134 quantitas
1208 1094 1257 1123 ne
1288 1082 1392 1123 forte
1414 1082 1499 1124 iam
1520 1081 1614 1123 uni-

109 1164 224 1193 uersa
245 1152 410 1205 erogata
432 1150 498 1200 sit,
530 1150 626 1192 misi
648 1150 780 1192 eidem
801 1163 873 1204 per
889 1150 1088 1192 Naricum
1109 1151 1348 1192 acoluthum
1370 1151 1497 1192 aliam
1519 1162 1613 1204 por-

110 1219 283 1269 tionem,
314 1221 361 1260 ut
393 1220 549 1274 largius
581 1220 621 1260 et
651 1219 880 1273 promptius
912 1219 1018 1261 circa
1049 1219 1280 1261 laborantes
1312 1219 1385 1261 fiat
1416 1219 1608 1273 operatio.

63 1307 95 1333 ιι
109 1290 203 1342 opto
224 1301 308 1338 003,
340 1288 485 1330 fratres
517 1288 738 1339 carissimi,
772 1301 931 1341 semper
951 1288 1052 1330 bene
1074 1288 1210 1330 ualere
1232 1289 1293 1342 [et
1314 1289 1442 1330 nostri
1464 1288 1613 1330 memi-

107 1357 225 1399 nisse.
268 1357 571 1399 fraternitatem
603 1358 784 1399 uestram
815 1369 905 1399 meo
936 1357 1099 1399 nomine
1130 1357 1308 1399 salutate
1341 1358 1381 1399 et
1413 1360 1458 1399 ut
1484 1357 1615 1399 nostri

108 1438 307 1469 memores
329 1427 411 1468 sint
432 1424 676 1482 admonete]

477 1641 985 1716 EPISTVLA
1032 1642 1244 1715 VIII.

164 1802 394 1844 Didicimus
407 1803 615 1845 secessisse
628 1803 887 1845 benedictum
904 1802 1105 1856 Papatem
1118 1801 1370 1856 Cyprianum
1383 1815 1406 1843 a
1421 1800 1612 1843 Cremen-
1632 1809 1649 1850 1

63 1870 167 1912 notio
188 1871 447 1923 subdiacono,
480 1871 550 1925 qui
572 1885 595 1913 a
611 1872 728 1913 uobis
747 1871 798 1913 ad
818 1883 890 1913 nos
911 1871 1027 1914 uenit
1046 1873 1158 1913 certa
1181 1885 1228 1913 ex
1249 1883 1382 1921 eausa,
1405 1870 1511 1925 quod
1529 1870 1613 1912 uti-

177 2032 196 2065 1
222 2031 373 2065 fratrum
392 2046 443 2064 *22*
462 2031 502 2074 T,
528 2030 704 2064 fratruum
730 2031 778 2063 E·
877 2031 898 2065 2
924 2041 944 2064 3
969 2030 1069 2064 uobis
1100 2030 1135 2065 V
1221 2030 1245 2067 3
1270 2031 1384 2065 nostri
1409 2031 1464 2073 M,
1491 2033 1613 2065 nostra

109 2088 188 2124 EN
190 2088 241 2124 Tv
311 2088 472 2144 gentium
495 2087 528 2122 V
608 2087 631 2121 4
655 2087 703 2132 et]
723 2089 763 2121 ut
787 2088 822 2122 V
903 2098 964 2122 nos
982 2098 1047 2123 om.
1067 2088 1125 2123 Ev
1214 2088 1333 2133 quiete
1350 2089 1441 2124 MN
1530 2088 1551 2122 6
1570 2088 1612 2132 si]

400 2146 448 2166 dus

109 2174 158 2210 sit
179 2175 211 2209 T
267 2177 349 2209 ante
366 2174 486 2229 uenire
503 2173 544 2207 E
610 2173 772 2208 dominus
787 2185 851 2208 om.
873 2174 912 2208 E
986 2174 1189 2209 ostenderet
1212 2176 1243 2210 T
1304 2175 1322 2209 7
1349 2175 1497 2210 ueniant
1515 2176 1557 2210 N
1563 2189 1567 2219 j

110 2243 199 2278 mihi
217 2246 279 2278 aut
296 2255 360 2278 om.
380 2244 422 2278 N
495 2244 558 2277 aut
579 2243 615 2277 et
635 2243 762 2278 melius
781 2243 820 2277 E
892 2244 915 2278 8
939 2244 1069 2278 laetius
1091 2270 1099 2279 .
1114 2271 1123 2280 .
1137 2271 1145 2278 .
1166 2244 1353 2279 uiduarum
1369 2246 1406 2279 et
1423 2255 1488 2279 om.
1509 2244 1548 2278 E

110 2301 194 2336 deus
212 2301 296 2342 NV,
321 2289 483 2336 dffs‘TM
580 2302 691 2346 prius
715 2303 751 2335 et
775 2311 838 2335 mn.
861 2301 910 2335 M
1007 2301 1168 2335 dominus
1194 2312 1269 2335 esse
1294 2301 1451 2336 decreuit
1476 2302 1614 2337 Manu-

111 2359 184 2393 tius
277 2358 321 2392 10
346 2360 503 2403 sumptos
521 2359 565 2394 N
647 2359 688 2393 11
713 2358 837 2403 propia
856 2358 940 2393 MT
1023 2358 1342 2403 cumpresbiterum
1365 2360 1397 2394 Τ
1488 2360 1531 2394 12
1556 2359 1614 2394 de-

114 2415 197 2450 misi
219 2417 250 2450 T
311 2415 353 2449 13
370 2415 574 2450 aeoluthum
596 2417 635 2457 Τ,
654 2415 822 2450 acolitum
841 2416 890 2458 N,
908 2416 1105 2460 accolytum
1124 2417 1163 2451 E
1224 2416 1270 2452 14
1294 2417 1495 2461 prumptius
1509 2417 1557 2451 M

117 2473 165 2511 15
190 2475 226 2507 et
243 2474 356 2507 nostri
375 2500 383 2507 .
398 2500 406 2507 .
422 2499 430 2507 .
450 2473 633 2507 admonete
650 2484 714 2508 om.
735 2473 903 2509 EMNT.
935 2492 974 2499 —·
1003 2473 1058 2508 Ad
1082 2473 1215 2508 clerum
1233 2475 1375 2518 propter
1391 2484 1511 2508 euram
1529 2484 1614 2518 pau-

114 2542 234 2576 perum
251 2530 397 2575 explicit
415 2530 541 2575 EMT,
567 2541 633 2565 om.
651 2531 698 2566 N.
714 2550 757 2556 —

182 2599 296 2644 Epist.
314 2599 415 2634 VIII.
436 2618 475 2624 —
495 2599 629 2644 Incipit
653 2599 845 2634 rescribens
871 2600 1030 2635 Celerino
1055 2599 1209 2635 Luciano
1238 2602 1276 2641 T,
1301 2600 1463 2645 Epistola
1481 2601 1613 2635 confes-

116 2668 232 2692 sorum
248 2656 290 2691 de
306 2656 482 2701 erigendis
499 2656 610 2701 lapsis
627 2659 663 2691 et
681 2656 724 2692 ad
741 2657 977 2702 penitentiam
993 2657 1225 2702 prouocandis
1245 2671 1284 2700 φ,
1304 2657 1458 2693 Celerini
1473 2668 1613 2701 respon-

117 2715 166 2749 sio
183 2714 227 2750 311
243 2714 439 2748 Lucianum
463 2713 504 2748 de
523 2725 605 2749 cura
622 2715 774 2759 pastoris
800 2717 836 2749 et
861 2714 905 2749 ad
922 2714 1135 2749 obuiandum
1164 2714 1380 2749 idolatriam.
1429 2713 1614 2749 Celerinus

116 2771 269 2806 Luciano
287 2770 437 2805 salutem
451 2782 492 2814 w,
505 2771 588 2805 Alia
605 2771 777 2816 rescripta
791 2784 827 2816 μ.
849 2791 883 2796 -
901 2772 944 2806 19
961 2771 1112 2806 dicimus
1130 2785 1158 2814 φ
1234 2781 1361 2815 papam
1379 2782 1411 2812 v,
1428 2781 1493 2805 om.
1512 2775 1560 2805 w·

116 2839 137 2864 3
152 2839 216 2864 om.
235 2841 259 2873 μ
338 2828 510 2862 cremenio
523 2842 548 2873 μ,
626 2828 672 2863 20
695 2829 839 2863 (1130000
857 2840 920 2873 φἰυ
1005 2840 1045 2863 ex
1062 2840 1126 2864 om.
1143 2842 1167 2873 μ
1246 2828 1350 2873 quod]
1370 2839 1455 2872 quos
1478 2829 1510 2864 T
