1838 3152
207 242 289 282 770
733 238 931 273 Caecilii
967 237 1182 283 Cypriani

200 344 365 397 probari
405 356 428 385 a
462 343 578 385 nobis
621 343 776 384 debeat.
820 342 919 395 quid
960 343 1070 384 enim
1110 342 1245 395 potest
1285 343 1423 384 ratum
1463 344 1503 384 et
1543 342 1710 384 firmum

200 425 286 454 esse
323 412 430 466 apud
459 411 686 453 Dominum
722 412 828 464 quod
859 411 923 451 illi
954 411 1112 452 faciunt
1142 422 1241 463 quos
1270 410 1471 452 Dominus
1501 411 1638 453 hostes
1669 414 1709 453 et

201 481 455 523 aduersarios
487 492 579 521 suos
613 480 716 521 dicit
746 480 787 521 in
820 480 1032 533 euangelio
1064 491 1135 521 suo
1166 491 1339 531 ponens:
1377 480 1461 532 qui
1497 492 1595 521 non
1630 481 1711 521 est

201 562 395 591 mecum
437 550 689 591 aduersus
728 561 802 590 me
839 549 937 589 est:
985 549 1033 589 et
1072 548 1157 601 qui
1196 560 1290 589 non
1328 561 1519 590 mecum
1558 548 1712 589 colli-

199 618 298 673 git,
352 618 581 673 spargit,
635 621 674 659 et
714 618 858 659 beatus
900 628 1058 669 quoque
1099 617 1307 669 apostolus
1350 617 1549 659 Iohannes
1590 630 1708 658 man-
1723 634 1736 658 5

201 688 298 729 data
333 688 502 729 Domini
543 688 584 728 et
625 687 842 740 praecepta
884 686 1115 728 custodiens
1156 687 1199 727 in
1239 686 1416 739 epistula
1455 699 1529 727 sua
1567 698 1714 739 posue-

201 756 277 797 rit:
321 756 550 798 audistis
592 756 711 809 quia
752 755 1108 797 antichristus
1150 756 1310 797 uenit.
1359 767 1490 797 nunc
1537 756 1713 797 autem

200 825 510 867 antichristi
569 825 723 866 multi
783 824 914 866 facti
970 826 1100 866 sunt.
1166 825 1296 866 unde
1352 825 1713 879 cognoscimus

200 895 319 948 quia
367 894 650 936 nouissima
697 893 818 935 hora
867 894 956 935 est.
1019 907 1072 936 ex
1120 894 1267 935 nobis
1318 894 1573 945 exierunt,
1628 893 1713 935 sed

199 975 295 1004 non
335 962 549 1004 fuerunt
591 975 645 1004 ex
686 962 849 1004 nobis.
905 962 946 1002 si
998 963 1130 1004 enim
1171 962 1404 1004 fuissent
1445 976 1499 1005 ex
1538 963 1758 1013 nobis‚10

201 1031 516 1073 mansissent
558 1031 848 1073 nobiscum.
892 1031 998 1072 unde
1029 1043 1100 1072 nos
1133 1043 1291 1084 quoque
1322 1030 1515 1085 colligere
1543 1033 1585 1072 et
1616 1042 1710 1072 con-

205 1099 380 1142 siderare
418 1100 614 1142 debemus
652 1113 703 1142 an
739 1101 810 1153 qui
846 1100 1071 1142 aduersarii
1106 1102 1202 1142 sunt
1231 1100 1400 1142 Domini
1437 1101 1477 1142 et
1512 1100 1710 1153 appellati

202 1170 299 1210 sunt
335 1168 570 1211 antichristi
606 1169 764 1222 possint
801 1169 895 1210 dare
933 1168 1112 1223 gratiam
1148 1168 1313 1210 Christi.
1353 1181 1477 1222 quare
1516 1168 1587 1221 qui
1616 1181 1711 1210 cum

207 1237 383 1279 Domino
414 1249 555 1278 sumus
585 1238 626 1279 et
657 1237 864 1279 unitatem
886 1237 1055 1279 Domini
1084 1239 1272 1279 tenemus
1302 1238 1343 1279 et
1373 1237 1599 1279 secundum
1620 1238 1708 1280 eius

207 1306 490 1361 dignationem
512 1306 787 1348 sacerdotium
809 1306 895 1347 eius
924 1306 966 1347 in
996 1307 1166 1348 ecclesia
1195 1306 1546 1360 administramus,
1579 1319 1702 1359 quae·
1720 1321 1753 1346 15

208 1387 381 1428 cumque
404 1375 628 1416 aduersarii
652 1374 739 1416 eius
762 1376 802 1416 et
825 1375 1061 1416 antichristi
1083 1375 1242 1417 faciunt
1262 1375 1476 1428 repudiare
1497 1376 1538 1416 et
1559 1375 1710 1416 reicere

206 1445 247 1486 et
268 1456 340 1498 pro
370 1443 551 1497 profanis
581 1443 730 1485 habere
759 1443 952 1485 debemus
982 1444 1022 1484 et
1044 1444 1100 1485 eis
1123 1444 1193 1496 qui
1215 1444 1264 1485 de
1286 1455 1418 1485 errore
1440 1444 1481 1485 et
1501 1443 1710 1496 prauitate

208 1513 418 1555 uenientes
441 1513 668 1567 agnoscunt
690 1512 812 1553 unius
835 1513 1027 1554 ecclesiae
1050 1525 1191 1554 ueram
1222 1513 1358 1561 fidem,
1393 1512 1487 1553 dare
1517 1511 1603 1552 illis
1639 1525 1710 1565 per

205 1582 343 1624 omnia
373 1582 538 1623 diuinae
571 1581 727 1636 gratiae
765 1582 1018 1623 sacramenta
1054 1580 1227 1622 unitatis
1265 1582 1305 1622 et
1340 1580 1434 1621 fidei
1471 1580 1706 1621 ueritatem.

208 1652 398 1704 optamus
421 1664 506 1702 uos,
529 1652 678 1694 fratres
701 1651 916 1701 carissimi,
939 1663 1098 1704 semper
1118 1650 1219 1691 bene
1241 1650 1390 1691 ualere.
1722 1664 1758 1690 20

345 1807 366 1840 3
391 1806 473 1840 Luc.
502 1806 554 1846 11,
581 1805 638 1841 23.
737 1805 756 1838 7
783 1804 801 1838 I
827 1804 876 1838 10.
901 1804 934 1845 2,
961 1804 1013 1838 is.
1041 1804 1093 1837 19.

278 1950 297 1983 1
315 1950 466 1984 debcant
485 1949 575 1984 C¹M
591 1949 731 1992 (debeat
753 1948 795 1993 Q)
938 1948 1070 1991 ratum]
1090 1949 1232 1989 gratum
1254 1947 1292 1991 Q,
1312 1948 1466 1981 tractum
1485 1946 1520 1980 R
1661 1947 1709 1991 01]

205 2009 267 2041 aut
284 2008 320 2041 P
488 2007 509 2041 2
526 2007 629 2041 (1011111
653 2006 755 2051 0ch
774 2005 969 2050 (dominum
987 2006 1144 2050 August.
1163 2006 1184 2039 l.
1204 2017 1231 2039 c.
1257 2005 1290 2038 V
1303 2007 1368 2049 29)
1532 2004 1608 2038 illis
1625 2008 1658 2039 c¹

206 2075 291 2108 quos
310 2075 354 2098 eo:
372 2066 457 2108 quot
475 2075 492 2099 c
639 2065 770 2098 0105105
788 2065 823 2097 01
841 2074 858 2097 0
875 2064 1030 2097 alterum
1051 2065 1086 2096 01
1103 2074 1127 2096 S.
1149 2063 1169 2097 l.
1317 2063 1339 2096 3
1357 2062 1457 2107 dicit]
1477 2073 1551 2096 esse
1569 2063 1665 2107 Auy.

205 2132 273 2155 non
299 2123 354 2155 cst
380 2132 457 2166 exp.
482 2121 511 2156 C
716 2121 738 2154 4
762 2120 932 2154 aduersus
1036 2131 1172 2154 1110011111
1198 2131 1262 2154 om.
1289 2120 1318 2155 C
1524 2119 1710 2153 aduersum

206 2179 298 2223 Any.
319 2190 339 2213 z·
503 2189 639 2212 meeum
657 2188 726 2212 non
744 2178 841 2222 Aug).
862 2178 954 2212 LRc
971 2177 1034 2211 secl
1054 2178 1090 2211 in
1111 2177 1144 2211 L
1161 2188 1228 2210 non
1247 2188 1273 2211 s.
1293 2177 1313 2211 l.
1471 2176 1616 2220 collegit
1633 2176 1666 2210 L

206 2237 227 2270 6
246 2236 416 2281 posuerit]
436 2236 555 2270 dicens
572 2236 655 2270 cedd.
676 2246 716 2270 ev
854 2236 875 2269 S
893 2235 1000 2268 multi
1018 2234 1225 2268 antichristi
1244 2235 1298 2269 Le
1436 2235 1456 2268 9
1475 2244 1514 2268 ex
1531 2245 1565 2267 11.
1583 2244 1609 2267 0.
1633 2244 1657 2267 5.
1678 2244 1710 2266 11.

206 2294 366 2338 fuerunt]
384 2304 403 2327 a
417 2294 520 2328 nobis
539 2293 699 2328 exierunt
718 2293 800 2336 quia
817 2303 886 2326 non
904 2293 1006 2326 erant
1023 2291 1106 2326 aelel.
1130 2291 1158 2326 C
1168 2303 1210 2325 m.
1225 2294 1248 2325 2
1265 2292 1300 2325 ῖη
1317 2301 1429 2336 marg.
1527 2291 1570 2324 10
1582 2290 1653 2324 fuis
1666 2290 1715 2324 M

205 2351 375 2395 (fuissent
398 2351 439 2395 Q)
557 2350 673 2395 nobis]
693 2350 854 2384 exierunt
871 2349 956 2383 add.
976 2349 1044 2390 R¹‚
1064 2359 1144 2393 0352).
1164 2360 1206 2383 m.
1226 2351 1251 2383 2
1375 2349 1417 2382 11
1435 2348 1712 2392 permansissent

213 2408 307 2452 (ΡΒ,
332 2419 538 2453 permanens
564 2408 633 2451 C¹,·
664 2407 788 2451 utique
814 2407 900 2441 add.
927 2407 984 2442 Ro
1194 2406 1378 2440 nobiscum
1403 2405 1618 2440 mansissent
1637 2405 1667 2450 Q

207 2466 390 2510 colligerit
408 2465 445 2507 C,
465 2465 592 2500 collcre
605 2465 652 2499 M
669 2465 850 2509 (colligere
873 2465 916 2509 Q)
1069 2465 1106 2498 01
1123 2474 1186 2498 om.
1209 2464 1257 2507 Ο,-
1276 2465 1312 2497 01
1329 2463 1547 2498 considerare
1565 2474 1630 2497 om.
1650 2473 1667 2497 0

207 2524 250 2557 12
274 2523 440 2557 debemus
471 2524 507 2556 et
536 2522 755 2556 considerare
773 2522 808 2556 L
1016 2532 1061 2555 an
1093 2521 1167 2566 qui]
1198 2521 1346 2565 antequi
1364 2521 1413 2555 M
1439 2520 1599 2564 (anmqui
1623 2519 1665 2564 Q)

206 2581 249 2615 13
266 2582 415 2625 possunt
432 2581 476 2621 L,
495 2581 656 2625 poss*int
679 2579 708 2624 Q
725 2580 878 2623 (possint
895 2579 953 2624 M)
1130 2578 1206 2623 qui]
1226 2578 1257 2612 si
1275 2578 1359 2613 CVc
1543 2578 1587 2611 15
1605 2576 1711 2610 00010-

207 2638 297 2672 siam
321 2638 350 2682 Q
497 2638 541 2672 16
560 2637 774 2672 aduersariis
793 2637 828 2671 R
967 2636 1126 2671 altcrmn
1143 2637 1178 2669 et
1196 2646 1261 2670 om.
1281 2635 1347 2670 CR
1494 2634 1535 2668 17
1553 2644 1614 2678 pro
1632 2644 1710 2677 pro-

207 2694 301 2728 fanis
318 2695 354 2728 P
369 2695 433 2729 secl
449 2705 510 2739 pro
529 2705 634 2738 cras„
653 2693 802 2738 profana
826 2693 890 2729 CR
900 2693 947 2727 Vc
1109 2692 1170 2736 qui
1188 2692 1243 2737 de]
1263 2691 1408 2736 quidam
1426 2702 1470 2726 cx
1487 2690 1630 2735 quidem
1647 2701 1665 2725 c

207 2762 358 2786 errorem
376 2753 411 2786 et
428 2752 647 2796 prauitatem
664 2762 682 2786 c
844 2750 887 2785 18
904 2750 1088 2784 uenientes
1105 2760 1198 2785 corr.
1215 2750 1257 2784 in
1274 2749 1459 2783 reicientes
1477 2759 1495 2783 c
1650 2747 1710 2781 ad-

206 2810 381 2852 gnoscunt
398 2809 442 2850 L,
463 2809 524 2853 qui
541 2810 739 2853 agnoscunt
757 2808 803 2843 0¹
1003 2807 1086 2841 dare
1104 2818 1148 2841 eat
1165 2807 1247 2841 date
1270 2807 1299 2841 G
1498 2806 1541 2840 19
1559 2805 1710 2850 gratiae]

206 2866 341 2910 gloriae
358 2867 394 2901 R
549 2867 771 2900 sacramenta
788 2866 823 2900 et
841 2865 984 2901 C²Vc2v
1138 2864 1313 2898 uanitatis
1337 2864 1367 2899 C
1374 2868 1380 2885 ¹
1549 2863 1595 2897 20
1611 2864 1710 2906 opta-

205 2934 283 2957 mus
385 2924 503 2958 ualere
529 2935 593 2958 om.
626 2923 746 2968 CLQc
955 2923 1037 2967 opto
1062 2924 1098 2956 te
1123 2913 1163 2955 ff
1181 2910 1270 2955 kfisg
1280 2921 1323 2955 P.
1351 2941 1392 2945 —
1416 2920 1471 2955 Ad
1497 2919 1710 2954 Iubaianum
