1912 3152
586 866 709 930 DE
778 865 1171 932 LAPSIS.

179 1030 279 1106 Pax
300 1075 413 1114 ecce,
446 1061 707 1104 dilectissimi
730 1061 901 1114 fratres,
934 1062 1127 1105 ecclesiae
1165 1062 1327 1105 reddita
1358 1064 1422 1106 est
1452 1064 1494 1106 et
1525 1062 1671 1118 quod}

121 1133 289 1176 difficile
328 1144 456 1186 nuper
490 1131 711 1174 incredulis
747 1144 793 1173 ac
827 1131 993 1185 perfidis
1029 1132 1266 1185 inpossibile
1287 1132 1526 1184 uidebatur,
1559 1145 1633 1186 ope

121 1203 251 1256 adque
286 1201 441 1244 ultione
477 1201 619 1243 diuina
654 1200 853 1243 securitas
884 1201 1024 1243 nostra
1045 1202 1232 1255 reparata
1253 1202 1327 1244 est.
1360 1201 1404 1243 in
1425 1201 1632 1244 laetitiam

16 1328 20 1339 α
76 1284 90 1310 ⁵
122 1272 282 1314 mentes
318 1269 490 1312 redeunt
526 1270 566 1312 et
601 1269 850 1323 tempestate
881 1281 1093 1323 pressurae
1115 1282 1161 1312 ac
1182 1270 1290 1312 nube
1311 1269 1496 1312 discussa
1517 1271 1632 1312 tran-

122 1339 310 1394 quillitas
332 1351 378 1380 ac
399 1338 596 1381 serenitas
617 1338 882 1380 refulserunt.
916 1338 1072 1380 dandae
1102 1338 1244 1381 laudes
1266 1339 1351 1381 Deo
1374 1340 1416 1381 et
1436 1338 1634 1381 beneficia

121 1409 209 1452 eius
231 1421 278 1451 ac
299 1420 469 1450 munera
491 1420 584 1450 cum
601 1407 833 1463 gratiarum
849 1407 1007 1450 actione
1025 1407 1278 1459 celebranda,
1301 1407 1492 1462 quamuis
1513 1420 1632 1462 agere

122 1478 280 1534 gratias
315 1478 455 1520 nostra
491 1489 569 1519 uox
604 1489 678 1519 nec
714 1476 758 1518 in
792 1477 1074 1530 persecutione
1096 1477 1338 1519 cessauerit:
1371 1489 1500 1531 neque
1522 1477 1632 1518 enim

120 1548 285 1589 tantum
306 1546 428 1589 licere
450 1546 617 1588 inimico
652 1547 811 1599 potest,
844 1547 891 1588 ut
919 1557 999 1587 non
1035 1545 1106 1599 qui
1142 1546 1278 1588 Deum
1313 1546 1432 1587 corde
1468 1545 1555 1587 toto
1591 1546 1634 1586 et

20 1648 22 1665 ς
75 1631 108 1658 10
119 1616 257 1659 anima
287 1617 328 1658 et
358 1616 515 1658 uirtute
546 1615 760 1670 diligimus
791 1614 1092 1657 benedictiones
1128 1615 1215 1657 eius
1245 1616 1287 1657 et
1307 1615 1450 1657 laudes
1473 1626 1633 1668 semper

121 1687 162 1728 et
182 1685 332 1739 ubique
354 1697 449 1727 cum
469 1684 602 1739 gloria
621 1684 918 1739 praedicemus,
952 1685 1166 1739 exoptatus
1188 1684 1298 1726 uotis
1319 1683 1509 1726 omnibus
1545 1682 1632 1724 dies

121 1755 236 1797 uenit
258 1756 299 1797 et
318 1755 412 1808 post
432 1754 578 1808 longae
598 1753 729 1796 noctis
750 1753 991 1796 horribilem
1021 1755 1278 1807 taetramque
1306 1752 1528 1808 caliginem
1548 1752 1633 1793 Do-

122 1823 226 1865 mini
246 1823 337 1865 luce
357 1823 542 1865 radiatus
563 1822 741 1864 mundus
763 1822 905 1865 eluxit.

181 1891 436 1935 Confessores
456 1892 669 1945 praeconio
690 1892 786 1934 boni
816 1891 995 1934 nominis
1026 1892 1156 1934 claros
1187 1892 1228 1934 et
1258 1890 1429 1933 uirtutis
1460 1902 1507 1932 ac
1537 1889 1672 1935 fideiz

22 1946 26 1958 ⁴
77 1977 108 2003 15
123 1961 315 2003 laudibus
351 1961 549 2016 gloriosos
584 1960 705 2002 laetis
741 1961 1023 2014 conspectibus
1044 1961 1276 2012 intuemur,
1309 1959 1461 2002 sanctis
1483 1958 1634 2000 osculis

123 2030 388 2072 adhaerentes
410 2030 663 2072 desideratos
685 2029 828 2072 diuina
850 2030 891 2072 et
919 2029 1158 2083 inexplebili
1189 2028 1416 2082 cupiditate
1447 2027 1634 2081 conplec-

123 2099 265 2141 timur.
312 2098 427 2140 adest
462 2098 649 2140 militum
685 2097 840 2140 Christi
871 2110 958 2140 cors
995 2098 1185 2150 candida,
1233 2097 1304 2152 qui
1339 2096 1634 2152 persecutionis

123 2168 310 2223 urgentis
328 2167 521 2210 ferociam
541 2167 827 2209 turbulentam
846 2167 988 2209 stabili
1006 2166 1291 2223 congressione
1313 2165 1539 2221 fregerrmt,
1561 2177 1634 2218 pa-

124 2237 204 2279 rati
226 2237 277 2279 ad
298 2237 542 2290 patientiam
564 2236 756 2288 carceris,
788 2236 940 2278 armati
962 2236 1013 2278 ad
1034 2235 1301 2278 tolerantiam
1322 2234 1480 2276 mortis.
1514 2246 1635 2287 repu-

26 2343 30 2365 a
80 2305 281 2361 mgnastis
303 2305 467 2347 fortiter
487 2305 669 2356 saeculo,
702 2305 983 2359 spectaculum
1005 2305 1231 2359 gloriosum
1259 2303 1509 2358 praebuistis
1530 2303 1633 2353 Deo,

126 2374 326 2417 secuturis
347 2374 544 2416 fratribus
566 2374 705 2416 fuistis
727 2375 923 2428 exemplo.
956 2374 1146 2429 religiosa
1167 2386 1244 2416 uox
1265 2373 1477 2416 Christum
1497 2372 1635 2414 locuta

194 2543 339 2569 metm*
364 2544 411 2568 Dr:
436 2544 561 2569 LAPSIS
588 2544 783 2569 FELICITER
811 2534 855 2575 S,
890 2543 1033 2569 rxcn'r'r
1066 2544 1113 2568 DE
1139 2543 1264 2567 LABSIS
1294 2532 1381 2569 WR
1474 2531 1496 2565 3
1521 2541 1560 2565 ac
1591 2530 1640 2565 W

126 2602 169 2626 m.
188 2594 211 2627 2
222 2595 305 2636 post
323 2602 395 2627 ras,
486 2592 562 2637 ope]
581 2603 687 2637 opera
706 2592 741 2627 R
834 2592 856 2626 4
881 2591 1026 2626 laetitia
1045 2591 1110 2626 SR
1195 2591 1217 2625 ὃ
1242 2590 1372 2624 mentis
1391 2588 1436 2624 S¹
1529 2587 1634 2632 nube]

129 2648 221 2683 nube
239 2651 274 2682 ct
292 2649 444 2693 caligine
462 2660 483 2685 v
559 2651 580 2684 8
605 2649 879 2694 persequutione
898 2649 934 2685 R
952 2650 1006 2693 (ut
1024 2649 1114 2684 solet
1131 2659 1202 2693 quu
1217 2658 1287 2692 pro
1305 2649 1360 2691 cu)
1444 2646 1465 2679 9
1490 2644 1634 2679 inimico

126 2705 230 2740 licere
246 2706 351 2741 WRv
421 2705 524 2740 deum
534 2706 563 2741 S
568 2707 662 2749 WV,
682 2706 862 2741 dominum
878 2707 935 2742 Rv
1005 2708 1081 2741 toto
1099 2705 1199 2740 corde
1207 2706 1264 2741 Rv
1337 2704 1380 2738 10
1397 2686 1634 2747 et(ante1'1ir-

126 2765 218 2808 tute)
244 2764 329 2798 add.
356 2775 398 2798 m.
420 2766 444 2800 2
460 2764 502 2799 in
522 2764 572 2799 W
677 2765 719 2798 11
745 2764 909 2799 omnibus
927 2764 1009 2806 SR,
1035 2764 1191 2798 omnium
1210 2764 1281 2798 Wv
1389 2760 1512 2796 dicbus
1530 2759 1566 2794 R

128 2821 171 2855 12
194 2822 369 2865 taetranq.
390 2820 417 2856 S
510 2821 555 2855 14
580 2821 778 2856 uirtutibus
796 2823 845 2858 W'
939 2822 982 2856 15
1008 2820 1155 2865 osculis]
1173 2819 1284 2855 oculis
1303 2818 1338 2854 R,
1444 2818 1487 2852 16
1511 2816 1636 2851 diuina.

128 2879 164 2913 et
181 2878 211 2913 S
221 2905 243 2933 ⁹..
253 2878 314 2913 diu
336 2879 444 2915 WRv
515 2879 557 2913 17
576 2889 672 2914 coors
685 2880 761 2921 W',
780 2879 902 2914 cohors
916 2879 1041 2915 W²Rv
1112 2879 1156 2912 18
1173 2875 1405 2921 urguentisR
1421 2877 1461 2910 ut
1477 2874 1565 2909 solet

127 2935 173 2970 20
196 2935 263 2970 dno
286 2935 336 2970 W
