1838 3152
699 232 914 276 Epistula
939 230 1092 267 L.—LI.
1564 235 1649 277 615

143 339 248 380 unde
283 337 335 379 ad
369 337 547 392 gloriam
586 337 865 389 processerant
904 335 1006 378 illuc
1045 336 1215 390 gloriosi
1256 336 1449 387 redirent,
1491 349 1541 379 ne
1576 337 1647 390 qui

142 405 354 449 Christum
384 404 559 448 confessi
590 404 908 447 essent.Christi
939 405 1205 458 postmodum
1236 406 1372 447 castra
1403 406 1646 460 desererent,

145 488 216 517 nec
249 474 552 527 temptarentur
572 474 759 516 caritatis
780 474 912 527 adque
932 473 1107 515 unitatis
1127 473 1208 515 fide
1228 475 1299 527 qui
1321 474 1422 516 uicti
1444 475 1588 517 robore
1608 476 1650 516 et

142 544 296 585 uirtute
316 555 396 585 non
417 542 591 585 fuerant.
622 555 713 585 ecce
734 542 954 585 incolumis
976 544 1018 584 et
1039 542 1294 584 inmaculata
1315 543 1453 586 laudis
1474 543 1648 598 integri-

113 614 217 666 51338,
240 625 331 654 ecce
348 612 583 668 incorrupta
598 613 639 653 et
654 611 786 654 solida
801 611 1087 654 confitentium
1109 611 1306 665 dignitaS‚
1329 624 1352 653 a
1368 612 1647 654 desertoribus

140 683 181 723 et
203 681 387 736 profugis
418 680 645 731 recessisse,
677 681 905 734 proditores
934 680 1029 722 fidei
1050 681 1092 722 et
1110 680 1306 722 ecclesiae
1335 680 1562 723 catholicae
1583 682 1647 723 in·

139 751 386 804 pugnatores
407 749 634 802 reliquisse.
657 749 805 791 merito
827 749 922 791 illos
944 749 1197 791 reuertentes
1219 761 1382 790 summo
1400 750 1447 790 ut
1464 749 1648 792 scribitis

139 818 289 873 gaudio
310 819 351 860 et
372 818 502 860 clerus
531 820 572 860 et
593 818 723 872 plebs,
756 817 994 860 fraternitas
1021 818 1154 859 omnis
1183 818 1354 871 excepit,
1390 818 1584 871 quoniam
1606 819 1648 859 in

140 887 439 930 confessoribus
459 888 636 942 gloriam
656 900 773 929 suam
795 887 1132 929 conseruantibus
1152 888 1194 928 et
1209 886 1261 928 ad
1283 887 1488 928 unitatem
1510 900 1648 929 reuer-

95 969 128 993 ιο
140 957 324 999 tentibus
353 969 472 999 nemo
502 969 581 998 non
611 956 769 998 socium
795 970 837 998 se
859 958 900 998 et
922 956 1168 1010 participem
1198 968 1336 997 eorum
1366 956 1523 1009 gloriae
1552 967 1647 996 oon-

140 1028 272 1080 putat.

197 1095 333 1136 Huius
361 1095 443 1136 diei
472 1095 678 1136 laetitiam
701 1095 750 1136 de
771 1094 923 1135 nostris
952 1105 1170 1146 possumus
1201 1094 1389 1135 sensibus
1414 1094 1646 1136 aestimare.
1663 1097 1687 1136 2

140 1176 235 1205 nam
271 1177 364 1205 curn
402 1164 496 1205 istic
527 1164 578 1205 ad
611 1163 774 1205 litteras
809 1163 970 1204 uestras
1007 1175 1106 1215 quas
1140 1163 1188 1204 de
1221 1175 1362 1204 eorum
1397 1162 1648 1204 confessione

141 1233 316 1274 misistis
338 1233 519 1274 laetatus
541 1232 596 1274 sit
618 1232 753 1274 omnis
775 1233 952 1273 fratrum
973 1243 1167 1273 numerus
1189 1233 1230 1273 et
1251 1244 1415 1273 summa
1435 1231 1649 1273 alacritate

96 1302 250 1344 ushunc.
282 1302 474 1344 nuntium
509 1301 740 1344 communis
771 1301 1063 1356 gratulationis
1095 1301 1310 1354 exceperit,
1342 1301 1440 1354 quid
1470 1301 1557 1342 illic
1579 1301 1651 1342 ubi

140 1384 204 1413 res
235 1372 324 1425 ipsa
347 1374 389 1413 et
408 1384 598 1424 praesens
626 1371 790 1413 laetitia
811 1371 886 1412 sub
908 1371 1038 1413 oculis
1060 1371 1242 1412 omnium
1267 1371 1517 1424 gerebatur?
1555 1381 1649 1411 cnm

141 1441 250 1481 enim
272 1440 474 1482 Dominus
497 1441 536 1482 in
560 1440 774 1495 euangelio
807 1452 879 1482 suo
909 1439 1022 1482 dicat
1043 1452 1129 1481 esse
1151 1452 1359 1481 summum
1384 1438 1584 1493 gaudium
1605 1439 1649 1480 in

143 1509 253 1550 caelo
288 1521 409 1562 super
444 1511 654 1562 peccatore
690 1508 989 1563 paenitentiam
1028 1510 1189 1562 agente,
1232 1509 1384 1561 quanto
1420 1507 1554 1549 maius
1590 1509 1653 1549 est

142 1578 340 1633 gaudium
370 1579 411 1619 et
438 1578 480 1620 in
509 1578 630 1620 terris
662 1579 816 1632 pariter
845 1578 886 1619 et
907 1577 949 1619 in
971 1578 1082 1619 caelo
1114 1590 1236 1631 super
1267 1576 1564 1618 confessoribus
1599 1577 1649 1618 ad

94 1647 357 1689 aecclesiam
393 1648 469 1688 Dei
511 1660 604 1688 cum
645 1647 777 1701 gloria
817 1661 891 1689 sua
926 1648 968 1688 et
1003 1660 1098 1688 cum
1139 1646 1260 1688 laude
1301 1645 1570 1687 redeuntibus
1611 1646 1651 1687 et

139 1716 335 1757 redeundi
357 1716 470 1757 uiam
494 1717 640 1757 ceteris
663 1717 839 1769 exempli
861 1715 925 1757 sui
947 1715 1026 1757 fide
1048 1717 1089 1757 et
1110 1715 1351 1769 probatione
1373 1714 1651 1756 facientibus?

138 1783 204 1825 hio
233 1785 343 1825 enim
365 1785 562 1838 quosdam
585 1785 733 1827 fratres
754 1786 914 1827 nostros
936 1797 1047 1826 error
1067 1784 1284 1826 induxerat
1306 1784 1415 1837 quod
1436 1783 1515 1824 sibi
1539 1795 1650 1825 com-

139 1853 461 1895 municationem
489 1853 768 1895 confessorum
800 1854 913 1907 sequi
943 1853 1196 1894 uiderentur.
1235 1864 1308 1894 suo
1329 1864 1463 1894 errore
1486 1851 1650 1894 sublato

139 1921 208 1963 lux
238 1923 423 1963 omnium
454 1922 686 1975 pectoribus
715 1923 851 1963 infusa
880 1923 941 1963 est
963 1923 1004 1963 et
1025 1921 1198 1963 ecclesia
1226 1921 1430 1962 catholica
1461 1934 1541 1962 una
1563 1933 1650 1962 esse

95 2006 127 2031 25
141 2003 213 2032 nec
250 1991 381 2032 scindi
416 2004 489 2032 nec
519 1991 653 2032 diuidi
686 2005 803 2045 posse
840 1992 1070 2032 monstrata
1098 1994 1174 2031 est.
1211 2003 1284 2031 nec
1313 1991 1533 2042 quisquam
1565 1989 1649 2031 iam

212 2161 230 2194 1
249 2163 493 2204 processerunt
511 2161 546 2195 Β
639 2161 715 2195 illio
734 2162 778 2201 B,
799 2161 898 2195 illinc
917 2162 958 2195 N
1055 2162 1077 2195 3
1095 2164 1313 2205 temptarent
1330 2161 1398 2195 Mv
1416 2163 1649 2205 (temptaren-

139 2220 198 2251 tur
218 2217 272 2263 Q),
291 2220 527 2262 temptaretur
544 2219 617 2253 BT
624 2232 635 2261 ;
655 2218 690 2252 in
709 2219 760 2252 eis
778 2218 862 2252 add.
890 2220 919 2253 T
935 2219 972 2252 in
989 2230 1100 2264 mary.
1209 2218 1380 2262 capitatis
1399 2218 1434 2253 B
1536 2218 1649 2263 adque

139 2275 293 2309 unitatis
310 2287 374 2309 om.
397 2276 474 2310 BN
578 2275 682 2310 fidem
706 2276 744 2320 Q,
766 2275 849 2310 fides
872 2277 923 2311 1¹0
1029 2276 1124 2311 uicto
1146 2276 1191 2321 ρ·
1210 2276 1313 2319 <uicti
1338 2276 1446 2321 ΨΜ)
1556 2277 1578 2311 4
1595 2277 1649 2311 in-

143 2333 343 2367 maculatao
364 2334 396 2367 Β
526 2334 547 2368 6
564 2333 719 2369 alterum
737 2336 774 2367 et
791 2345 855 2367 om.
875 2333 952 2368 ,ΒΝ
1082 2334 1100 2367 ῖ
1122 2333 1267 2378 scriptis
1283 2333 1318 2367 B
1444 2335 1466 2368 8
1482 2336 1519 2368 et
1535 2334 1649 2368 clerus

140 2401 205 2425 (nn.
233 2390 269 2424 Β
408 2397 443 2424 ot
472 2391 679 2425 fraternitas
713 2392 744 2426 T
745 2402 774 2430 v,
804 2391 1043 2426 fraternitatis
1070 2391 1156 2425 BL¹
1297 2392 1318 2425 9
1343 2390 1536 2436 unitatem]
1561 2402 1649 2425 nun-

141 2448 256 2482 tiante
272 2448 306 2482 B
386 2449 429 2482 10
445 2464 478 2483 a*
495 2459 563 2483 non
583 2448 623 2493 Q,
642 2451 678 2483 et
694 2459 762 2483 non
778 2449 860 2483 MT
937 2459 974 2483 se
991 2460 1056 2483 om.
1072 2449 1109 2483 B
1203 2449 1245 2483 12
1262 2448 1346 2494 diei]
1365 2449 1417 2483 rei
1434 2461 1455 2484 v
1550 2449 1593 2483 13
1606 2449 1649 2484 de

141 2506 274 2549 eorum]
292 2505 434 2540 deorum
451 2507 484 2540 L
577 2506 829 2541 confessionem
847 2506 876 2551 Q
970 2506 1011 2540 14
1028 2506 1152 2540 fratris
1167 2507 1208 2541 N
1301 2507 1344 2540 15
1361 2506 1468 2550 hunc]
1487 2507 1553 2541 hoc
1576 2508 1608 2541 T

141 2564 325 2598 nnnctiuiu
342 2564 374 2597 L
468 2563 723 2607 gratulationis
745 2574 810 2598 om.
829 2564 874 2597 M
885 2564 980 2606 (exli.
1000 2563 1046 2608 Q)
1142 2563 1182 2597 17
1197 2563 1287 2597 dicit
1306 2564 1337 2597 T
1428 2564 1471 2597 18
1483 2574 1590 2608 supra
1604 2563 1650 2598 Β,

141 2631 245 2665 super
263 2631 329 2654 uno
351 2633 367 2655 v
507 2623 723 2665 peccatorem
742 2622 816 2656 ΒΤ
944 2621 1166 2665 paenitentia
1183 2621 1216 2655 L
1347 2624 1512 2665 agentem
1532 2621 1607 2656 BT

141 2680 256 2722 magis
274 2679 319 2712 JI
334 2679 464 2721 (maius
485 2680 528 2724 Q)
654 2680 696 2713 19
713 2690 819 2723 supra
839 2679 871 2713 Β
995 2680 1040 2714 20
1058 2680 1209 2724 gloriam
1229 2690 1328 2713 suam
1351 2679 1382 2723 Q
1497 2682 1536 2714 et
1551 2679 1650 2713 sede-

143 2735 225 2770 undi
246 2736 286 2781 Q.
312 2736 479 2770 redeundi
497 2736 533 2770 Β
671 2737 715 2771 21
733 2737 929 2781 exemplum
950 2736 1059 2781 BQT
1195 2736 1298 2771 fidem
1321 2737 1350 2781 Q
1489 2737 1534 2771 23
1552 2736 1649 2770 uide·

142 2795 239 2828 retur
257 2794 290 2828 L
421 2794 465 2828 24
481 2794 728 2838 peecatoribus
748 2794 819 2839 BQ
956 2795 1001 2828 25
1017 2804 1079 2828 nec
1096 2805 1140 2828 ea:
1158 2794 1243 2828 haec
1261 2793 1378 2839 MQT
1391 2797 1491 2837 (ante
1508 2793 1648 2837 scindi).

141 2862 206 2885 om.
228 2851 261 2885 Β
354 2851 543 2895 quicquam
563 2851 598 2885 Β
692 2852 761 2885 iam
780 2862 846 2886 om.
871 2852 908 2891 T,
928 2855 1002 2885 tam
1023 2852 1057 2885 Β
