1838 3152
162 135 248 177 476
695 131 887 167 Caecilii
921 131 1133 176 Cypriani

163 237 344 291 uirgines
374 236 566 278 inuentae
587 236 763 287 fuerint,
796 237 959 289 accepta
981 235 1347 277 communicatione
1376 237 1427 278 ad
1450 237 1663 278 ecclesiam

165 305 443 346 admittantur
463 305 537 345 hac
558 305 697 346 tamen
719 305 1063 355 interminatione,
1087 305 1134 346 ut
1156 304 1191 345 si
1213 304 1264 346 ad
1285 304 1447 346 eosdem
1463 305 1666 346 masculos

163 374 425 427 postmodum
455 386 638 415 reuersae
669 374 821 415 fuerint
854 374 925 415 aut
956 373 991 414 si
1017 385 1109 414 cum
1140 373 1272 415 isdem
1304 373 1345 414 in
1383 386 1465 414 una
1487 372 1605 413 domo
1629 374 1669 414 et

163 443 238 484 sub
269 443 409 485 eodem
440 443 548 484 tecto
571 443 696 484 simul
725 442 1024 496 habitauerint,
1059 443 1246 496 grauiore
1276 454 1443 484 censura
1474 441 1672 482 eiciantur

162 526 235 555 nec
256 513 299 554 in
319 511 531 554 ecclesiam
554 512 816 565 postmodum
837 511 942 552 tales
963 511 1083 552 facile
1104 511 1365 565 recipiantur.
1400 511 1434 551 si
1451 512 1590 552 autem
1612 511 1659 551 de
1675 529 1689 553 5

163 582 221 625 eis
242 581 380 634 aliqua
402 582 594 634 corrupta
614 580 739 621 fuerit
761 579 1029 633 deprehensa,
1062 581 1158 634 agat
1180 580 1475 633 paenitentiam
1492 580 1670 634 plenam,

164 650 260 703 quia
281 663 383 702 quae
404 650 479 690 hoc
498 649 651 690 crimen
673 649 843 691 admisit
864 661 942 690 non
964 649 1106 690 mariti
1130 649 1200 691 sed
1217 647 1369 690 Christi
1388 649 1573 690 adultera
1596 650 1669 698 est,

166 720 206 761 et
227 719 316 760 ideo
339 719 556 760 aestimato
572 719 681 759 iusto
700 719 882 771 tempore
898 719 1040 770 postea
1058 718 1329 772 exomologesi
1346 717 1455 759 saeta
1474 717 1524 758 ad
1542 718 1671 758 eccle-

167 788 273 830 siam
311 788 461 829 redeat.
505 787 612 840 quod
648 787 682 828 si
712 786 915 828 obstinate
945 787 1208 840 perseuerant
1238 800 1311 829 nec
1339 799 1381 828 se
1412 786 1461 827 ab
1492 787 1669 828 inuicem

165 858 371 910 separant,
404 857 535 898 sciant
564 869 605 898 se
627 868 721 897 cum
741 856 817 897 hac
838 868 911 897 sua
932 856 1125 909 inpudica
1148 855 1418 897 obstinatione
1441 868 1665 908 numquam
1679 869 1715 893 10

166 938 189 967 a
208 926 324 967 nobis
346 925 513 967 admitti
545 926 587 966 in
610 925 825 966 ecclesiam
846 936 976 978 posse,
1008 937 1058 966 ne
1087 924 1321 978 exemplum
1344 924 1488 967 ceteris
1510 924 1562 965 ad
1584 924 1669 965 rui-

166 1008 238 1037 nas
260 995 422 1036 delictis
444 995 528 1035 suis
550 994 683 1036 facere
704 994 915 1047 incipiant.
938 1006 1011 1036 nec
1032 994 1178 1048 putent
1200 993 1279 1035 sibi
1296 994 1408 1035 uitae
1430 995 1501 1035 aut
1524 993 1672 1036 salutis

165 1064 349 1106 constare
369 1064 583 1114 rationem,
607 1063 641 1104 si
660 1063 859 1117 episcopis
877 1063 917 1105 et
936 1063 1212 1105 sacerdotibus
1230 1062 1509 1115 obtemperare
1531 1063 1672 1104 nolue-

168 1134 263 1184 rint,
287 1145 381 1174 cum
401 1133 444 1173 in
464 1132 782 1174 Deuteronomio
804 1131 1007 1173 Dominus
1028 1132 1138 1173 Deus
1160 1131 1291 1173 dicat:
1325 1131 1372 1173 et
1401 1131 1543 1173 homo
1566 1143 1627 1184 qu
1637 1130 1672 1171 i-

166 1214 377 1255 cumque
406 1201 592 1243 fecerit
621 1201 933 1255 superbiam,
965 1202 1020 1242 ut
1047 1213 1141 1242 non
1171 1200 1413 1242 exaudiat
1442 1199 1673 1242 sacerdo-
1689 1214 1719 1239 15

166 1274 269 1313 tem
301 1272 387 1312 aut
417 1271 659 1321 iudicem,
708 1270 1019 1323 quicumque
1050 1269 1214 1311 fuerit
1245 1269 1296 1310 in
1329 1268 1512 1311 diebus
1544 1268 1673 1318 illis,

168 1341 417 1382 morietur
446 1340 593 1382 homo
625 1339 742 1390 ille,
777 1339 826 1381 et
857 1339 1024 1380 omnis
1052 1338 1273 1392 populus
1306 1350 1419 1379 cum
1441 1338 1675 1380 audierit

167 1409 391 1451 timebit
431 1411 478 1450 et
517 1421 610 1450 non
649 1409 759 1463 agit
789 1408 945 1461 impie
977 1407 1136 1449 etiam
1174 1420 1314 1449 nunc.
1357 1407 1531 1449 interfici
1563 1407 1673 1448 Deus

167 1478 290 1520 iussit
320 1478 600 1520 sacerdotibus
631 1478 715 1519 suis
744 1489 822 1519 non
853 1477 1195 1530 obtemperantes,
1238 1476 1380 1518 iudicii
1419 1477 1481 1517 sui
1511 1478 1673 1529 tempus

168 1547 385 1590 constituit
405 1559 485 1589 non
506 1546 828 1589 oboedientibus.
852 1546 891 1587 et
913 1547 1011 1588 tunc
1033 1545 1199 1598 quidem
1217 1544 1353 1600 gladio
1368 1545 1669 1595 occidebantur,
1687 1556 1718 1582 20

307 1709 351 1743 14
377 1709 479 1743 Deut.
509 1708 563 1749 17,
590 1709 642 1743 12.
672 1709 725 1743 13.

240 1825 258 1857 1
285 1823 322 1857 in
339 1825 481 1867 accepta
498 1823 531 1856 B
618 1822 971 1857 communicationem
1002 1820 1042 1866 Q,
1068 1821 1309 1856 communione
1328 1821 1363 1856 R
1432 1821 1453 1855 2
1471 1821 1555 1855 haec
1575 1821 1606 1853 Β

172 1881 316 1916 interim
334 1881 471 1915 ratione
492 1881 542 1916 W
585 1882 626 1914 ut
644 1891 733 1915 eras.
752 1880 786 1914 B
834 1879 864 1914 si
882 1891 945 1915 om.
967 1879 1003 1914 Β
1010 1879 1149 1915 ¹LRW
1210 1879 1232 1913 3
1250 1880 1280 1913 si
1297 1878 1521 1922 postmodum
1540 1877 1676 1917 BRW.

171 1956 204 1974 *ηε
229 1939 450 1984 postmodum
473 1939 502 1984 Q
564 1950 704 1973 reuerae
730 1938 843 1973 furint
868 1938 917 1972 M
976 1937 1115 1972 hisdem
1133 1937 1225 1979 BW,
1252 1936 1385 1971 eisdem
1403 1936 1460 1971 Rv
1522 1937 1544 1970 4
1569 1936 1674 1978 tecto]

171 1999 262 2032 lecto
280 1997 316 2033 R
385 1997 544 2042 grauiori
563 1997 599 2031 B
668 2008 773 2032 censu
798 1996 990 2031 reiciantur
1012 1995 1061 2031 W
1131 1996 1152 2029 5
1180 1995 1273 2029 tales
1291 2005 1355 2029 om.
1375 1994 1505 2029 RRW
1573 1993 1677 2027 facile

172 2066 237 2090 om.
260 2056 311 2091 W
384 2056 406 2090 6
431 2056 496 2100 eis]
522 2055 578 2089 his
597 2055 632 2090 R
714 2055 856 2099 aliquae
879 2053 946 2099 QR
1027 2054 1212 2097 corruptae
1230 2053 1278 2096 R,
1316 2053 1538 2087 contumaces
1561 2051 1591 2095 Q
1614 2050 1676 2085 sed

172 2124 199 2147 s.
219 2113 241 2147 l.
260 2125 304 2148 m.
322 2115 368 2148 2:
388 2114 549 2157 corrupte
634 2113 771 2147 fuerint
792 2111 822 2157 Q
908 2112 1076 2156 deprensa
1101 2111 1146 2154 L,
1172 2112 1208 2144 et
1232 2110 1447 2154 deprehensa
1466 2109 1508 2150 B,
1536 2108 1678 2152 deprae-

174 2170 306 2205 hensae
336 2170 403 2216 QR
497 2172 606 2215 agant
627 2170 657 2215 Q
751 2170 770 2204 7
798 2170 880 2215 quia
905 2180 994 2214 quae
1025 2168 1065 2214 Q,
1093 2178 1249 2212 quaeque
1275 2168 1375 2209 LW,
1403 2177 1491 2212 quae
1517 2167 1568 2209 Β,
1595 2166 1678 2210 quia

175 2228 237 2272 qui
255 2228 290 2264 R
360 2228 508 2262 crimine
526 2230 566 2262 ut
584 2228 620 2262 Β
697 2229 719 2263 8
744 2228 932 2263 aestimato
957 2227 1066 2271 iusto]
1093 2226 1199 2261 existi
1221 2227 1266 2260 W
1343 2227 1423 2271 post
1444 2226 1495 2261 W
1574 2224 1678 2258 exho-

176 2286 370 2330 mologesin
389 2286 589 2331 BLQRW
671 2286 818 2321 ecclesia
840 2285 869 2331 Q
951 2286 972 2320 9
997 2285 1142 2320 redeant
1160 2284 1232 2320 LR
1315 2283 1346 2318 si
1370 2294 1434 2318 om.
1453 2283 1487 2318 L
1569 2282 1678 2327 opsti-

176 2345 279 2378 natae
296 2344 332 2378 L
417 2343 460 2378 ab
485 2343 638 2378 inuicem
664 2355 699 2378 se
724 2344 780 2388 B,-
807 2355 842 2378 se
868 2354 933 2378 om.
956 2344 1007 2379 W
1090 2343 1134 2377 10
1158 2342 1437 2377 obstinationum
1462 2351 1567 2385 quam
1589 2339 1618 2385 Q

177 2402 219 2435 11
244 2401 294 2446 in]
321 2401 364 2436 ad
382 2402 417 2437 R
501 2403 560 2447 ne]
585 2413 648 2436 nec
671 2401 756 2446 QW
839 2401 981 2436 ruinam
999 2402 1110 2436 LWv
1198 2400 1241 2434 12
1266 2399 1389 2434 delicti
1415 2398 1471 2433 sui
1488 2398 1524 2433 R
1606 2398 1679 2441 aut]

177 2469 216 2493 ac
235 2459 270 2494 R
357 2460 401 2494 13
425 2460 469 2504 si]
498 2460 559 2504 qui
589 2460 639 2495 W
723 2461 912 2494 noluerunt
938 2459 1031 2494 LW
1127 2459 1170 2493 14
1195 2457 1358 2492 dominus
1384 2467 1449 2492 om.
1475 2456 1511 2492 R
1597 2455 1681 2490 deus

177 2527 242 2551 om.
268 2517 319 2552 W
376 2519 413 2552 et
430 2528 494 2552 om.
514 2518 549 2552 B
619 2517 663 2552 15
687 2518 723 2551 in
741 2517 905 2561 superbia
923 2517 980 2552 Rv
1044 2516 1087 2550 16
1105 2516 1142 2550 in
1159 2527 1223 2550 om.
1248 2516 1298 2550 W
1367 2514 1410 2548 18
1435 2514 1542 2558 agent
1562 2513 1620 2548 Rz-

178 2575 220 2609 19
246 2575 353 2609 iussit
377 2575 461 2610 deus
491 2577 542 2611 W
631 2574 929 2619 obtemperantes]
954 2574 1085 2617 incipit
1110 2573 1157 2617 F,
1182 2572 1448 2616 obtemperante
1474 2571 1520 2614 B,
1546 2570 1679 2604 obtem-

178 2633 339 2675 perantes
364 2634 399 2667 et
416 2644 437 2668 υ
507 2632 631 2667 iudicii
649 2632 704 2666 sui
726 2632 785 2673 W,
803 2631 927 2666 iudicii
945 2630 1034 2665 suisi
1052 2630 1096 2671 F,
1123 2629 1265 2664 iudiciis
1284 2629 1357 2663 suis
1383 2628 1414 2663 si
1433 2629 1478 2670 Β,
1504 2627 1679 2662 iudicibus

179 2701 199 2724 a
217 2701 252 2724 se
271 2691 400 2736 LQRv
486 2693 626 2736 tempus
651 2690 840 2725 constituit
865 2690 966 2733 FW,
992 2689 1165 2734 templum
1191 2688 1380 2723 constituit
1399 2688 1444 2729 B,
1471 2686 1515 2721 ad
1539 2687 1679 2729 tempus

179 2748 383 2784 constitutis
398 2749 528 2794 LQRQ-
575 2748 620 2783 20
635 2747 900 2783 oboedientibus
915 2747 1089 2788 BFLW,
1105 2745 1326 2780 oboedientes
1342 2745 1430 2789 QRv
1477 2743 1525 2788 et]
1537 2742 1596 2777 sed
1609 2742 1646 2776 F
1654 2742 1685 2776 V
