1838 3152
180 215 261 257 608
723 214 916 250 Caecilii
943 215 1154 259 Cypriani

180 317 350 359 fundata
383 319 457 367 est,
494 319 540 358 ut
563 331 608 359 ex
630 319 841 371 rescriptis
873 319 1124 372 collegarum
1157 319 1390 359 nostrorum
1422 317 1491 369 qui
1525 316 1576 357 ad
1606 327 1679 357 nos

179 385 340 426 litteras
362 386 456 427 inde
478 386 661 428 fecerunt
677 388 717 428 et
734 400 779 428 ex
800 387 999 428 relatione
1015 399 1061 427 ac
1079 386 1327 427 testimoniis
1350 385 1678 438 coepiscoporum

179 454 349 507 Pompei
380 454 420 495 et
441 454 638 508 Stephani
668 457 708 496 et
730 455 899 497 Caldoni
922 469 966 497 ac
986 455 1205 497 Fortunati
1233 454 1501 496 ordinationis
1522 455 1616 495 tuae
1635 454 1680 505 et

179 523 292 575 origo
333 524 558 565 necessaria
594 527 634 565 et
670 525 773 565 ratio
815 525 923 565 iusta
959 526 999 565 et
1035 524 1211 579 gloriosa
1251 535 1408 576 quoque
1451 522 1681 564 innocentia

179 592 368 633 omnibus
397 594 640 634 nosceretur.
675 594 782 645 quod
803 595 850 633 ut
872 593 997 634 simul
1028 605 1120 634 cum
1150 593 1294 634 ceteris
1325 604 1483 645 quoque
1512 590 1708 644 collegiss

179 661 329 702 nostris
363 662 572 703 stabiliter
604 675 649 703 ac
683 663 856 703 firmiter
887 662 1224 703 administremus
1256 662 1386 714 adque
1421 661 1505 714 [ut]
1541 660 1680 701 catho-

178 730 281 770 licae
312 730 502 772 ecclesiae
534 731 719 772 concordi
756 731 1029 772 unanimitate
1063 732 1289 780 teneamus,
1323 730 1504 783 perficiet
1539 729 1680 770 diuina

178 800 389 851 protectiO,
416 801 463 841 ut
486 800 688 841 Dominus
718 800 787 852 qui
817 801 1046 842 sacerdotes
1076 800 1154 841 sibi
1176 800 1217 841 in
1242 799 1410 841 ecclesia
1439 811 1511 840 sua
1531 798 1680 852 eligere

181 868 221 909 et
243 869 490 910 constituere
519 869 728 922 dignatur,
761 868 910 910 electos
932 881 1091 921 quoque
1113 870 1154 910 et
1176 868 1420 910 constitutos
1442 880 1515 909 sua
1534 867 1681 908 uolun-

178 939 266 978 tate
297 937 428 990 adque
459 937 727 990 opitulatione
760 939 938 988 tueatur,
971 938 1250 992 gubernanter
1282 938 1484 990 inspirans
1515 950 1561 979 ac
1582 936 1678 978 sub·
1694 950 1726 975 10
1810 981 1812 988 ‚

179 1006 417 1047 ministrans
447 1008 487 1047 et
518 1007 568 1047 ad
596 1007 860 1058 inproborum
894 1007 1193 1048 contumaciam
1227 1006 1466 1049 frenandam
1496 1007 1678 1060 uigorem
1811 1006 1814 1062 ξ

180 1076 220 1116 et
242 1075 291 1116 ad
314 1075 519 1127 lapsorum
543 1074 763 1117 fouendam
786 1076 1081 1129 paenitentiam
1106 1076 1333 1118 lenitatem.
1363 1078 1458 1130 opto
1481 1077 1533 1126 te,
1556 1076 1682 1116 frater
1811 1067 1813 1111 i

181 1144 402 1194 carissime,
428 1157 589 1196 semper
609 1145 709 1186 bene
732 1146 878 1186 ualere.
1812 1131 1814 1140 ‚

452 1340 967 1413 EPISTVLA
1015 1340 1406 1413 XLVIIII.

538 1479 801 1515 CORNELIVS
828 1479 1067 1514 CYPRJANO
1094 1479 1267 1513 FRATRI
1294 1480 1328 1514 S.
1697 1481 1727 1504 1⁵>

144 1638 158 1678 1
238 1630 444 1682 Quantam
486 1631 808 1672 sollicitudinem
851 1632 892 1671 et
927 1631 1176 1672 anxietatem
1219 1631 1491 1672 sustinuimus
1534 1631 1581 1671 de
1618 1630 1682 1671 his

181 1699 478 1742 confessoribus
511 1700 579 1752 qui
613 1700 705 1741 dolo
735 1700 776 1741 et
805 1699 967 1740 malitia
998 1699 1176 1741 hominis
1208 1699 1348 1740 callidi
1378 1700 1419 1740 et
1440 1700 1683 1741 ueteratoris

180 1769 341 1810 fuerant
362 1769 631 1811 circumuenti
651 1771 691 1810 et
708 1781 833 1821 paene
855 1768 1012 1822 decepti
1038 1770 1078 1810 et
1101 1769 1150 1809 ab
1173 1768 1342 1810 ecclesia
1365 1768 1545 1818 alienati,
1568 1770 1682 1810 tanta

252 1931 268 1963 1
289 1930 342 1974 nt]
362 1932 402 1963 ut
423 1932 458 1963 ct
476 1930 534 1974 2709
680 1930 701 1963 2
719 1930 767 1974 et]
785 1932 826 1963 ut
844 1930 940 1974 172¹,
958 1940 983 1963 s.
1003 1930 1023 1963 l.
1044 1930 1076 1963 Z
1211 1930 1232 1963 3
1250 1929 1413 1963 chaldoni
1433 1930 1513 1970 LP,
1532 1929 1682 1963 caldonii

179 1989 259 2033 2*on
398 1988 586 2032 fortunati]
613 1988 697 2021 forti
717 1988 750 2022 L
890 1988 911 2021 4
929 1988 1041 2032 origo]
1060 1988 1151 2021 ratio
1170 2002 1193 2031 μ
1334 1987 1463 2021 etratio
1480 1997 1572 2021 corr.
1590 1987 1631 2021 in
1648 1988 1684 2020 et

180 2045 328 2079 traditio
348 2047 382 2079 L
406 2057 450 2079 m.
469 2049 490 2079 2
607 2046 628 2079 ἴ)
653 2046 697 2079 ab
722 2045 884 2080 omnibus
903 2047 1041 2092 Ζῶμορυ
1157 2048 1383 2081 noscerentur
1409 2060 1432 2091 μ
1549 2056 1684 2089 quoque

179 2114 243 2137 mn.
264 2104 320 2147 Ζμ
455 2104 612 2147 collegae
630 2104 742 2137 nostri
761 2117 785 2148 μ
925 2105 946 2138 6
963 2104 1207 2138 ministremus
1226 2118 1248 2148 μ
1383 2104 1557 2138 catholica
1576 2104 1636 2148 Ρμ

181 2163 198 2195 7
218 2161 433 2195 concorditer
451 2162 535 2207 οἳίρ,
563 2172 683 2205 pacem
710 2161 911 2196 concordiae
929 2175 964 2206 μ,
991 2173 1111 2206 pacem
1139 2162 1297 2196 concordi
1316 2163 1368 2196 Zv
1508 2162 1684 2195 unanimi-

178 2221 290 2252 tatem
318 2220 436 2265 ίορμῑ,
469 2219 607 2253 unitate
626 2220 658 2253 L
799 2219 959 2263 perficiat
978 2220 1081 2265 Ρίορ,
1110 2219 1271 2263 proficiet
1289 2233 1311 2264 μ
1458 2220 1480 2252 8
1497 2219 1682 2263 protectio]

178 2276 339 2319 dignatio
358 2278 436 2322 Ζμυ
569 2265 684 2310 (11ιῖ12
822 2278 842 2310 9
860 2279 895 2310 ct
914 2277 1127 2311 constituere
1149 2288 1212 2311 om.
1233 2291 1257 2321 μ
1391 2276 1585 2320 dignantur
1603 2277 1638 2310 L

178 2335 364 2379 uoluptate
383 2335 418 2368 L
551 2334 594 2368 10
610 2336 772 2368 teneatur
791 2335 823 2367 Z
952 2334 1190 2378 gubernantes
1208 2346 1238 2375 v,
1263 2334 1463 2379 gubernans
1481 2334 1683 2378 gubernan-

177 2394 231 2426 tes
249 2393 304 2437 Ζμ
422 2393 474 2436 ac]
494 2394 529 2426 et
548 2406 567 2438 ρ
695 2393 735 2425 11
754 2394 790 2425 et
808 2403 886 2436 ely).
907 2406 930 2436 μ
1052 2393 1094 2426 12
1112 2392 1154 2426 ad
1173 2392 1364 2437 lapsorum]
1383 2392 1559 2436 lapsorum
1580 2392 1637 2436 Ζμ

176 2449 361 2484 lenitatem
392 2460 456 2484 om.
483 2450 515 2483 Z
650 2450 806 2494 opto
828 2450 945 2484 ualere
976 2462 1040 2483 om.
1068 2450 1102 2483 L
1241 2450 1283 2484 13
1311 2450 1429 2484 ualere
1459 2460 1557 2484 amen
1582 2450 1621 2483 Z.
1645 2470 1679 2473 —r

178 2507 334 2552 Explicit
365 2507 443 2541 ·111·
474 2507 517 2548 L,
550 2507 705 2551 Explicit
738 2507 781 2542 ad
811 2507 1009 2542 Cornelium
1043 2507 1122 2541 ·1H·
1154 2508 1221 2551 Po,
1255 2507 1309 2542 Ad
1336 2507 1536 2542 Cornelium
1571 2507 1685 2540 ·V111·

178 2565 323 2609 explicit
340 2566 380 2606 Z,
399 2565 556 2609 Explicit
573 2565 597 2605 i,
615 2575 679 2599 om.
700 2578 757 2611 μρ.
777 2584 820 2589 -

246 2622 361 2667 Epist.
391 2619 578 2657 XLVIIII.
610 2643 652 2647 -
683 2622 818 2666 Incipit
851 2623 1023 2667 rescripta
1049 2622 1187 2658 Corneli
1222 2622 1266 2657 ad
1291 2622 1498 2666 Ciprianum
1527 2622 1568 2656 de
1598 2621 1683 2655 scis-

177 2680 321 2715 maticis
348 2680 513 2725 (epistola
539 2680 655 2724 prima.
673 2680 840 2724 Cypriani
861 2680 945 2714 add.
970 2680 1012 2724 C)
1038 2681 1109 2721 GT,
1136 2680 1270 2724 Incipit
1287 2679 1332 2713 ad
1349 2679 1494 2714 eundem
1515 2679 1582 2721 (Ad
1600 2679 1682 2713 Cor-

177 2738 310 2772 nelium
328 2738 480 2782 epistola
498 2740 538 2783 μ)
556 2749 647 2772 nona
664 2738 737 2782 Ru.
759 2758 799 2762 -
820 2738 863 2771 15
881 2737 1078 2782 Cyprianus
1097 2737 1260 2772 Cornelio
1284 2737 1397 2782 0¹1}st
1530 2736 1682 2770 salutem

177 2806 242 2830 om.
262 2795 335 2830 RT
472 2795 514 2829 16
533 2795 767 2829 ancxietatem
795 2796 823 2830 (J
952 2795 998 2828 iis
1015 2807 1036 2829 v
1169 2795 1211 2828 17
1230 2794 1309 2829 dolo
1326 2796 1362 2828 et
1380 2808 1404 2839 μ
1421 2805 1445 2828 s.
1465 2795 1486 2828 l.
1507 2805 1550 2827 m.
1569 2796 1592 2827 :2

178 2853 315 2887 homini
338 2854 370 2888 T
491 2853 619 2887 caldidi
644 2855 686 2887 ΤΙ
829 2854 871 2888 18
889 2852 1032 2887 fuerunt
1054 2854 1098 2887 T·
1236 2852 1386 2896 decepti]
1405 2851 1539 2895 accepti
1566 2851 1595 2884 Τ

178 2912 316 2944 tantam
336 2911 517 2945 laetitiam
540 2911 605 2945 CR
