1838 3152
483 853 1051 927 EPISTVLA
1115 853 1161 926 Ι.

75 1013 337 1051 CYPRIAst
371 1012 690 1048 PRESBYTERIS
722 1013 780 1047 ΕΤ
812 1012 1100 1048 DIACONIBVS
1134 1012 1192 1047 ET
1224 1011 1363 1047 PLEBI
1399 1011 1574 1047 FVRNIS

597 1069 996 1106 CONSISTENTIBVS
1021 1070 1052 1105 S.

160 1190 361 1253 Grauiter
382 1210 560 1252 conmoti
583 1222 725 1251 sumus
746 1220 820 1263 ego
851 1210 892 1250 et
922 1208 1102 1263 collegae
1133 1208 1215 1250 mei
1248 1209 1318 1262 qui
1341 1208 1606 1263 praesentes!

44 1277 239 1321 saderant
276 1280 316 1321 et
356 1278 656 1332 conpresbyter-i
693 1278 821 1319 nostri
853 1277 923 1331 qui
960 1277 1077 1320 nobis
1117 1277 1379 1332 adsidebant‚
1423 1276 1574 1320 fratres

72 1347 284 1398 carissimi,
307 1360 400 1389 cum
417 1347 752 1402 cognouissemus
774 1346 881 1400 quod
898 1345 1114 1389 Geminius
1132 1346 1275 1388 Victor
1296 1347 1422 1389 frater
1437 1347 1574 1389 noster

71 1417 118 1459 de
146 1416 306 1458 saeculo
335 1416 528 1458 excedens
550 1415 788 1458 Geminium
810 1415 1055 1458 Faustinum
1083 1415 1371 1470 presbyterum
1392 1417 1573 1458 tutorem

70 1486 312 1527 testamento
343 1497 413 1527 suo
435 1484 730 1535 nominauerit,
762 1497 857 1527 cum
878 1485 962 1526 iam
982 1484 1141 1538 pridem
1162 1484 1204 1526 in
1226 1485 1398 1527 concilio
1420 1485 1574 1539 episco-

71 1565 213 1608 porum
241 1554 448 1596 statutum
473 1554 528 1596 sit
556 1567 605 1595 ne
635 1554 726 1607 quis
756 1554 805 1595 de
832 1553 989 1596 clericis
1011 1554 1051 1595 et
1068 1554 1145 1595 Dei
1166 1554 1370 1596 ministris
1392 1554 1573 1596 tutorem

29 1623 138 1665 muel
159 1625 387 1665 curatorem
409 1623 654 1665 testamento
684 1634 756 1664 suo
777 1623 1025 1674 constituat,
1057 1623 1215 1677 quando
1246 1622 1401 1678 singuli
1432 1622 1573 1665 diuino

73 1692 295 1734 sacerdotio
324 1693 508 1733 honorati
537 1693 577 1734 et
606 1692 648 1733 in
684 1691 831 1734 clerico
869 1691 1099 1734 ministerio
1129 1691 1347 1734 constituti
1383 1703 1463 1734 non
1491 1691 1573 1734 nisi

73 1760 192 1803 altari
215 1762 256 1803 et
277 1760 488 1803 sacrificiis
509 1760 713 1803 deseruire
735 1761 775 1802 et
795 1760 985 1815 precibus
1006 1761 1138 1814 adque
1154 1760 1408 1803 orationibus
1430 1772 1574 1802 uacare

73 1829 257 1872 debeant.
290 1831 489 1884 scriptum
513 1831 574 1872 est
596 1830 726 1872 enim:
758 1841 898 1872 nemo
920 1829 1155 1871 militans
1178 1829 1278 1871 Deo
1301 1829 1504 1884 obligat
1525 1841 1574 1870 se

72 1899 330 1941 molestiis
359 1899 751 1949 saecularibus,
793 1899 847 1940 ut
882 1899 1053 1952 possit
1087 1899 1289 1952 placere
1326 1899 1369 1940 ei
1408 1898 1492 1940 cui
1523 1910 1574 1940 se

23 1967 329 2020 ¹mprobauit.
363 1968 469 2021 quod
491 1981 583 2010 cum
607 1967 654 2009 de
676 1967 867 2009 omnibus
890 1967 1047 2009 dictum
1064 1967 1132 2018 sit,
1155 1969 1306 2021 quanto
1327 1967 1463 2021 magis
1484 1978 1575 2008 mo-

73 2035 201 2078 lestiis
234 2038 274 2078 ct
310 2037 466 2090 laqueis
495 2037 773 2079 saecularibus
804 2036 981 2091 obligari
1018 2048 1097 2078 non
1133 2036 1283 2078 debent
1319 2036 1389 2089 qui
1420 2034 1573 2077 diuinis

73 2105 189 2147 rebus
206 2107 246 2147 et
264 2105 519 2158 spiritalibus
549 2105 736 2159 occupati
769 2105 819 2147 ab
848 2104 1021 2147 ecclesia
1049 2105 1234 2147 recedere
1255 2105 1295 2146 et
1316 2104 1367 2146 ad
1390 2106 1572 2146 terrenos

0 2194 1 2231 3
73 2174 113 2216 et
133 2174 356 2216 saeculares
378 2175 492 2216 actus
511 2186 654 2216 uacare
676 2187 754 2216 non
772 2174 954 2227 possunt.
988 2173 1104 2216 cuius
1126 2173 1394 2216 ordinationis
1416 2174 1456 2215 et
1477 2172 1574 2215 reli—

205 2299 247 2333 13
272 2299 309 2333 II
335 2299 423 2333 Tim.
451 2300 483 2339 2,
507 2300 539 2334 4.

117 2411 227 2456 Epist.
255 2413 283 2447 Ι.
304 2431 344 2437 -
364 2413 493 2456 Incipit
519 2412 562 2447 ad
588 2412 719 2447 clerum
745 2416 780 2446 et
805 2413 942 2457 plebem
971 2413 1028 2457 (ad
1055 2413 1187 2448 clerum
1212 2416 1247 2448 et
1272 2413 1408 2458 plebem
1433 2423 1497 2448 om.
1524 2412 1570 2454 F,

73 2467 326 2503 furnitanorum
364 2469 449 2504 add.
483 2469 525 2512 C)
562 2469 603 2504 dc
630 2470 768 2504 Victore
806 2470 866 2514 qui
891 2470 1103 2505 Faustinum
1139 2470 1380 2515 presbyterum
1419 2472 1572 2506 tutorem

72 2527 264 2561 nominauit
301 2526 561 2571 CFLNPQV.
596 2546 638 2552 —
672 2528 693 2561 2
730 2527 885 2561 diaconis
927 2528 969 2562 C¹
1085 2528 1106 2561 5
1147 2529 1183 2563 et
1220 2527 1413 2572 presbyteri
1447 2527 1482 2562 L

73 2582 249 2619 nobiscum
283 2585 346 2620 CI’
417 2585 437 2618 6
463 2595 539 2619 curn
566 2585 850 2629 cognouissenms
881 2585 972 2629 quod
997 2596 1063 2620 om.
1090 2585 1140 2620 L¹
1218 2586 1237 2619 7
1263 2585 1447 2630 geminum
1479 2585 1509 2620 C

72 2639 94 2674 8
117 2642 205 2686 cum]
233 2653 310 2676 cum
338 2643 378 2677 N
445 2644 466 2676 9
491 2642 627 2676 clericis
653 2642 701 2687 ct]
727 2643 914 2677 aecclesiae
946 2643 975 2678 C
1043 2642 1111 2687 dei]
1137 2642 1179 2677 dc
1209 2642 1242 2676 V
1310 2642 1351 2676 11
1379 2643 1415 2676 ct
1439 2640 1488 2685 in]
1515 2651 1574 2675 ex·

73 2697 175 2733 tincti
201 2699 229 2734 C
297 2700 497 2734 clericorum
522 2699 720 2734 ministerio
744 2711 788 2734 ea:
816 2699 939 2734 clerico
964 2700 1175 2734 monasterio
1202 2700 1236 2734 L
1259 2711 1304 2734 m.
1322 2701 1358 2742 2,
1384 2698 1502 2734 elerici
1527 2697 1571 2732 ab

73 2756 264 2791 ministerio
296 2757 326 2792 C
393 2757 435 2791 12
453 2756 559 2791 alteri
578 2757 612 2791 L
684 2757 729 2791 13
745 2756 808 2792 (leo
833 2767 933 2791 ncmo
965 2757 995 2792 C
1009 2758 1186 2791 sed‘ncmo
1204 2767 1280 2800 exp.
1300 2767 1345 2791 m.
1365 2757 1391 2790 2
1455 2754 1499 2789 14
1516 2755 1571 2789 cui

77 2810 147 2853 CF,
173 2814 232 2858 qui
253 2813 399 2858 LNPQ
470 2814 513 2848 15
537 2814 702 2858 probabit
720 2815 769 2849 L¹
849 2815 890 2848 17
911 2815 1075 2849 eeclesiae
1098 2815 1141 2850 G·
1218 2813 1274 2858 ad]
1301 2814 1337 2847 in
1363 2813 1393 2849 C
1453 2812 1496 2847 18
1513 2822 1572 2846 cu-

74 2867 140 2914 ius]
165 2870 238 2904 eius
269 2871 298 2906 C

207 2941 270 2971 111.
1240 2930 1296 2972 30
