1838 3152
599 268 833 312 Epistulae
859 268 1019 304 Lx111.
1046 282 1073 305 c.
1098 271 1200 305 4—7.
1562 273 1643 315 705

205 372 252 412 In
283 371 564 413 benedictione
603 385 761 425 quoque
792 372 916 414 Iudae
947 373 1021 414 hoc
1051 373 1161 415 idem
1194 374 1463 428 significatur,
1503 375 1574 416 ubi
1606 375 1685 419 eto

145 440 236 481 illic
266 438 420 481 Christi
459 440 591 494 figura
628 441 889 494 exprimitur,
930 441 1037 494 quod
1074 455 1098 483 a
1129 442 1326 484 fratribus
1364 443 1449 484 suis
1487 442 1647 484 laudari

147 509 188 549 et
219 507 378 549 adorari
409 507 598 559 haberet,
638 509 745 562 quod
785 509 1047 551 inimicorum
1086 509 1204 551 dorsa
1241 511 1473 552 cedentium
1515 510 1646 564 adque

149 575 399 631 fugientium
438 577 626 618 manibus
659 578 808 630 quibus
839 590 999 619 crucem
1038 578 1211 631 pertulit
1250 580 1291 620 et
1328 581 1505 621 mortem
1545 579 1648 620 uicit

119 655 435 696 sconpressurus
482 646 626 687 fuisset
673 647 859 699 quodque
904 647 990 700 ipse
1028 646 1083 687 sit
1125 646 1187 687 leo
1226 646 1275 687 de
1313 647 1424 689 tribu
1463 648 1567 689 Iuda
1606 648 1647 689 et

155 711 321 753 recubet
359 713 564 754 dormiens
602 714 644 755 in
684 714 871 767 passione
902 717 943 756 et
974 716 1118 769 surgat
1150 716 1191 756 et
1221 715 1277 756 sit
1307 715 1393 767 ipse
1424 728 1515 768 spes
1547 729 1648 770 gen-

153 780 271 821 tium.
306 781 454 834 quibus
485 782 688 834 scriptura
720 782 860 823 diuina
890 783 1081 837 adiungit
1112 783 1152 825 et
1183 782 1307 824 dicit:
1347 783 1435 824 lau
1447 784 1557 825 abit
1597 783 1648 825 in

149 848 266 890 uino
313 851 499 892 stolam
545 863 684 893 suam
730 853 780 893 et
829 852 878 893 in
930 852 1185 907 sanguine
1234 865 1360 893 uuae
1405 853 1649 894 amictum

146 931 304 960 suum.
350 919 510 972 quande
540 922 681 962 autem
712 921 879 975 sanguis
911 934 1014 962 uuae
1045 921 1210 971 dicitur,
1252 921 1350 973 quid
1381 920 1494 962 aliud
1526 933 1649 973 quam

102 1003 135 1028 ιο
150 986 294 1027 1111111111
317 987 456 1029 calicis
477 988 672 1029 dominici
695 990 861 1043 sanguis
883 990 1142 1031 ostenditur?

204 1055 287 1096 Nec
308 1067 386 1097 non
407 1057 448 1097 et
471 1059 571 1110 aput
591 1057 758 1098 Esaiam
786 1057 860 1099 hoc
890 1058 1000 1099 idem
1030 1058 1200 1110 spiritus
1223 1059 1389 1099 sanctus
1410 1057 1460 1099 (le
1483 1057 1648 1099 Domini
1663 1060 1685 1101 7

145 1124 329 1176 passione
368 1126 546 1166 testatur
587 1125 745 1167 dicens:
797 1138 952 1178 quare
997 1126 1285 1167 rubicunda
1329 1126 1448 1167 sunt
1491 1126 1648 1167 uesti-

149 1194 321 1235 menta
359 1193 464 1244 tua,
505 1196 553 1235 et
584 1194 885 1236 indumenta
913 1196 1006 1236 tua
1036 1195 1186 1236 uelut
1216 1194 1509 1236 calcatione
1548 1196 1648 1236 tor-

145 1261 345 1303 cularis
384 1261 522 1315 pleni
561 1264 607 1304 et
646 1263 962 1316 percalcati?
1008 1263 1210 1316 numquid
1249 1263 1475 1304 rubicunda
1519 1263 1650 1304 uesti-

101 1349 132 1374 15
148 1332 287 1372 menta
316 1344 419 1383 aqua
446 1332 583 1385 potest
611 1331 741 1373 facere
762 1333 834 1373 aut
856 1332 897 1373 in
919 1332 1114 1374 torculari
1135 1344 1241 1384 aqua
1262 1333 1324 1373 est
1345 1344 1447 1384 quae
1478 1331 1650 1385 pedibus

148 1400 331 1441 calcatur
351 1400 417 1440 uel
439 1400 576 1453 praelo
596 1401 869 1454 exprimitur?
900 1401 986 1442 uini
1008 1401 1150 1454 utique
1178 1401 1334 1442 mentio
1356 1401 1446 1442 ideo
1466 1401 1647 1454 ponitur,

148 1470 195 1509 ut
215 1468 381 1509 Domini
411 1469 578 1522 sanguis
609 1469 704 1510 uino
734 1470 1002 1523 intellegatur
1032 1471 1073 1511 et
1103 1470 1211 1522 quod
1232 1470 1274 1510 iu
1296 1469 1422 1511 calice
1443 1469 1648 1510 dominico

152 1537 294 1589 postea
315 1536 625 1578 manifestatum
648 1539 711 1579 est
732 1537 941 1591 prophetis
963 1538 1306 1579 adnuntiantibus
1328 1537 1647 1591 praedicaretur.

151 1605 368 1646 torcularis
397 1618 554 1658 quoque
576 1605 747 1647 calcatio
770 1606 810 1647 et
830 1619 1019 1659 pressura
1041 1607 1226 1647 taxatur:
1257 1606 1353 1658 quia
1374 1606 1576 1658 quomodo
1598 1605 1650 1646 ad

101 1674 371 1726 φορῶ-«1111111111
404 1674 547 1715 1111111111
578 1675 706 1715 ueniri
735 1687 813 1716 non
842 1676 977 1728 potest
997 1674 1076 1716 nisi
1097 1674 1267 1716 botruus
1293 1674 1475 1716 calcetur
1495 1675 1589 1715 ante
1610 1674 1651 1714 et

151 1744 372 1796 prematur,
405 1743 462 1784 sic
493 1756 565 1784 nec
595 1755 666 1784 nos
698 1744 937 1798 sanguinem
960 1743 1113 1785 Christi
1146 1755 1356 1797 possemus
1387 1742 1538 1793 bibere,
1571 1741 1650 1783 nisi

287 1947 305 1980 7
334 1948 418 1981 Gen.
444 1947 500 1987 49,
528 1948 579 1981 11.
676 1948 719 1981 12
745 1947 799 1981 Es.
826 1947 880 1988 63,
904 1948 935 1981 2.

218 2130 235 2162 1
257 2128 520 2173 significabitur
538 2128 573 2163 R
734 2129 757 2162 2
774 2128 988 2172 expromitur
1011 2128 1040 2163 0
1215 2129 1236 2161 3
1253 2130 1288 2161 et
1307 2127 1446 2161 adorari
1464 2138 1530 2161 om.
1558 2128 1595 2167 V,
1616 2128 1653 2161 et

149 2186 358 2221 adhonorari
379 2186 422 2219 S²
627 2186 717 2230 quod
736 2190 771 2220 et
790 2187 824 2220 1*
1033 2185 1253 2220 cffcdcntium
1273 2186 1310 2227 S,
1336 2185 1556 2220 caedentium
1577 2184 1607 2230 Q

149 2245 170 2277 G
189 2244 358 2278 recubans
379 2244 409 2289 Q
593 2246 757 2288 resurgat
777 2243 806 2288 Q
998 2243 1016 2276 7
1036 2243 1198 2277 adiunxit
1220 2243 1249 2287 Q
1433 2242 1526 2276 dixit
1544 2242 1607 2286 SQ

150 2301 290 2335 lauauit
307 2302 354 2335 M
370 2301 523 2344 (lauabit
543 2301 585 2346 Q)
787 2300 831 2335 10
848 2300 1033 2345 sanguinis
1053 2301 1178 2345 QRVv
1378 2301 1417 2333 11
1437 2302 1473 2333 ct
1490 2311 1556 2334 om.
1577 2298 1607 2344 Q

150 2359 268 2393 esc-ian
288 2358 323 2394 S.
350 2359 477 2392 csciam
498 2358 538 2403 Q,
564 2358 691 2392 isaiam
708 2358 742 2392 R
767 2358 797 2391 is
822 2359 861 2392 in
881 2368 952 2392 ras.
1163 2358 1205 2391 13
1223 2368 1244 2390 a
1261 2356 1455 2391 calcatione
1474 2356 1607 2391 LORv

152 2416 194 2450 14
212 2418 248 2449 et
267 2415 363 2459 pleni
381 2418 417 2449 et
435 2416 470 2450 P
619 2415 853 2449 rubicundum
872 2415 916 2449 S¹
1073 2415 1116 2449 15
1134 2425 1243 2458 aquas
1267 2414 1296 2449 Ο
1440 2413 1476 2447 111
1495 2425 1560 2447 om.
1581 2414 1611 2448 S

150 2463 260 2517 aquae
280 2472 309 2506 S
479 2473 578 2518 quae]
598 2483 708 2516 aquae
727 2473 756 2507 S
934 2473 976 2506 16
994 2472 1174 2506 calcantur
1192 2471 1221 2505 S
1392 2471 1461 2515 uel]
1481 2473 1517 2504 et
1534 2471 1608 2505 LP

152 2530 273 2574 praelo
291 2541 354 2563 om.
376 2530 411 2564 P
595 2529 673 2564 ideo
697 2529 873 2574 OQRSV,
898 2531 952 2563 est
969 2532 1004 2563 et
1020 2529 1098 2563 idco
1115 2529 1187 2563 LP
1370 2528 1556 2571 exponitur
1577 2527 1607 2573 Q

151 2587 193 2621 17
214 2588 294 2621 uino
313 2598 377 2620 om.
398 2599 417 2621 v
541 2588 577 2621 et
593 2598 659 2621 om.
679 2587 712 2622 R
839 2588 881 2620 18
898 2587 1144 2628 manifestum
1163 2585 1192 2619 S
1309 2584 1569 2628 praediceretur
1586 2596 1606 2619 v

153 2645 198 2678 19
216 2644 274 2687 ad]
293 2644 441 2678 calcatio
460 2643 503 2678 ad
522 2644 572 2678 L*
717 2644 762 2678 20
779 2644 974 2688 putandum
994 2644 1030 2679 S.
1050 2642 1242 2687 optandum
1266 2641 1295 2686 Q
1435 2641 1607 2686 uenireQ

149 2701 297 2735 botruus
317 2701 389 2741 SL,
417 2700 567 2735 bxotuus
591 2701 620 2746 Q
643 2702 674 2745 (r
700 2712 819 2742 era-sn),
850 2701 989 2735 biom-us
1007 2701 1054 2735 M
1077 2702 1108 2742 (r
1134 2701 1252 2742 era-3),
1280 2698 1405 2732 botrus
1434 2698 1559 2734 OPRv

151 2759 302 2792 calccfur
327 2769 417 2792 corr.
437 2758 479 2791 ‘in
503 2757 596 2792 calce
620 2757 769 2792 feriatur
786 2760 821 2792 P
837 2770 880 2792 m.
899 2762 921 2792 2
1104 2758 1145 2791 ‘21
1166 2756 1336 2799 sanguine
1353 2755 1388 2790 R
1573 2766 1650 2799 pos-

151 2815 261 2849 simus
286 2815 326 2859 Q,
342 2826 528 2860 possumus
546 2815 581 2849 P
719 2815 858 2849 ebibere
883 2815 959 2860 QR,
978 2817 1014 2849 et
1033 2815 1150 2849 bibcrc
1173 2816 1202 2847 (Ι

287 2886 354 2915 111.
1319 2871 1375 2913 45
