1838 3152
135 230 219 272 664
690 229 883 264 Caecilii
909 229 1127 274 Cypriani

137 331 253 373 nobis
281 331 480 372 indicitur
500 331 579 372 Dei
602 333 736 374 eastra
757 334 989 386 procedant.
1015 334 1227 375 armentur
1248 334 1414 390 integri,
1438 350 1486 379 ne
1508 337 1652 391 perdat

141 400 302 453 integer
325 399 432 452 quod
453 412 581 452 nuper
603 400 732 442 stetit.
756 402 965 443 armentur
986 403 1026 443 et
1048 402 1165 454 lapsi,
1189 404 1236 444 ut
1257 405 1298 445 et
1319 404 1458 458 lapsus
1480 406 1651 459 recipiat

140 468 251 521 quod
284 468 438 510 amisit.
471 468 653 522 integros
675 469 824 519 honor,
855 471 990 523 lapsos
1012 471 1127 512 dolor
1149 471 1199 512 ad
1221 472 1422 525 proelium
1443 475 1647 527 prouocet.

137 536 292 578 armari
318 538 358 578 et
380 537 515 589 parari
537 549 607 578 nos
629 538 772 579 beatus
794 539 1001 591 apostolus
1024 540 1140 581 docet
1162 540 1322 582 dicens:
1351 554 1449 583 non
1472 544 1548 584 est
1569 556 1649 585 no-

139 607 221 648 bis
255 606 586 648 conluctatio
618 607 865 648 aduersus
898 621 1098 649 carnem
1131 609 1178 650 et
1210 610 1527 664 sanguinem,
1559 612 1646 653 sed
1676 629 1690 653 5

143 675 396 716 aduersus
443 675 742 728 potestates
789 676 838 717 et
878 676 1142 730 principes
1188 677 1342 719 huius
1387 680 1558 721 mundi
1602 681 1650 722 et

141 744 323 785 harum
354 743 708 794 tenebrarum,
751 744 999 786 aduersus
1038 745 1264 798 spiritus
1295 748 1564 800 nequitiae
1596 749 1648 790 in

146 813 491 855 caelestibus.
544 814 756 866 propter
802 814 931 866 quod
984 815 1192 856 induite
1235 817 1347 858 tota
1391 829 1550 867 arma,
1598 819 1655 860 ut

145 882 370 936 possitis
402 882 650 923 resistere
682 882 732 923 in
765 882 843 924 die
873 884 1215 936 nequissimo⁷
1257 887 1312 927 ut
1344 898 1454 927 cum
1485 888 1653 928 omnia

142 951 484 1004 perfeceritis
517 951 673 992 stetis
705 951 934 993 adcincti
966 952 1171 994 lumbos
1203 955 1406 995 uestros
1439 955 1489 996 in
1521 956 1702 996 ueri-10

144 1020 275 1070 tate,
320 1019 497 1061 induti
537 1020 753 1061 loricam
792 1020 1042 1063 iustitiae
1083 1023 1133 1063 et
1165 1023 1388 1064 calciati
1420 1024 1572 1076 pedes
1602 1024 1652 1065 in

145 1089 553 1142 praeparatione
584 1090 731 1141 pacis
763 1090 1052 1144 euangelii,
1089 1090 1422 1133 adsumentes
1454 1094 1656 1134 scutum

145 1157 295 1207 fidei7
329 1158 380 1198 in
412 1170 505 1211 quo
549 1159 770 1212 possitis
814 1160 984 1201 omnia
1025 1160 1197 1214 ignita
1238 1161 1411 1203 iacula
1451 1162 1658 1215 nequis-

145 1226 262 1267 simi
287 1227 602 1281 extinguere
625 1229 672 1268 et
703 1229 900 1282 galeam
934 1229 1127 1270 salutis
1159 1230 1207 1271 et
1238 1230 1467 1284 gladium
1499 1230 1657 1284 spiri-

150 1296 255 1346 tus,
292 1296 380 1348 qui
412 1297 489 1337 est
521 1309 684 1338 sermo
716 1298 822 1339 Dei.
1676 1315 1707 1339 ιε»

105 1369 131 1409 9
215 1365 329 1407 Haec
351 1378 464 1407 arma
487 1378 710 1417 sumamus,
733 1367 797 1408 his
820 1379 891 1408 nos
913 1368 1159 1410 tutamentis
1189 1368 1447 1422 spiritalibus
1470 1369 1510 1410 et
1531 1369 1662 1411 caele-

147 1435 280 1476 stibus
311 1435 558 1486 muniamus,
594 1437 640 1477 ut
662 1436 706 1476 in
729 1436 793 1477 die
815 1437 1065 1489 nequissimo
1088 1438 1276 1479 resistere
1298 1438 1452 1480 diaboli
1472 1438 1596 1480 minis
1619 1439 1659 1480 et

147 1516 374 1558 repugnare
390 1505 606 1556 possimus,
631 1504 850 1547 induamus
867 1506 1037 1548 loricam
1053 1506 1253 1557 iustitiae,
1272 1508 1319 1547 ut
1338 1508 1475 1549 contra
1492 1507 1653 1549 inimici

148 1574 280 1615 iacula
302 1574 508 1615 munitum
529 1574 584 1615 sit
605 1575 746 1628 pectus
770 1576 810 1616 et
830 1576 982 1616 tutum.
1018 1575 1180 1617 calciati
1203 1575 1287 1617 sint
1308 1575 1542 1630 euangelico
1564 1588 1653 1617 ma-

150 1643 320 1697 gisterio
340 1644 380 1684 et
402 1643 552 1684 armati
574 1644 709 1696 pedes,
733 1644 780 1684 ut
801 1657 895 1685 cum
917 1656 1080 1697 serpens
1112 1644 1260 1685 calcari
1283 1657 1306 1686 a
1326 1644 1443 1686 nobis
1465 1646 1505 1686 et
1521 1644 1653 1686 obteri
1673 1659 1708 1686 20

151 1712 349 1764 coeperit,
383 1712 566 1753 mordere
596 1713 636 1753 et
674 1712 937 1765 subplantare
968 1726 1047 1754 non
1076 1715 1218 1766 possit.
1250 1714 1460 1766 portemus
1495 1713 1659 1755 fortiter

151 1782 314 1822 scutum
347 1780 462 1831 fidei,
494 1792 572 1833 quo
601 1782 840 1835 protegente
870 1782 1069 1834 quidquid
1091 1782 1295 1823 iaculatur
1316 1782 1507 1824 inimicus
1528 1783 1660 1835 possit

151 1850 348 1904 extingui.
373 1850 622 1902 accipiamus
645 1862 802 1903 quoque
820 1851 871 1892 ad
888 1851 1176 1905 tegumentum
1195 1851 1340 1904 capitis
1357 1852 1518 1906 galeam
1536 1852 1660 1905 spiri-

158 1920 298 1968 talem,
322 1919 368 1960 ut
389 1919 631 1960 muniantur
653 1932 785 1970 aures,
808 1932 857 1960 ne
879 1920 1050 1961 audiant
1071 1920 1205 1961 edicta
1226 1920 1370 1962 feralia
1379 1954 1390 1974 7
1423 1921 1664 1962 muniantur

157 1988 277 2037 oculi,
296 2002 345 2029 ne
363 1988 533 2029 uideant
550 1988 788 2030 detestanda
805 1989 1037 2039 simulacra,
1061 1989 1273 2031 muniatur
1289 1989 1410 2039 frons,
1435 1991 1481 2030 ut
1498 1990 1664 2043 signum
1679 2007 1713 2032 25

154 2058 230 2099 Dei
253 2057 456 2099 incolume
478 2058 678 2109 seruetur,
702 2057 913 2099 muniatur
930 2069 985 2109 os,
1008 2058 1055 2099 ut
1072 2058 1297 2100 Dominum
1315 2070 1435 2099 suum
1454 2057 1664 2100 Christum

289 2207 312 2240 4
337 2206 424 2250 Eph.
454 2206 484 2247 6,
514 2206 658 2240 12—17.

227 2346 245 2379 1
265 2345 444 2389 indigitur
462 2345 497 2379 R
636 2344 692 2378 dei
719 2355 809 2379 eras.
828 2344 869 2378 in
894 2343 932 2389 Q,
952 2344 993 2378 de
1013 2344 1060 2378 M
1197 2344 1324 2379 castris
1342 2345 1390 2378 M
1402 2344 1463 2378 sed
1482 2344 1512 2378 is
1530 2345 1570 2379 in
1589 2355 1660 2379 ras.

159 2404 292 2447 (eastra
315 2402 356 2446 Q)
452 2401 475 2436 4
491 2402 695 2446 praeparari
713 2413 732 2436 v
828 2401 1009 2445 apostolus
1027 2401 1155 2445 paulus
1178 2401 1216 2446 Q,
1235 2401 1362 2446 paulus
1380 2402 1561 2446 apostolus
1580 2402 1615 2436 R

163 2459 263 2494 docet
282 2471 345 2494 om.
373 2459 473 2504 Q¹M‚
491 2460 610 2493 monet
632 2458 678 2504 (2²
695 2469 721 2493 s.
741 2459 761 2493 l.
903 2458 925 2493 5
942 2458 1109 2492 aduersus
1127 2469 1154 2493 e.
1174 2469 1200 2493 e.
1221 2469 1246 2492 s.
1267 2458 1326 2493 sed
1344 2469 1408 2494 om.
1429 2459 1464 2493 B
1595 2459 1616 2493 6
1634 2460 1670 2494 et

162 2517 301 2560 harum]
327 2518 453 2550 harum
472 2517 506 2550 P
646 2517 665 2549 7
684 2516 851 2559 spiritum
871 2515 905 2549 B
1043 2515 1064 2549 8
1081 2517 1162 2549 tuta
1183 2515 1229 2560 0²
1248 2517 1339 2559 (tota
1356 2515 1478 2560 MQQ,
1506 2527 1570 2550 om.
1590 2516 1624 2551 R

162 2575 207 2609 10
224 2585 263 2608 ac
279 2574 387 2608 cincti
408 2575 442 2608 P
542 2574 583 2607 11
602 2573 739 2607 induite
761 2573 806 2618 Q¹
826 2573 957 2617 (induti
981 2572 1100 2617 Q²M)‚
1120 2573 1306 2607 induentes
1329 2573 1363 2607 V
1453 2575 1487 2607 et
1505 2584 1570 2607 om.
1590 2574 1626 2607 B

165 2633 208 2667 12
227 2632 403 2676 euangelii
423 2632 519 2676 pacis
539 2643 558 2666 Υ
699 2631 742 2664 14
761 2630 920 2675 spiritus]
946 2630 1073 2664 christi
1092 2630 1127 2665 R
1268 2630 1310 2664 16
1329 2631 1522 2674 sumamus]
1541 2630 1671 2664 fratres

164 2691 389 2725 dilectissimi
419 2690 505 2724 add.
531 2690 564 2723 V
703 2688 928 2732 tutamentis]
960 2688 1172 2721 iuramentis
1190 2699 1210 2722 Υ
1352 2688 1394 2721 18
1418 2688 1528 2722 lorica
1547 2689 1581 2722 B

159 2748 203 2782 22
221 2748 312 2792 quod
332 2748 379 2782 M
384 2750 392 2766 ¹
419 2749 501 2792 (quo
520 2749 567 2783 M
570 2747 633 2792 Ὦ)
776 2746 820 2780 23
844 2745 1081 2789 tegimentum
1099 2746 1134 2779 P
1274 2745 1416 2789 eapitis]
1444 2745 1572 2779 salutis
1591 2746 1626 2780 R

161 2806 375 2849 spiritalem]
394 2806 586 2839 salutarem
602 2817 622 2839 γ
731 2804 775 2837 24
793 2803 939 2837 audient
967 2803 1018 2837 R¹
1129 2802 1244 2836 edicta
1266 2829 1271 2835 .
1290 2828 1318 2835 ..
1340 2802 1487 2836 uideant
1505 2814 1569 2837 om.
1591 2804 1627 2837 B

160 2863 204 2897 26
234 2853 307 2898 dffs
325 2864 358 2898 R
503 2863 676 2896 incolume
711 2890 717 2895 .
733 2887 740 2895 .
759 2889 764 2895 .
793 2872 893 2894 suum
926 2871 990 2895 om.
1018 2860 1053 2895 R
1199 2861 1396 2894 teser-uetur
1427 2860 1460 2894 V
1595 2860 1671 2894 iesu

175 2922 303 2956 christi
321 2920 355 2954 11*
