1838 3152
566 240 799 285 Epistulae
823 241 1024 277 LXXIII.
1051 254 1078 278 c.
1106 245 1248 279 16-18.
1569 248 1646 289 791

160 344 460 398 cognoscendus
489 344 544 386 sit
572 345 642 398 qui
663 345 791 395 misit,
822 346 920 386 tunc
940 344 1083 387 deinde
1104 345 1291 388 Christus
1313 348 1382 400 qui
1403 347 1554 389 missus
1574 350 1649 398 est,

156 425 230 454 nec
258 412 389 466 possit
417 424 502 454 esse
523 426 614 466 spes
635 413 784 455 salutis
805 413 885 455 nisi
907 413 1063 455 duobus
1085 414 1208 456 simul
1231 415 1419 469 cognitis,
1450 416 1651 468 quomodo

155 492 235 522 non
255 480 418 535 cognito
439 481 566 523 immo
586 483 627 523 et
647 482 928 535 blasphemato
947 481 1031 523 Deo
1052 484 1179 535 patre,
1207 483 1277 535 qui
1299 484 1406 536 apud
1428 483 1651 526 haereticos

155 548 308 591 Christi
348 550 512 592 nomine
551 550 750 603 baptizati
788 550 979 592 dicuntur
1014 553 1271 603 peccatorum
1307 551 1519 593 remissam
1557 564 1652 594 con-

128 634 143 658 s
158 617 287 660 secuti
316 618 579 661 iudicantur?
609 619 692 661 alia
722 619 832 661 enim
856 618 938 660 fuit
954 619 1029 660 sub
1051 619 1247 672 apostolis
1268 619 1511 661 Iudaeorum
1533 621 1650 670 ratio,

156 686 239 728 alia
269 687 494 740 gentilium
525 688 718 729 condicio.
750 688 816 729 illi
839 687 935 740 quia
965 687 1047 728 iam
1070 687 1175 741 legis
1196 688 1237 728 et
1257 687 1389 741 Moysi
1411 689 1651 741 antiquissi-

156 768 272 796 mum
303 755 511 809 baptisma
539 755 703 798 fuerant
734 756 885 808 adepti,
918 756 960 797 in
991 756 1155 797 nomine
1185 767 1342 808 quoque
1374 757 1467 798 Iesu
1499 757 1651 799 Christi

156 825 272 866 erant
297 823 544 877 baptizandi,
574 824 798 866 secundum
819 825 927 877 quod
948 825 991 865 in
1011 825 1114 866 actis
1135 823 1410 876 apostolorum
1432 825 1579 866 Petrus
1600 825 1651 867 ad

159 904 225 935 eos
255 893 437 946 loquitur
469 894 510 934 et
542 892 665 934 dicit:
697 893 1061 946 paenitemini,
1094 895 1144 934 et
1175 892 1472 945 baptizetur
1502 882 1652 935 1111113-

110 963 374 1014 1ο(11113(1110
414 962 649 1003 uestrum
679 961 729 1003 in
759 961 960 1003 nomine
990 961 1193 1002 Domini
1225 961 1338 1002 Iesu
1370 960 1571 1003 Christi
1602 961 1651 1002 in

154 1029 511 1071 remissionem
539 1031 888 1083 peccatorum,
921 1032 970 1071 et
991 1029 1268 1082 accipietis
1296 1030 1478 1071 donum
1500 1029 1652 1082 spiri-

154 1098 237 1139 tus
267 1099 450 1140 sancti.
481 1098 627 1140 uobis
659 1099 790 1140 enim
819 1100 896 1140 est
916 1098 1191 1152 promissio
1214 1098 1426 1140 etsiliis
1458 1098 1653 1139 uestris

155 1167 206 1208 et
226 1166 461 1209 omnibus
492 1166 732 1221 deinceps
763 1179 1104 1220 quoscumque
1133 1166 1466 1208 aduocauerit
1486 1167 1654 1208 Domi-

155 1247 247 1276 nus
277 1235 409 1277 Deus
440 1236 625 1277 noster.
659 1236 753 1278 Iesu
784 1236 938 1278 Christi
969 1236 1219 1277 mentionem
1250 1234 1351 1277 facit
1381 1235 1540 1283 Petrus,
1573 1247 1651 1277 non

109 1318 142 1344 1⁵
155 1304 271 1357 quasi
298 1305 414 1358 pater
445 1305 720 1355 omitteretur,
751 1305 821 1346 sed
842 1306 889 1346 ut
909 1304 1018 1358 patri
1039 1304 1149 1345 filius
1171 1316 1330 1357 quoque
1351 1303 1651 1358 adiungeretur.

211 1373 398 1425 Denique
427 1373 498 1414 ubi
526 1376 619 1427 post
641 1374 979 1415 resurrectionem
1001 1386 1025 1414 a
1046 1373 1222 1415 Domino
1243 1373 1417 1427 apostoli
1439 1372 1490 1414 ad
1511 1374 1652 1427 gentes
1672 1376 1719 1416 18

155 1441 395 1494 mittuntur,
426 1441 469 1483 in
498 1442 662 1483 nomine
693 1442 825 1495 patris
853 1444 893 1483 et
913 1442 990 1483 filii
1020 1442 1062 1483 et
1081 1442 1252 1494 spiritus
1284 1441 1414 1482 sancti
1445 1441 1651 1493 baptizare

155 1510 330 1565 gentiles
347 1510 552 1552 iubentur.
576 1511 777 1563 quomodo
799 1522 895 1565 ergo
916 1510 1085 1563 quidam
1107 1510 1250 1551 dicunt
1270 1510 1366 1551 foris
1388 1511 1500 1551 extra
1522 1509 1651 1551 eccle-

155 1578 261 1620 siam
294 1579 422 1621 immo
455 1579 496 1620 et
526 1579 667 1620 contra
697 1579 924 1629 ecclesiam,
961 1579 1080 1620 modo
1111 1579 1153 1619 in
1185 1578 1348 1619 nomine
1376 1578 1468 1620 Iesu
1499 1577 1650 1620 Christi

108 1647 448 1701 2ocuiuscumque
468 1649 510 1689 et
530 1647 909 1700 quomodocumque
937 1647 1137 1702 gentilem
1167 1647 1424 1701 baptizatum
1446 1647 1652 1688 remissio-

153 1728 249 1758 nem
281 1717 543 1770 peccatorum
578 1716 767 1769 consequi
803 1728 931 1769 posse,
971 1716 1130 1769 quando
1167 1716 1253 1769 ipse
1289 1714 1475 1757 Christus
1510 1717 1651 1769 gentes

158 1784 360 1839 baptizari
388 1785 528 1826 iubeat
549 1784 591 1826 in
612 1784 731 1838 plena
760 1786 800 1826 et
828 1785 1006 1826 adunata
1035 1784 1251 1826 trinitate?
1284 1784 1362 1825 nisi
1384 1784 1419 1824 si
1441 1784 1510 1836 qui
1533 1782 1650 1824 Chri-

160 1855 274 1895 stum
303 1853 426 1907 negat
455 1854 629 1907 negatur
649 1866 673 1895 a
694 1852 869 1903 Christo,
899 1853 968 1906 qui
990 1854 1149 1907 patrem
1171 1853 1257 1894 eius
1280 1854 1401 1906 negat
1422 1865 1542 1905 quem
1565 1851 1650 1905 ipse

155 1921 343 1964 Christus
377 1921 581 1964 confessus
614 1922 670 1964 sit
703 1933 783 1963 non
813 1923 998 1976 negatur,
1031 1923 1071 1963 et
1101 1922 1171 1975 qui
1201 1922 1242 1962 in
1272 1935 1365 1962 eum
1394 1921 1651 1973 blasphemat

291 2058 312 2091 9
338 2058 415 2092 Act.
442 2058 474 2099 2,
500 2058 555 2092 38.
580 2058 636 2092 39.

225 2172 243 2205 1
264 2173 318 2205 est
334 2182 399 2206 om.
417 2171 461 2212 Β,
480 2172 529 2205 sit
546 2172 574 2206 C
724 2172 745 2206 2
764 2172 918 2216 cognitis
936 2182 969 2215 q.
989 2182 1055 2204 non
1073 2182 1138 2205 om.
1155 2171 1190 2204 B
1336 2171 1358 2205 4
1376 2171 1411 2204 111
1430 2170 1554 2204 christi
1578 2171 1609 2204 T

154 2228 299 2262 nomina
321 2229 366 2263 T·
498 2228 646 2262 remissa
664 2229 700 2263 P
822 2229 999 2262 consecuti
1017 2239 1062 2262 esc
1078 2227 1238 2261 consueti
1262 2227 1290 2262 C
1410 2228 1431 2261 5
1450 2227 1650 2261 iudaeorum

153 2285 219 2319 sub
236 2285 407 2330 apostolis
432 2286 481 2321 Cv
497 2285 559 2320 sed
576 2297 675 2320 0111111
694 2296 740 2320 ea:
756 2297 794 2320 03
811 2296 901 2321 corr.
926 2286 955 2320 C
1061 2285 1083 2319 6
1100 2285 1185 2329 3113]
1205 2286 1260 2318 cst
1277 2285 1361 2318 add.
1381 2285 1464 2319 (ΒΤ-1)
1569 2295 1650 2327 gen-

153 2343 245 2376 tium
263 2343 298 2376 B
448 2343 520 2387 illi]
538 2343 631 2377 0111111
648 2343 733 2376 add.
757 2344 789 2377 T
936 2342 996 2386 qui
1015 2342 1085 2375 iam
1106 2342 1233 2381 Bc'T2,
1250 2343 1391 2385 quiaam
1412 2342 1458 2375 T²
1601 2341 1649 2385 et]

155 2398 215 2434 sed
238 2399 268 2434 G
359 2399 449 2433 mosi
466 2400 501 2434 L
594 2400 843 2444 antiquissimo
862 2401 897 2434 B
1002 2399 1021 2433 7
1040 2399 1254 2443 baptissima
1271 2399 1305 2433 L
1410 2399 1552 2432 fuerunt
1572 2398 1606 2431 B

155 2456 312 2500 adempti
330 2456 397 2497 L‘,
416 2456 546 2502 adepta
568 2458 610 2492 G·
788 2458 809 2490 8
826 2456 1002 2501 baptizati
1022 2457 1057 2490 P
1225 2458 1323 2490 actus
1346 2457 1377 2490 T
1534 2454 1577 2488 ad
1595 2465 1651 2488 eos

153 2525 219 2548 om.
244 2514 274 2549 0
401 2514 423 2548 9
440 2514 535 2549 dicet
553 2515 588 2549 B
722 2515 764 2548 10
780 2503 964 2548 dffi‘nffz,
1116 2514 1158 2547 12
1175 2514 1241 2559 est]
1261 2516 1297 2547 et
1319 2514 1358 2553 T,
1376 2516 1429 2547 est
1447 2514 1530 2547 haec
1548 2514 1607 2548 Nc

155 2571 199 2605 14
215 2571 348 2615 noster]
366 2561 410 2605 uf·
423 2571 458 2605 B
589 2572 632 2606 15
649 2572 833 2606 omitteret
852 2571 886 2605 B
1013 2582 1149 2614 quoque
1167 2571 1262 2605 filius
1279 2571 1339 2605 Νι)
1468 2570 1510 2603 16
1526 2573 1606 2614 post
1624 2570 1653 2605 C

153 2638 180 2661 s.
200 2628 222 2662 ι.
363 2639 383 2661 a
401 2628 555 2673 domino]
574 2618 684 2665 (13ἶο
820 2628 861 2661 17
880 2628 932 2662 fili
952 2629 986 2662 P
1124 2627 1299 2671 baptizari
1318 2628 1347 2661 c
1486 2628 1526 2660 10
1544 2627 1651 2660 immo

155 2695 183 2718 e.
202 2695 230 2719 0.
249 2684 435 2719 ecclesiam
452 2697 517 2720 om.
535 2686 606 2721 BC
801 2685 918 2728 modo]
936 2684 1075 2729 quando
1094 2684 1129 2718 B
1329 2684 1374 2717 20
1390 2683 1649 2727 cuiuscumque]

155 2742 366 2785 ubicumque
386 2755 413 2783 υ,
433 2753 650 2787 quemcumq.
670 2744 741 2785 T²;
760 2744 808 2784 cs.
829 2745 957 2785 709‚23
1095 2742 1136 2775 21
1156 2740 1281 2774 christi
1299 2741 1343 2775 N
1474 2741 1517 2774 22
1535 2739 1651 2783 bapti·

154 2812 234 2835 zare
252 2801 286 2835 L
432 2800 461 2833 si
479 2810 543 2834 om.
563 2801 599 2834 Β
607 2800 679 2844 GT,
698 2810 787 2834 eras.
807 2800 845 2833 in
864 2800 897 2833 P
1040 2798 1112 2843 qui]
1133 2798 1229 2842 sequi
1253 2798 1282 2832 C
1428 2797 1471 2831 23
1490 2806 1593 2841 neget
1612 2798 1649 2835 C,

155 2860 307 2902 negatur
323 2858 357 2891 L
476 2857 639 2902 negatur]
659 2859 809 2901 negatus
832 2857 868 2896 (Υ,
888 2866 954 2890 11011
974 2859 1123 2900 negatur
1141 2855 1175 2888 1²
1294 2855 1337 2888 24
1356 2855 1416 2898 sit]
1435 2858 1487 2887 est
1506 2853 1551 2887 sit
1576 2855 1606 2887 I’

156 2917 307 2959 negatus
333 2914 362 2950 C
