1838 3152
158 218 244 260 *668
695 215 887 251 Caecilii
913 215 1129 260 Cypriani

161 319 268 361 solas
299 319 520 374 gentilium
550 318 615 360 uel
645 319 891 361 Iudaeorum
912 319 1046 361 minas
1069 320 1249 374 cogitare
1271 320 1311 360 et
1333 321 1517 372 spectare
1539 319 1663 360 debe-

160 400 273 438 mus,
303 400 398 429 cum
429 387 644 428 uideamus
665 387 799 441 ipsum
824 387 1053 428 Dominum
1075 401 1098 429 a
1120 387 1317 429 fratribus
1340 400 1426 430 esse
1448 388 1662 430 detentum

162 457 203 498 et
233 457 282 497 ab
314 467 358 496 eo
393 469 513 508 quem
549 455 658 497 inter
690 456 896 509 apostolos
926 456 1012 509 ipse
1046 455 1255 510 delegerat
1285 456 1517 510 proditum,
1554 456 1664 497 inter

160 524 281 565 initia
302 538 460 578 quoque
476 525 619 566 mundi
641 525 748 566 Abel
765 525 922 566 iustum
939 536 1018 566 non
1034 525 1113 566 nisi
1130 524 1258 566 frater
1274 524 1467 566 occiderit
1486 526 1527 566 et
1544 525 1663 566 Iacob

164 591 393 646 fugientem
422 595 659 646 persecutus
692 593 748 634 sit
776 592 905 634 frater
936 593 1111 635 infestus
1140 594 1180 634 et
1201 593 1348 645 Ioseph
1369 606 1468 647 puer
1489 594 1692 637 uenierit⁵

162 662 435 704 uendentibus
472 662 694 712 fram-ibus,
732 662 774 703 in
804 661 1017 716 euangelio
1050 662 1177 703 etiam
1204 661 1393 716 legamus
1432 674 1519 703 esse
1547 675 1665 715 prae-

165 729 325 772 dictum
354 731 487 786 magis
517 730 761 772 domesticos
793 729 980 771 inimicos
1012 730 1172 772 futuros
1195 731 1235 771 et
1257 730 1327 783 qui
1349 730 1461 783 prius
1485 731 1667 783 copulati

161 801 415 843 sacramento
448 799 736 841 unanimitatis
765 798 922 840 fuerint
953 799 1061 851 ipsos
1091 799 1269 840 inuicem
1291 798 1526 840 tradituros,
1563 799 1668 840 nihil

162 870 336 912 interest
365 870 455 922 quis
485 868 624 910 tradat
654 869 726 909 aut
757 867 937 918 saeuiat‚
977 881 1071 909 cum
1098 867 1210 908 Deus
1245 867 1355 908 tradi
1385 868 1593 920 permittit
1628 870 1668 911 et

163 939 359 982 coronari.
393 950 521 990 neque
542 936 660 978 nobis
682 936 908 990 ignominia
929 937 990 977 est
1011 936 1098 989 pati
1120 949 1143 977 a
1171 935 1373 978 fratribus
1396 937 1502 989 quod
1523 950 1667 990 passus
1682 956 1716 981 lo

161 1010 224 1050 est
246 1007 433 1049 Christus
463 1019 535 1048 nec
563 1005 651 1047 illis
683 1005 814 1061 gloria
844 1006 906 1046 est
936 1004 1069 1047 facere
1099 1005 1207 1058 quod
1235 1004 1378 1047 fecerit
1397 1005 1534 1047 Iudas
1566 1019 1669 1059 quae

162 1078 304 1119 autem
335 1076 398 1118 sui
429 1075 553 1117 elatio
584 1076 661 1128 est,
693 1087 795 1127 quae
828 1074 1171 1116 comminantium
1200 1075 1365 1116 tumens
1395 1075 1435 1116 et
1464 1074 1606 1116 inflata
1629 1077 1670 1118 et

167 1158 272 1186 uana
293 1144 475 1194 iactatio,
499 1144 587 1185 illic
619 1144 780 1186 absenti
812 1143 976 1194 minari⁷
1010 1156 1104 1185 011111
1134 1143 1202 1184 1110
1233 1156 1298 1184 1110
1329 1143 1511 1185 habeant
1532 1144 1575 1185 in
1597 1156 1670 1198 po-

165 1215 317 1256 testate
356 1213 644 1267 praesentem?
676 1213 859 1254 conuicia
889 1225 1030 1254 eorum
1062 1211 1211 1265 quibus
1243 1225 1284 1254 se
1315 1214 1356 1254 et
1387 1213 1521 1254 uitam
1552 1227 1671 1255 suam

165 1283 318 1325 cotidie
347 1283 530 1324 lacerant
562 1294 641 1323 non
673 1282 882 1332 timemus,
915 1282 1047 1324 fustes
1079 1282 1119 1323 et
1150 1281 1307 1335 lapides
1330 1282 1370 1323 et
1390 1282 1550 1336 gladios
1572 1293 1671 1336 quos
1686 1301 1718 1326 15

163 1352 301 1394 uerbis
332 1351 651 1404 parricidalibus
683 1351 878 1392 iactitant
899 1363 977 1392 non
998 1350 1357 1404 perhorrescimus.
1391 1351 1500 1403 quod
1520 1351 1562 1392 in
1584 1351 1671 1393 illis

163 1423 239 1471 est,
268 1421 497 1462 homicidae
518 1422 616 1462 sunt
637 1421 746 1474 apud
767 1421 902 1462 Deum
922 1420 1039 1462 tales.
1070 1432 1212 1462 necare
1234 1421 1371 1461 tamen
1389 1432 1467 1461 non
1488 1420 1671 1474 possunt,

164 1490 243 1531 nisi
277 1490 334 1531 eis
365 1489 567 1531 Dominus
588 1502 732 1531 necare
753 1489 999 1543 permiserit.
1031 1490 1072 1530 et
1095 1501 1187 1530 cum
1209 1489 1324 1530 nobis
1347 1489 1474 1530 semel
1495 1489 1674 1531 morien-

165 1559 266 1600 dum
309 1559 387 1609 sit,
428 1559 493 1599 illi
532 1560 673 1611 tamen
712 1559 803 1600 odio
848 1559 888 1599 et
928 1558 1065 1600 uerbis
1104 1559 1144 1599 et
1189 1558 1353 1600 delictis
1396 1558 1479 1599 suis
1522 1558 1672 1600 cotidie

165 1628 389 1680 perimunt.
1674 1642 1708 1669 20

124 1700 150 1741 3
227 1696 305 1738 Sed
335 1709 414 1738 non
443 1696 618 1750 idcirco,
642 1696 768 1737 frater
789 1696 1020 1746 carissime,
1051 1695 1287 1748 reliquenda
1310 1696 1372 1737 est
1394 1695 1673 1738 ecclesiastica

164 1765 384 1820 disciplina
416 1767 489 1808 aut
520 1766 790 1808 sacerdotalis
820 1765 1016 1807 soluenda
1047 1777 1217 1807 censura
1247 1765 1439 1818 quoniam
1475 1765 1672 1807 conuiciis

164 1834 413 1877 infestamur
443 1837 516 1877 aut
544 1835 770 1877 terroribus
800 1835 1030 1888 quatimur,
1055 1835 1216 1887 quando
1239 1836 1401 1876 occurat
1424 1835 1485 1887 [et
1506 1836 1671 1875 moneat

165 1904 369 1957 scriptura
391 1905 552 1957 diuina]
587 1904 743 1946 dicens:
777 1903 870 1946 ille
901 1915 1017 1945 uero
1049 1903 1134 1956 qui
1165 1904 1451 1957 praesumit
1483 1905 1531 1945 et
1563 1915 1675 1945 con-

303 2042 348 2075 04
374 2041 464 2075 Hah.
491 2042 523 2083 2,
549 2041 580 2075 5.

238 2157 256 2190 1
277 2156 440 2200 gentium
459 2157 526 2190 LI’
618 2156 639 2189 2
657 2155 837 2190 dominum
856 2157 1015 2189 nostrum
1035 2155 1106 2189 LP
1198 2155 1382 2189 detentum
1402 2155 1437 2189 P
1452 2154 1513 2189 sed
1532 2165 1553 2187 n
1571 2164 1676 2197 corr„

166 2214 347 2248 desertum
376 2213 466 2247 com'.
492 2213 673 2247 Rammius
812 2213 834 2246 3
858 2223 962 2257 quem
987 2223 1030 2246 ex
1054 2212 1114 2256 qui
1138 2212 1167 2248 O
1304 2212 1475 2256 diligerat
1500 2211 1586 2246 PR¹

167 2272 191 2306 4
208 2271 318 2305 fratr*
341 2271 369 2305 G
469 2272 504 2303 et
522 2281 588 2304 om.
608 2270 656 2304 M
670 2271 767 2314 (each.
791 2269 836 2314 Q)
942 2270 963 2304 5
981 2270 1045 2314 sit]
1064 2272 1156 2304 esset
1172 2281 1252 2314 sup.
1271 2270 1377 2304 iussit
1400 2270 1429 2305 Ο
1527 2268 1680 2303 infestus

169 2340 237 2364 om.
262 2329 291 2364 C
381 2340 467 2374 puer
485 2329 622 2363 uenerit
647 2329 676 2364 C
683 2333 705 2370 ¹,
732 2340 817 2373 puer
834 2328 992 2363 uen*erit
1010 2329 1056 2370 R,
1074 2329 1287 2373 peruenierit
1305 2329 1385 2373 LQ.
1405 2327 1606 2372 peruenerit
1624 2327 1678 2368 M,

169 2387 407 2421 uenumdatus
432 2386 481 2420 sit
500 2387 543 2428 P,
570 2387 774 2430 Aegyptum
797 2386 999 2431 peruenerit
1016 2386 1092 2421 cod.
1111 2386 1223 2431 Anyl.
1364 2386 1385 2420 6
1402 2396 1422 2419 0
1440 2384 1580 2419 fratrib.
1601 2384 1636 2418 P

169 2444 322 2489 legimus
346 2443 375 2489 Q
444 2443 666 2488 predicatum
690 2444 718 2478 C
796 2444 816 2477 9
834 2443 942 2488 tradi]
961 2442 1076 2477 tradit
1100 2443 1134 2478 V
1208 2443 1390 2487 permittit
1407 2443 1442 2476 et
1460 2441 1625 2486 LPMQ¹
1640 2441 1679 2483 V,

169 2502 359 2547 permittat
383 2503 419 2535 et
442 2501 575 2546 GRQ2‚
607 2501 795 2545 permittat
824 2512 910 2545 quos
940 2500 1098 2545 disponit
1115 2512 1135 2535 v
1276 2500 1320 2534 10
1336 2499 1486 2534 00101011
1509 2499 1681 2544 CRQ2V,

171 2570 335 2594 coronare
353 2559 467 2603 MQ1,
494 2560 637 2593 coronat
655 2559 699 2599 P,
726 2569 911 2593 comonam
929 2559 964 2593 L
1102 2568 1214 2602 neque
1240 2558 1334 2591 enim
1354 2569 1385 2599 v,
1411 2567 1523 2601 neque
1548 2557 1584 2590 in
1608 2557 1637 2592 Ο

171 2618 250 2662 pati
269 2618 301 2662 a]
319 2617 499 2662 patientia
517 2616 545 2662 Q
618 2617 660 2650 11
677 2616 765 2650 fecit
783 2616 858 2650 PV
937 2616 980 2650 12
997 2617 1137 2649 tumens
1156 2617 1191 2649 et
1210 2626 1274 2649 om.
1300 2616 1329 2650 O
1398 2615 1441 2649 13
1457 2614 1587 2648 habeat
1610 2615 1639 2650 O

172 2676 217 2709 14
233 2676 475 2720 praesentium
497 2674 527 2719 Q
665 2673 925 2708 conuicieorum
946 2673 975 2718 Q
992 2684 1009 2707 e
1033 2674 1073 2707 in
1097 2683 1167 2707 ras.
1197 2673 1368 2717 (conuicia
1393 2683 1511 2706 eorum
1530 2672 1589 2715 M)

172 2733 217 2766 16
234 2733 372 2767 iactant
396 2733 424 2768 G
529 2731 827 2776 perhorrescimus
851 2730 880 2775 Q
989 2730 1030 2764 17
1050 2740 1179 2774 negare
1201 2729 1262 2774 OQ
1278 2730 1362 2763 item
1381 2729 1454 2763 loco
1466 2729 1636 2772 proccimo

174 2790 217 2824 18
234 2790 304 2823 nisi
329 2790 392 2834 eis]
420 2789 470 2823 eis
496 2800 574 2823 cum
598 2790 626 2824 C
643 2788 705 2823 sed
723 2799 801 2822 cum
817 2799 843 2822 s.
863 2789 883 2822 l.
1027 2787 1070 2821 19
1088 2789 1206 2821 tamen
1223 2788 1259 2821 et
1276 2798 1297 2822 v
1435 2786 1479 2820 20
1496 2787 1681 2830 peremunt

177 2846 208 2882 C
216 2850 222 2867 ¹
238 2846 304 2891 QR
442 2847 485 2880 21
504 2835 709 2886 frswknTsR,
729 2844 841 2879 frater
864 2845 893 2880 G
1023 2844 1067 2879 23
1085 2843 1278 2878 terroribus
1299 2844 1366 2883 Εἰ,
1385 2843 1559 2877 erroribus
1580 2844 1628 2877 Ρι

172 2905 210 2937 et
227 2906 369 2938 moneat
386 2905 561 2948 scriptura
579 2903 702 2937 diuina
721 2914 787 2938 om.
808 2902 978 2947 ΙιΜΡῼ1
