1838 3152
574 273 810 318 Epistulae
834 275 991 310 LXXV.
1019 277 1217 312 0.14-17.
1553 281 1633 324 321

138 376 350 431 euangelio
374 377 573 430 [quando]
597 377 639 418 in
661 377 766 419 solos
787 378 993 431 apostolos
1014 379 1241 423 insufflanit
1263 381 1449 424 Christus
1478 382 1634 425 dicens:

137 444 361 497 accipite
419 445 660 497 spiritum
721 447 966 488 sanctum.
1026 447 1068 488 si
1117 449 1261 490 cuius
1318 451 1633 493 remiseritis

135 514 382 566 peccata,
414 513 757 555 remittentur
801 514 909 555 illi:
959 516 1008 556 et
1054 515 1095 556 si
1141 517 1286 558 cuius
1332 518 1633 570 tenueritis,

137 581 286 623 teneb
298 583 464 623 untur.
488 582 672 635 potestas
689 594 784 636 ergo
801 584 1059 635 peccatorum
1077 584 1420 627 remittendorum
1442 586 1635 639 apostolis

105 649 236 691 zdata
267 651 329 691 est
362 651 402 691 et
433 650 614 692 ecclesiis
650 663 750 703 quas
781 651 845 692 illi
874 664 897 692 a
926 650 1085 693 Christo
1122 653 1236 694 missi
1269 655 1566 696 constituerunt
1596 657 1636 696 et

138 717 337 771 episcopis
367 718 437 771 qui
468 718 526 759 eis
557 718 811 760 ordinatione
842 719 995 761 uicaria
1017 723 1308 762 successerunt.
1340 722 1477 764 hostes
1497 725 1635 765 autem

140 786 261 828 unius
282 787 507 828 catholicae
530 787 736 838 ecclesiae,
763 788 805 829 in
827 800 907 840 qua
926 801 998 830 nos
1021 800 1177 838 sumus,
1200 791 1240 831 et
1262 790 1485 832 aduersarii
1507 791 1635 832 nostri

140 854 210 907 qui
251 855 446 908 apostolis
487 856 758 897 successimus
800 856 1026 898 sacerdotia
1066 857 1144 898 sibi
1185 858 1347 900 inlicita
1388 861 1525 901 contra
1565 872 1636 901 nos

140 923 398 965 uindicantes
428 924 469 964 et
500 923 649 965 altaria
685 924 853 977 profana
884 926 1078 978 ponentes
1110 926 1209 978 quid
1242 926 1355 968 aliud
1386 929 1481 969 sunt
1514 940 1636 980 quam

92 1009 126 1033 ιο
143 991 242 1034 Core
272 994 314 1034 et
334 992 497 1034 Dathan
530 995 570 1034 et
592 992 749 1034 Abiron
777 993 866 1047 pari
896 994 1046 1035 scelere
1071 995 1258 1048 sacrilegi
1285 996 1325 1036 et
1346 995 1507 1036 easdem
1537 1008 1636 1048 quas

139 1062 181 1104 et
210 1061 274 1103 illi
302 1073 451 1115 poenas
488 1061 626 1103 daturi
659 1074 752 1103 cum
783 1062 847 1104 his
878 1062 947 1115 qui
979 1062 1059 1104 sibi
1091 1063 1378 1105 consentiunt?
1414 1064 1637 1105 secundum

139 1131 246 1183 quod
282 1131 409 1173 etiam
444 1132 542 1173 tunc
578 1131 746 1172 illorum
782 1130 1002 1185 participes
1040 1132 1080 1171 et
1111 1130 1289 1173 fautores
1324 1131 1413 1185 pari
1449 1144 1543 1174 cum
1580 1132 1637 1173 eis

139 1201 270 1242 morte
290 1200 514 1252 perierunt.

195 1269 334 1322 Atque
364 1281 437 1323 ego
458 1270 501 1311 in
522 1269 601 1311 hac
621 1270 737 1322 parte
767 1268 875 1310 iuste
905 1268 1097 1323 indignor
1125 1270 1176 1311 ad
1204 1269 1307 1311 hanc
1335 1271 1422 1311 tam
1453 1271 1702 1323 apertaml7

92 1354 125 1379 15
140 1337 182 1378 et
201 1337 462 1379 manifestam
486 1337 682 1390 Stephani
713 1337 954 1387 stultitiam,
988 1338 1096 1390 quod
1125 1338 1195 1390 qui
1225 1338 1281 1380 sic
1311 1339 1360 1379 de
1382 1337 1637 1391 episcopatus

142 1405 206 1447 sui
242 1405 329 1447 loco
366 1405 569 1460 gloriatur
605 1406 646 1447 et
682 1418 724 1447 se
760 1405 1058 1447 successionem
1093 1406 1208 1447 Petri
1244 1408 1379 1448 tenere
1415 1405 1636 1454 contendit,

142 1486 264 1527 super
298 1485 420 1526 quem
452 1474 721 1515 fundamenta
753 1474 947 1515 ecclesiae
979 1473 1177 1516 collocata
1207 1476 1314 1523 sunt,
1352 1474 1505 1515 multas
1535 1472 1637 1514 alias

139 1543 275 1596 petras
292 1542 461 1584 inducat
480 1543 521 1584 et
538 1542 803 1584 ecclesiarum
825 1542 1054 1583 multarum
1076 1555 1180 1584 110113
1196 1542 1378 1584 aedificia
1399 1541 1636 1591 constituat,

139 1611 238 1653 dum
260 1622 347 1653 esse
368 1610 455 1652 11110
476 1610 683 1664 baptisma
704 1623 778 1652 sua
798 1611 1045 1652 auctoritate
1066 1610 1263 1652 defendit.
1287 1624 1382 1652 nam
1403 1610 1473 1663 qui
1496 1610 1632 1662 bapti-

88 1698 123 1725 20
137 1680 281 1722 zantur
327 1679 532 1732 complent
574 1679 659 1720 sine
698 1678 822 1720 dubio
864 1679 1056 1721 ecclesiae
1096 1692 1332 1720 numerum:
1383 1678 1454 1731 qui
1494 1680 1628 1719 autem

139 1748 347 1801 baptisma
369 1759 508 1789 eorum
529 1747 687 1801 probat,
711 1748 760 1789 de
781 1747 1003 1801 baptizatis
1025 1750 1066 1789 et
1088 1748 1301 1790 ecclesiam
1324 1747 1411 1789 illic
1433 1759 1518 1789 esse
1539 1758 1633 1787 con-

136 1816 284 1858 firmat.
324 1829 396 1858 nec
433 1817 642 1871 intellegit
678 1816 867 1858 offuscari
905 1829 928 1858 3
964 1828 1005 1856 30
1040 1818 1081 1858 et
1116 1816 1291 1869 quodam
1329 1816 1447 1858 modo
1483 1814 1636 1857 aboleri

137 1885 384 1927 christianae
414 1887 551 1938 petrae
585 1885 807 1926 ueritatem
835 1884 907 1937 qui
938 1884 995 1926 sic
1021 1884 1161 1938 prodit
1181 1886 1222 1926 et
1243 1884 1396 1926 deserit
1417 1884 1632 1925 unitatem.

137 1954 308 1995 Iudaeos
336 1955 475 1995 tamen
504 1953 696 2007 quamuis
717 1953 949 2008 ignorantia
970 1965 1108 1995 caecos
1130 1954 1171 1994 et
1191 1953 1436 2006 grauissimo
1458 1952 1634 1994 facinore

90 2041 124 2066 25
141 2023 382 2065 constrictos
404 2022 539 2064 zelum
559 2022 635 2064 Dei
657 2022 866 2075 apostolus
889 2021 1036 2063 habere
1057 2021 1282 2074 profitetur.
1315 2020 1542 2074 Stephanus
1563 2019 1632 2073 qui

136 2103 207 2144 per
247 2091 542 2133 successionem
582 2090 820 2133 cathedram
855 2089 971 2131 Petri
1012 2089 1159 2131 habere
1194 2101 1236 2130 se
1271 2088 1479 2142 praedicat
1518 2087 1633 2130 nullo

137 2160 332 2202 aduersus
359 2160 584 2201 haereticos
614 2159 698 2200 zelo
727 2158 940 2208 excitatur,
971 2157 1190 2199 concedens
1220 2157 1306 2198 illis
1333 2168 1411 2198 non
1431 2155 1635 2198 modicam

139 2227 209 2270 sed
239 2228 463 2270 maximam
493 2227 649 2282 gratiae
679 2227 940 2280 potestatem,
971 2227 1017 2267 ut
1043 2225 1155 2267 dicat
1185 2236 1250 2265 eos
1271 2225 1312 2265 et
1333 2224 1544 2266 adseueret
1565 2236 1635 2276 per

138 2298 337 2355 baptismi
366 2298 670 2339 sacramentum
700 2296 837 2337 sordes
867 2294 1017 2336 ueteris
1046 2293 1223 2335 hominis
1253 2292 1430 2341 abluere,
1467 2291 1635 2344 antiqua

90 2383 125 2408 30
139 2366 285 2408 mortis
306 2367 470 2419 peccata
491 2365 653 2415 donare,
675 2363 982 2418 regeneratione
1005 2362 1169 2405 caelesti
1192 2362 1297 2403 filios
1319 2361 1396 2403 Dei
1418 2360 1561 2410 facere,
1583 2359 1634 2402 ad

138 2436 347 2476 aeternam
379 2434 510 2476 uitam
541 2433 675 2475 diuini
707 2433 861 2475 lauacri
892 2431 1212 2474 sanctificatione
1240 2441 1438 2482 reparare.
1475 2440 1578 2482 quae
1600 2429 1633 2470 si

275 2559 296 2592 2
321 2558 371 2592 10.
396 2557 451 2597 20,
478 2558 532 2592 22.
559 2557 614 2592 23.

209 2661 227 2695 1
247 2659 384 2704 quando
402 2660 480 2694 Es.
499 2660 521 2694 l.
540 2670 584 2694 m.
603 2662 640 2703 2,
659 2670 723 2694 om.
746 2658 775 2704 Q
944 2657 967 2691 3
983 2659 1018 2691 ct
1035 2668 1098 2691 om.
1119 2656 1165 2691 M
1179 2656 1272 2699 (esth.
1298 2655 1343 2700 Q)
1503 2655 1525 2688 6
1541 2653 1633 2687 ordi-

139 2718 320 2753 nationem
343 2717 374 2762 Q
489 2717 531 2751 13
549 2719 661 2752 morte
679 2728 743 2752 om.
764 2716 828 2750 EI
941 2716 984 2750 14
1002 2718 1124 2760 aperta
1145 2714 1174 2760 Q
1288 2714 1332 2747 ‘22
1349 2711 1524 2747 obfuscari
1546 2711 1588 2745 12·

140 2775 273 2809 adoleri
298 2774 327 2820 Q
510 2774 555 2808 24
573 2774 797 2818 ignorantiae
816 2772 910 2818 EIQ
1103 2772 1147 2806 28
1164 2771 1296 2805 diceret
1317 2770 1346 2815 Q
1528 2779 1584 2802 eos
1604 2768 1635 2807 Ι,

140 2832 191 2866 013
210 2831 279 2876 EQ
417 2842 478 2876 per
496 2843 561 2866 om.
582 2831 629 2865 M
644 2831 738 2874 (exli.
763 2830 808 2875 Q)
957 2830 1002 2863 30
1018 2828 1080 2863 deo
1100 2828 1129 2874 Q
1147 2827 1216 2870 (dei
1235 2828 1295 2870 M)
1442 2827 1484 2860 31
1505 2824 1634 2859 sancti-

140 2889 339 2923 ficationem
361 2888 390 2934 Q
529 2899 618 2932 quac
635 2888 665 2922 si
684 2887 789 2933 MQ¹,
809 2888 869 2932 qui
888 2887 918 2921 si
939 2886 995 2932 Q²‚
1013 2886 1072 2931 qui
1093 2885 1137 2921 Iv
