1838 3152
616 255 854 300 Epistulae
886 255 993 290 XLI.
1019 266 1045 290 c.
1073 256 1171 290 1—2.
1557 256 1641 299 589

141 373 263 415 quam
302 360 413 415 prior
450 359 568 409 dixit,
608 361 656 401 ut
686 359 921 401 abstentum
960 372 1002 401 se
1032 372 1056 401 a
1086 359 1203 401 nobis
1242 359 1358 413 sciat,
1397 359 1558 412 quando
1590 359 1643 400 ad

143 430 306 472 fraudes
328 429 415 471 eius
436 429 478 470 et
498 427 661 481 rapinas
682 440 782 481 quas
804 427 986 470 dilucida
1006 428 1181 470 ueritate
1212 427 1490 482 cognouimus,
1523 427 1642 469 adul-

142 498 237 540 terii
282 498 409 540 etiam
453 497 609 539 crimen
655 497 824 551 accedit,
871 497 978 550 quod
1018 497 1165 538 fratres
1205 497 1333 538 nostri
1373 508 1520 551 graues
1560 495 1642 538 uiri

141 566 451 620 deprehendisse
471 578 513 608 se
541 566 837 608 nuntiauerunt
866 566 908 607 et
938 565 1178 618 probaturos
1209 578 1252 607 se
1282 565 1640 607 adseuerauerunt.

109 648 242 688 5quae
271 635 408 676 omnia
437 646 739 690 cognoscemuS‚
771 635 931 688 quando
959 634 1002 676 in
1024 647 1152 676 unum
1183 645 1277 675 cum
1309 633 1479 688 collegis
1509 633 1642 686 pluri-

137 703 213 745 bus
251 703 519 758 permittente
550 703 725 745 Domino
756 703 1076 745 conuenerimus.
1117 702 1188 745 sed
1219 703 1261 744 et
1291 702 1530 757 Augendus‚
1571 701 1642 754 qui

136 784 209 814 nec
246 771 481 826 episcopum
518 785 591 814 nec
629 772 842 814 ecclesiam
882 771 1067 826 cogitans
1104 771 1193 825 pari
1229 784 1271 813 se
1302 783 1396 813 cum
1435 770 1508 812 illo
1547 782 1641 811 con-

137 841 360 894 spiratione
390 840 576 894 sociauit‚
609 841 643 883 si
673 841 784 883 ultra
814 853 907 882 cum
938 840 1079 882 eodem
1111 839 1448 894 perseuerauerit,
1479 840 1643 880 senten-

137 909 240 951 tiam
278 909 385 952 ferat
422 922 546 963 quam
585 909 657 951 ille
695 910 738 951 in
776 922 818 951 se
853 909 1048 951 factiosus
1080 911 1121 951 et
1151 909 1394 951 temerarius
1432 908 1640 962 prouocat.

89 990 124 1015 10
138 977 209 1020 sed
247 978 418 1031 quisque
457 991 498 1020 se
537 978 827 1032 conspirationi
863 980 904 1020 et
934 978 1103 1020 factioni
1143 978 1229 1021 eius
1268 977 1503 1020 adiunxerit
1539 976 1644 1019 sciat

136 1058 178 1088 se
199 1046 241 1087 in
262 1046 431 1088 ecclesia
457 1046 669 1088 nobiscum
690 1046 1087 1089 communicaturum
1108 1058 1187 1088 non
1212 1059 1311 1097 esse,
1342 1046 1412 1100 qui
1434 1059 1476 1089 se
1497 1046 1642 1100 sponte

136 1114 286 1157 maluit
313 1115 363 1157 ab
393 1115 562 1157 ecclesia
593 1127 790 1169 separare.
822 1116 896 1158 has
926 1115 1088 1157 litteras
1119 1128 1230 1158 meas
1260 1115 1459 1158 fratribus
1489 1114 1641 1157 nostris

135 1183 262 1239 legite
283 1185 324 1227 et
345 1183 633 1239 Carthaginem
659 1184 711 1226 ad
733 1185 887 1226 clerum
918 1183 1192 1226 transmittite
1224 1184 1376 1226 additis
1407 1183 1641 1226 nominibus

136 1265 275 1295 eorum
316 1253 563 1306 quicumque
592 1265 635 1294 36
665 1253 923 1296 Felicissimo
961 1253 1180 1296 iunxerint.
1226 1254 1321 1307 opto
1361 1264 1447 1305 uos,
1493 1252 1641 1295 fratres

89 1336 123 1363 15
138 1321 354 1373 carissimi,
387 1333 546 1375 semper
575 1322 677 1364 bene
707 1322 856 1364 ualere.

206 1515 225 1548 1
244 1524 348 1558 quem
361 1524 393 1548 w
486 1514 674 1549 absentum
691 1515 754 1557 T1,
774 1514 956 1549 absentem
971 1527 1010 1558 φ,
1028 1515 1210 1549 astentum
1224 1516 1255 1548 Z
1346 1514 1368 1549 2
1386 1514 1434 1559 et]
1452 1515 1489 1549 et
1506 1513 1550 1548 ad
1564 1515 1598 1548 Z

138 1571 294 1607 dilucida
309 1583 354 1607 ex
367 1571 500 1607 diludit
517 1573 557 1613 T,
574 1571 698 1606 diluda
715 1583 788 1616 φω,
805 1571 1003 1606 dilucidata
1016 1572 1047 1606 Z
1138 1571 1359 1606 diludauerit
1375 1572 1457 1607 ante
1474 1572 1639 1617 cognoui-

138 1641 216 1665 mus
234 1641 265 1664 w
381 1629 535 1665 adulteri
552 1641 572 1664 r
687 1631 709 1665 3
726 1630 849 1675 etiam]
868 1641 912 1665 .n.
932 1641 953 1664 r
1069 1629 1216 1665 crimine
1236 1631 1371 1674 TZwm,
1390 1629 1530 1664 crimini
1545 1643 1575 1675 μ

137 1686 291 1722 accedit
311 1687 351 1729 T,
369 1687 498 1722 accidit
515 1698 547 1722 w
639 1698 783 1733 grauem
799 1698 819 1722 r
926 1688 948 1722 4
965 1687 1232 1733 reprehendisse
1250 1688 1302 1721 Zr
1396 1697 1432 1722 se
1455 1697 1524 1722 om.
1542 1687 1596 1721 Zr

138 1745 434 1779 renunciauerunt
451 1745 534 1791 Ζμν
637 1746 673 1780 61
689 1745 936 1790 reprobaturos
954 1756 1013 1790 μν,
1031 1745 1320 1789 comprobaturos
1338 1758 1366 1788 φ
1461 1754 1640 1779 asseuera-

137 1804 221 1837 runt
238 1813 279 1838 rv
386 1803 408 1837 5
424 1802 544 1837 omnia
560 1804 646 1837 tunc
662 1814 683 1838 v
793 1813 870 1838 eum
887 1813 952 1838 om.
972 1814 1004 1838 w
1112 1803 1133 1837 6
1150 1802 1351 1837 uenerimus
1368 1803 1400 1836 Z
1509 1812 1640 1847 angen-

137 1860 201 1895 dus
228 1873 256 1901 φ
389 1860 408 1894 7
433 1860 531 1906 paris
555 1860 595 1902 T,
624 1860 760 1905 pariter
775 1860 877 1905 Ζμτυ
1009 1861 1269 1905 conspiratione
1293 1861 1330 1894 et
1354 1859 1510 1894 factione
1528 1870 1549 1894 v

137 1917 158 1952 8
175 1917 309 1962 eodem]
327 1928 366 1952 eo
385 1918 487 1962 Ζμνυ
601 1920 803 1963 perseuerat
820 1928 868 1963 μν
984 1919 1004 1953 9
1022 1918 1059 1952 111
1077 1929 1113 1952 36
1130 1928 1196 1952 om.
1216 1928 1264 1962 μν
1372 1916 1543 1952 16111611113
1564 1916 1598 1950 Τ

137 1977 305 2020 prouocat
322 1974 382 2010 sed
398 1976 539 2020 scripsi,
564 1976 789 2021 prouocasset
810 1976 841 2010 T
842 1986 915 2020 (pu),
931 1975 1138 2020 prouocauit
1155 1975 1215 2009 sed
1232 1977 1268 2009 et
1284 1976 1387 2019 Ζμνυ
1480 1974 1525 2009 10
1542 1975 1640 2018 quis·

138 2033 217 2077 quis
236 2044 289 2077 φυ
398 2044 434 2068 36
451 2043 516 2068 om.
535 2044 582 2078 μν
690 2033 729 2068 111
745 2033 1005 2078 conspiratione
1022 2034 1058 2067 et
1075 2032 1230 2068 factione
1247 2033 1279 2066 Z
1396 2033 1438 2067 11
1455 2031 1639 2066 nobiscum

137 2101 206 2125 non
235 2101 309 2126 esse
338 2091 677 2126 communicaturum
701 2091 765 2133 Zv,
797 2101 866 2125 non
896 2101 972 2125 esse
1000 2090 1183 2126 nobiscum
1211 2100 1298 2125 com.
1329 2100 1376 2134 μν
1507 2099 1543 2124 36
1572 2099 1637 2124 om.

136 2149 239 2192 Ζμνυ
332 2148 376 2183 12
393 2149 550 2194 separari
569 2149 703 2194 Ζμνφυ
796 2147 840 2183 13
857 2147 906 2193 61]
924 2149 960 2182 61
977 2147 1021 2183 ad
1038 2159 1086 2193 μν
1179 2148 1403 2193 kartaginem
1424 2148 1484 2191 Τφ
1579 2146 1637 2192 ad]

138 2208 173 2241 et
190 2216 236 2251 μν
370 2207 501 2242 clerum
530 2217 666 2252 quoque
685 2207 818 2252 Ζμνφυ
951 2207 995 2242 14
1011 2206 1222 2252 quicumque
1247 2205 1294 2250 se]
1325 2205 1386 2250 qui
1404 2215 1440 2239 se
1456 2205 1548 2249 Ζμν,
1576 2203 1639 2248 qui

138 2274 215 2298 cum
233 2275 254 2299 v
361 2264 517 2299 iunxerit
537 2265 576 2306 T,
606 2264 796 2299 iunxerunt
813 2278 854 2309 φ,
871 2275 907 2300 36
925 2264 1115 2299 iunxerunt
1131 2275 1152 2299 v
1261 2263 1304 2298 15
1322 2262 1453 2307 ualere]
1472 2263 1508 2297 et
1523 2261 1638 2296 nostri

137 2321 340 2356 meminisse
363 2322 481 2357 ualete
504 2322 589 2357 add.
608 2332 656 2366 μν
673 2322 748 2357 nisi
763 2322 859 2367 quod
876 2335 901 2367 μ
919 2322 1036 2357 ualete
1053 2332 1120 2357 om.
1139 2342 1182 2347 ——
1200 2320 1398 2367 Cyprianus
1415 2319 1585 2356 Caldonio
1602 2320 1638 2354 et

137 2378 356 2415 Herculaneo
385 2391 489 2425 super
519 2380 661 2416 nomine
688 2379 907 2416 Felicissimi
935 2381 1093 2426 peruersi
1121 2379 1268 2426 explicit
1289 2381 1327 2421 T,
1358 2378 1413 2414 Ad
1428 2378 1637 2415 Caldonium

135 2436 283 2481 explicit
299 2437 339 2480 Z,
357 2447 422 2473 om.
441 2448 562 2483 φμτω.
581 2458 624 2463 -
