1838 3152
166 208 246 249 778
696 208 886 244 Caecilii
920 210 1133 255 Cypriani

163 310 319 363 pariter
342 311 382 352 et
408 324 505 353 uera
527 313 633 354 sunt.
658 313 837 355 ceterum
860 314 1012 356 scimus
1034 315 1230 368 quosdam
1260 317 1366 370 quod
1395 319 1520 361 semel
1552 320 1661 361 inbi-

164 378 301 420 berint
331 380 440 422 nolle
473 381 670 434 deponere
700 395 773 424 nec
800 384 1057 437 propositum
1088 398 1209 426 suum
1239 386 1359 428 facile
1389 390 1564 439 mutare,
1594 389 1663 430 sed

166 447 278 488 saluo
307 448 414 490 inter
434 450 612 504 collegas
643 451 754 504 pacis
777 453 818 493 et
839 453 1073 494 concordiae
1095 453 1258 495 uinculo
1281 456 1482 507 quaedam
1502 457 1666 510 propria

166 529 268 569 quae
290 517 398 570 apud
420 531 462 560 se
484 520 612 560 semel
634 520 717 561 sint
738 522 935 573 usurpata
955 522 1141 563 retinere.
1165 535 1245 576 qua
1266 523 1308 564 in
1330 537 1372 566 re
1392 537 1465 566 nec
1485 537 1557 566 nos
1578 525 1666 567 uim

167 585 358 639 cuiquam
387 587 559 629 facimus
589 590 661 630 aut
691 589 825 644 legem
855 591 1013 645 damus,
1046 593 1206 644 quando
1237 592 1386 634 habeat
1406 593 1449 635 in
1470 594 1692 636 ecclesiaes

166 654 521 699 administratione
555 658 782 700 uoluntatis
804 672 899 701 suae
930 653 1149 702 arbitrium
1179 661 1357 703 liberum
1389 663 1667 716 unusquisque

166 725 435 778 praepositus,
466 726 668 768 rationem
690 729 805 769 actus
825 728 889 769 sui
910 729 1086 771 Domino
1108 729 1356 772 redditurus.
1393 732 1583 785 optamus
1611 733 1666 783 te,

168 791 297 835 frater
318 795 542 846 carissime,
570 808 729 850 semper
749 796 849 839 bene
871 798 1018 839 ualere.

468 1025 962 1098 EPISTVLA
1023 1027 1371 1100 LXXIII.

528 1161 796 1197 CYPRIANVS
821 1163 1058 1199 IVBAIANO
1083 1163 1261 1198 FRATRI
1287 1165 1320 1198 S.
1687 1176 1720 1200 10

231 1311 441 1365 Scripsisti
483 1312 600 1362 mihi,
642 1312 769 1353 frater
805 1313 1026 1363 carissime,
1068 1313 1301 1356 desiderans
1338 1314 1561 1368 significari
1596 1313 1675 1356 tibi

173 1382 334 1422 motum
382 1381 508 1422 animi
557 1381 686 1423 nostri
734 1381 832 1434 quid
880 1381 996 1423 nobis
1044 1382 1237 1424 uideatur
1285 1382 1334 1424 de
1379 1383 1676 1424 haereticorum

174 1449 393 1504 baptismo,
426 1450 495 1502 qui
526 1449 625 1491 foris
646 1450 771 1503 positi
793 1451 834 1491 et
855 1452 969 1492 extra
990 1451 1203 1493 ecclesiam
1226 1452 1442 1493 constituti
1464 1452 1678 1494 uindicant

180 1518 259 1560 sibi
292 1531 379 1561 rem
411 1531 483 1559 nec
517 1519 619 1560 iuris
651 1519 715 1560 sui
745 1531 818 1560 nec
846 1520 1075 1572 potestatis.
1113 1520 1222 1572 quod
1243 1532 1314 1562 nos
1335 1533 1407 1562 nec
1428 1521 1564 1562 ratum
1586 1532 1679 1574 pos-

175 1601 316 1631 sumus
345 1600 418 1629 nec
445 1588 683 1642 legitimum
715 1589 947 1641 conputare,
978 1589 1138 1642 qua-ndo
1160 1589 1235 1631 hoc
1257 1589 1366 1642 apud
1387 1601 1453 1631 eos
1475 1602 1560 1631 esse
1582 1602 1676 1631 con-
1692 1610 1724 1633 ιε,

176 1659 258 1700 stet
294 1657 515 1699 inlicitum.
553 1658 594 1698 et
626 1657 817 1709 quoniam
853 1656 936 1698 iam
969 1669 1088 1710 super
1118 1657 1195 1699 hac
1226 1670 1268 1699 re
1301 1658 1401 1711 quid
1432 1658 1676 1700 sentiremus

174 1727 327 1769 litteris
356 1726 507 1768 nostris
541 1726 827 1779 expressimus,
860 1726 907 1766 ut
937 1726 1207 1779 conpendium
1240 1726 1414 1768 facerem
1447 1727 1677 1780 exemplum

179 1796 401 1838 earundem
429 1796 664 1837 litterarum
697 1794 775 1836 tibi
806 1795 916 1845 misi,
950 1795 1049 1848 quid
1078 1796 1120 1836 in
1142 1796 1313 1837 concilio
1346 1809 1438 1838 cum
1468 1797 1679 1849 conplures

247 1958 266 1991 1
286 1956 429 2001 scimus]
450 1956 558 1989 simus
577 1955 622 1990 N
732 1956 951 1990 imbiberunt
968 1956 1073 1990 Hier.
1191 1956 1212 1990 2
1228 1966 1290 1990 nec
1308 1966 1372 1990 om.
1392 1956 1472 1991 LN
1581 1968 1681 2002 prae-

178 2032 333 2076 positum
356 2031 386 2076 Q
516 2031 537 2064 3
555 2031 668 2075 saluo]
686 2003 748 2065 uos
774 2031 803 2075 Q
820 2031 934 2072 (saluo
953 2031 1013 2071 M)
1141 2031 1164 2065 4
1181 2041 1216 2064 se
1234 2041 1300 2065 om.
1318 2030 1359 2064 E
1481 2042 1586 2075 quam
1607 2032 1636 2077 Q

179 2100 242 2124 nec
260 2090 334 2134 nos]
354 2101 423 2124 non
440 2090 547 2124 Hier.
665 2089 686 2123 5
705 2078 857 2133 quando]
878 2088 964 2132 quin
981 2089 1086 2123 Hier.
1091 2116 1101 2133 ,
1121 2099 1199 2122 cum
1218 2099 1238 2122 υ
1346 2089 1366 2122 6
1385 2089 1582 2134 uoluptatis
1601 2090 1636 2124 L

179 2147 337 2182 arbrium
354 2148 388 2181 L
512 2148 532 2181 7
550 2147 769 2192 praepositos
791 2146 830 2192 Q,
850 2146 898 2180 sit
915 2147 1137 2190 praepositus
1154 2147 1258 2181 Hier.
1384 2147 1583 2181 reddituros
1601 2148 1640 2182 E

179 2207 343 2249 optamus
363 2231 370 2239 .
386 2232 393 2239 .
409 2231 416 2238 .
436 2205 554 2239 ualere
572 2215 637 2239 om.
656 2204 736 2239 BN
739 2207 748 2222 ¹
933 2206 1014 2248 opto
1032 2205 1071 2238 E
1079 2203 1108 2249 Q
1299 2205 1321 2238 8
1337 2193 1420 2238 kffie
1435 2204 1471 2238 in
1489 2194 1619 2239 dfiB‘B.
1640 2225 1680 2229 —

178 2263 235 2298 Ad
260 2262 406 2306 (Caecili
432 2262 601 2307 Cypriani
630 2262 674 2296 ad
702 2261 743 2307 Q)
771 2261 990 2306 Stephanum
1021 2261 1062 2295 de
1093 2261 1240 2295 concilio
1269 2261 1326 2305 (de
1354 2261 1616 2306 rebaptizandis
1642 2273 1682 2297 ex

180 2321 361 2355 sententia
378 2320 522 2354 concilii
540 2319 590 2362 Β)
609 2320 755 2364 explicit
773 2318 965 2364 BELNQ.
986 2339 1029 2343 —

249 2378 363 2423 Epist.
390 2377 557 2412 LXXIII.
584 2397 627 2401 ——
652 2376 788 2420 Incipit
817 2376 861 2410 ad
889 2375 1101 2410 quaianum
1131 2376 1353 2419 (iubaianum
1371 2376 1418 2416 B,
1446 2376 1620 2410 urbanum
1642 2376 1680 2417 T,

179 2435 364 2470 iuuianum
396 2435 454 2479 0¹)
485 2434 527 2468 de
556 2434 726 2469 hereticis
756 2434 981 2478 baptizandis
1012 2433 1067 2476 (de
1096 2433 1313 2477 baptismate
1341 2433 1599 2467 haereticorum
1624 2433 1680 2476 B,-

181 2493 263 2527 add.
295 2493 349 2527 L:
385 2492 557 2536 epistulas
587 2502 730 2525 numero
760 2493 844 2533 tres,
874 2491 958 2526 add.
993 2491 1040 2525 T:
1075 2491 1227 2535 epistola
1256 2490 1350 2534 ·III·)
1381 2490 1607 2526 BCLNPT.
1639 2511 1682 2516 —

181 2551 226 2584 10
243 2550 409 2584 iuuaiano
428 2549 549 2590 BNP,
570 2549 613 2583 ad
629 2549 797 2583 iubaiano
820 2549 853 2583 T
978 2549 1021 2582 11
1038 2548 1127 2582 mihi
1146 2548 1182 2582 P
1198 2559 1223 2582 s.
1244 2548 1266 2582 Z.
1283 2559 1327 2583 m.
1347 2549 1373 2582 2
1502 2547 1682 2582 carissime

182 2619 247 2643 om.
272 2609 301 2643 (J
450 2607 655 2652 significans
672 2606 870 2641 desiderare
889 2608 925 2640 te
949 2606 977 2641 C
991 2606 1052 2641 secl
1070 2617 1105 2641 re
1123 2608 1159 2640 te
1178 2617 1221 2640 ex
1239 2617 1279 2640 ns
1419 2606 1489 2640 tibi
1508 2617 1585 2650 exp.
1611 2606 1640 2641 Ο

182 2666 226 2700 12
244 2666 382 2700 animae
398 2667 542 2699 nostrae
565 2664 594 2700 C
724 2664 816 2708 quod
833 2664 919 2699 BC¹
1058 2664 1101 2698 13
1118 2664 1333 2708 baptismate
1350 2664 1386 2698 B
1515 2664 1601 2697 foris
1622 2689 1628 2695 .
1646 2690 1651 2695 .
1669 2690 1675 2695 .

183 2723 373 2758 constituti
391 2733 456 2757 om.
477 2723 512 2757 B
686 2722 729 2756 15
747 2721 965 2766 computare]
985 2721 1139 2756 iudicare
1157 2732 1188 2762 v,
1206 2723 1332 2765 putare
1349 2722 1506 2766 Auyust.
1525 2721 1569 2755 de
1586 2721 1682 2765 bapt.

183 2785 313 2816 contra
332 2780 428 2815 Don.
449 2780 499 2814 ΙΙ
510 2781 555 2814 13
748 2789 820 2813 esse
839 2789 903 2813 om.
923 2779 958 2812 L
1151 2778 1194 2812 16
1211 2778 1402 2822 inlicitum]
1422 2777 1586 2812 inclitum
1604 2777 1638 2812 L

183 2838 256 2873 iam
274 2849 339 2873 om.
359 2838 387 2873 C
526 2847 565 2871 ac
584 2837 616 2871 T
753 2836 796 2870 18
813 2836 913 2870 missi
933 2836 961 2871 C

1807 647 1811 654 ⁸
1807 599 1816 608 <
1811 543 1814 547 -
1806 502 1815 529 όν
1810 491 1814 494 ·
1801 397 1815 481 ’ῆι-*ΑΜ
