1838 3152
527 236 765 281 Epistulae
790 235 1015 272 LXXIIII.
1042 247 1068 271 c.
1095 237 1217 272 8—10.
1553 241 1633 282 807

145 352 240 382 mur
260 339 479 381 ueritatem
500 339 672 381 scientes
693 339 790 392 quia
811 340 852 381 et
868 340 974 392 apud
996 339 1198 381 Hesdram
1221 341 1371 383 ueritas
1393 341 1507 391 uicit,
1530 342 1636 384 sicut

139 408 339 461 scriptum
361 409 442 450 est:
475 408 672 450 ueritas
702 408 873 450 manet
901 409 950 449 et
980 407 1266 451 inualescit
1294 410 1343 450 in
1373 412 1635 452 aeternum

139 477 188 518 et
225 476 365 517 uiuit
403 478 452 517 et
491 476 695 529 optinet
725 477 774 518 in
806 476 1014 518 saecula
1053 477 1385 519 saeculorum.
1433 490 1520 519 nec
1558 480 1637 520 est

138 545 269 598 apud
308 557 413 586 eam
452 545 684 598 accipere
722 556 989 598 personam
1028 557 1118 587 nec
1148 545 1509 596 differentiae,
1552 546 1637 588 sed

109 625 262 666 squae
302 614 419 654 sunt
457 613 597 655 iusta
636 613 784 663 facit,
829 626 918 655 nec
958 614 1036 655 est
1074 613 1123 655 in
1155 613 1350 655 iudicio
1390 614 1500 656 eius
1541 615 1635 656 ini-

137 694 309 734 quum,
348 682 396 723 et
435 681 693 723 fortitudo
730 683 779 723 et
809 694 1019 736 regnum
1057 683 1104 723 et
1134 682 1386 724 maiestas
1424 684 1472 724 et
1501 684 1638 735 pote-

138 751 246 791 stas
276 750 499 791 omnium
521 751 857 792 saeculorum.
890 750 1195 792 benedictus
1216 750 1352 791 Deus
1372 751 1636 792 ueritatis,

140 831 265 872 quam
296 818 515 860 ueritatem
536 818 653 860 nobis
676 817 863 860 Christus
885 818 1101 860 ostendens
1122 819 1164 860 in
1186 818 1399 872 euangelio
1422 830 1492 860 suo
1515 818 1636 860 dicit:

140 899 232 941 ego
263 900 370 928 sum
400 887 613 928 ueritas.
646 888 812 940 propter
842 887 950 940 quod
979 887 1078 928 siin
1099 886 1260 929 Christo
1289 899 1432 928 sumus
1460 888 1501 928 et
1522 886 1639 928 Chri-

94 972 127 996 10
144 957 256 997 stum
284 955 327 996 in
355 954 472 997 nobis
500 955 699 997 habemus
730 956 771 997 et
800 955 834 997 si
862 967 1074 997 manemus
1104 955 1146 996 in
1167 955 1342 997 ueritate
1363 956 1404 996 et
1425 955 1578 997 ueritas
1600 955 1640 996 in

140 1023 257 1065 nobis
278 1025 431 1073 manet,
453 1036 500 1065 ea
521 1035 624 1076 quae
646 1025 742 1065 sunt
763 1036 861 1066 uera
882 1025 1105 1066 teneamus.

198 1092 268 1133 Fit
286 1093 427 1134 autem
449 1092 587 1134 studio
609 1092 953 1146 praesumptionis
975 1093 1016 1133 et
1037 1092 1315 1134 contumaciae
1331 1094 1378 1134 ut
1395 1093 1486 1146 quis
1507 1092 1641 1147 magis
1660 1097 1709 1136 Ιο

147 1172 221 1202 sua
248 1173 374 1213 praua
395 1162 436 1202 et
457 1160 560 1202 falsa
589 1159 781 1202 defendat
810 1173 933 1214 quam
953 1161 1005 1202 ad
1026 1161 1196 1202 alterius
1226 1162 1338 1203 recta
1359 1162 1400 1202 et
1420 1173 1518 1203 uera
1547 1173 1642 1203 con-

145 1229 308 1270 sentiat.
344 1229 411 1271 cui
442 1230 501 1270 rei
533 1228 782 1282 prospiciens
814 1229 959 1271 beatus
990 1229 1200 1282 apostolus
1231 1229 1387 1271 Paulus
1419 1230 1470 1271 ad
1502 1229 1642 1270 Timo-

102 1298 290 1340 1⁵theum
320 1297 464 1339 scribit
484 1298 526 1339 et
548 1299 687 1339 monet
708 1298 945 1352 episcopum
965 1311 1043 1340 non
1066 1298 1297 1353 litigiosum
1320 1311 1394 1340 nec
1415 1298 1642 1340 contentio-

144 1380 249 1420 sum,
283 1367 353 1408 sed
385 1367 531 1408 mitem
554 1368 595 1409 et
615 1367 835 1409 docibilem
867 1379 954 1409 esse
983 1366 1140 1409 debere.
1179 1367 1368 1409 docibilis
1400 1369 1539 1409 autem
1571 1367 1643 1409 ille

148 1437 211 1477 est
243 1436 313 1489 qui
344 1438 406 1477 est
427 1435 478 1477 ad
499 1436 681 1478 discendi
712 1436 958 1490 patientiam
991 1435 1094 1478 lenis
1116 1437 1158 1477 et
1179 1435 1306 1477 mitis.
1346 1436 1503 1488 oportet
1533 1435 1642 1477 enim

143 1504 351 1558 episcopos
380 1517 461 1546 non
488 1505 654 1546 tantum
683 1505 838 1554 docere,
871 1505 941 1546 sed
963 1505 1005 1546 et
1025 1504 1191 1554 discere,
1224 1504 1320 1557 quia
1341 1506 1382 1546 et
1403 1504 1474 1545 ille
1495 1504 1644 1546 melius

141 1572 260 1615 docet
281 1573 351 1626 qui
373 1573 524 1615 cotidie
545 1573 692 1615 crescit
712 1574 753 1615 et
774 1573 935 1627 proficit
956 1572 1146 1615 discendo
1167 1573 1350 1614 meliora.
1373 1573 1480 1626 quod
1502 1572 1637 1625 ipsum

95 1657 129 1682 20
142 1653 301 1694 quoque
337 1641 447 1683 idem
482 1642 690 1695 apostolus
722 1641 878 1683 Paulus
915 1641 1031 1683 docet
1061 1642 1103 1683 et
1132 1642 1381 1694 praemonet,
1419 1642 1466 1682 ut
1501 1641 1535 1682 si
1568 1641 1639 1683 alii

143 1710 302 1752 sedenti
334 1711 483 1752 melius
514 1711 746 1752 reuelatum
778 1710 904 1752 fuerit
934 1710 1045 1764 prior
1076 1710 1225 1752 taceat.
1263 1710 1304 1751 in
1326 1709 1548 1762 conpendio
1579 1711 1641 1750 est

144 1780 287 1821 autem
316 1778 423 1832 apud
452 1779 665 1833 religiosas
695 1781 736 1820 et
764 1778 973 1833 simplices
1001 1779 1157 1820 mentes
1179 1780 1221 1820 et
1242 1790 1417 1820 errorem
1446 1778 1642 1832 deponere

279 1915 301 1949 2
325 1915 342 1949 1
367 1914 443 1949 Esr.
468 1915 501 1955 4,
526 1915 674 1949 38—40.
825 1915 847 1949 9
871 1914 919 1948 Io.
948 1915 1002 1955 14,
1027 1914 1059 1948 6.
1215 1915 1258 1949 15
1281 1914 1325 1948 cf.
1353 1914 1389 1948 II
1415 1913 1504 1948 Tim.
1528 1914 1562 1955 2,
1587 1914 1643 1948 24.

145 1972 204 2016 (cf.
230 1972 260 2014 Ι,
284 1971 318 2012 3,
343 1972 391 2016 2.)
483 1972 529 2006 20
553 1972 595 2006 cf.
622 1971 640 2006 I
666 1971 742 2007 Cor.
768 1973 822 2012 14,
846 1971 913 2006 3οΛ

216 2099 236 2132 1
255 2098 392 2132 esdram
409 2110 430 2133 v
590 2098 704 2132 uincit
726 2098 778 2133 Tv
941 2098 963 2131 2
980 2097 1128 2131 scritum
1146 2097 1181 2131 L
1334 2095 1466 2140 manet]
1484 2096 1581 2129 ualet
1600 2095 1645 2134 Β,

147 2157 256 2190 uanet
279 2155 309 2190 C
437 2155 459 2189 3
476 2155 551 2199 nec]
570 2154 655 2189 hacc
678 2155 707 2190 C
829 2155 850 2188 4
867 2145 889 2188 ἶ]
908 2154 1062 2198 accipere
1086 2154 1115 2189 C
1129 2144 1153 2188 ἶι
1168 2165 1194 2188 s.
1213 2153 1234 2188 l.
1360 2152 1595 2187 differentiam
1618 2153 1649 2187 C

143 2212 176 2247 ti
193 2224 240 2247 ex
256 2212 278 2247 d
380 2213 401 2246 6
419 2215 454 2247 et
471 2212 494 2246 f.
514 2212 693 2253 B¹CLT¹‚
712 2211 771 2246 sed
787 2211 811 2245 f.
831 2211 1043 2246 B²L2PT0
1134 2210 1334 2244 maiestatis
1357 2210 1401 2246 C·
1494 2213 1530 2243 et
1547 2212 1645 2254 potc-

149 2271 224 2305 stas
242 2281 306 2305 om.
327 2270 356 2305 C
501 2270 520 2303 7
538 2269 635 2314 deus]
655 2258 781 2303 dffs‘dsi
795 2269 845 2304 Cv
990 2268 1011 2302 8
1028 2267 1185 2302 ostendit
1206 2268 1251 2302 1⁷¹
1397 2267 1418 2301 9
1435 2266 1466 2301 si
1488 2268 1517 2302 C
1531 2277 1557 2300 s.
1577 2267 1598 2300 l.

147 2328 192 2362 10
208 2329 244 2363 et
261 2328 304 2373 si]
323 2327 353 2361 si
373 2327 460 2363 BCv
618 2327 660 2361 11
678 2328 797 2360 manet
814 2328 850 2360 et
867 2326 903 2360 B
1055 2324 1154 2368 uera]
1172 2324 1339 2359 ueritatis
1362 2325 1394 2359 T
1407 2324 1438 2358 is
1456 2334 1500 2358 ex
1516 2334 1545 2363 e,
1562 2334 1646 2357 uera

145 2387 183 2419 et
200 2387 296 2420 recta
312 2396 333 2419 v
464 2385 507 2419 12
524 2384 744 2419 contumacia
762 2384 797 2418 P
814 2384 849 2417 ia
866 2385 906 2418 in
922 2394 994 2417 ras.
1127 2382 1170 2416 13
1186 2381 1348 2416 defensat
1365 2381 1395 2416 C
1401 2384 1408 2400 ¹
1540 2392 1645 2426 quam

146 2453 192 2477 ex
209 2453 338 2486 aquam
356 2443 390 2477 L
494 2442 603 2486 recta]
623 2441 718 2475 facta
740 2442 769 2477 C
875 2442 972 2485 uera]
990 2439 1099 2474 uerba
1115 2442 1151 2473 et
1168 2439 1197 2474 C
1303 2439 1347 2473 14
1364 2439 1489 2482 paulus
1507 2440 1646 2483 aposto-

144 2501 202 2535 lus
220 2501 249 2535 c
340 2500 384 2534 15
398 2499 522 2534 scribit
536 2499 605 2534 Pb
619 2499 659 2532 m
672 2509 743 2532 ras.
837 2487 970 2542 οῇζοκ
989 2486 1069 2542 θῶ
1084 2487 1147 2531 L‘'
1210 2496 1410 2540 litigiosum
1429 2496 1461 2530 T
1474 2495 1644 2539 tigiosum

144 2559 186 2592 in
202 2568 287 2600 ras„
305 2557 476 2602 ligiosum
495 2557 544 2591 P¹
667 2566 730 2589 nec
748 2554 1007 2589 contentiosum
1025 2565 1090 2588 om.
1113 2554 1142 2588 Ο
1271 2553 1312 2586 17
1331 2552 1392 2597 qui
1410 2554 1465 2586 est
1481 2563 1545 2586 om.
1567 2552 1601 2586 B

145 2614 302 2650 discendi
326 2625 417 2649 corr.
437 2615 477 2648 in
495 2613 698 2648 discendum
719 2613 751 2647 T
954 2610 1156 2645 discendum
1179 2609 1354 2655 patientia
1373 2610 1464 2653 Any.
1485 2608 1529 2643 de
1546 2609 1644 2652 bapt.

146 2676 276 2707 contra
292 2671 390 2706 Don.
414 2672 447 2706 V
461 2674 509 2706 32
648 2672 691 2704 18
707 2670 889 2715 episcopus
910 2669 1016 2710 C¹T¹‚
1033 2668 1232 2712 episcopum
1252 2678 1273 2701 v
1290 2667 1382 2711 Any.
1521 2664 1578 2699 sed
1596 2665 1644 2709 ct]

147 2729 206 2764 scd
226 2731 261 2764 P
444 2729 488 2763 19
507 2728 669 2774 proficiet
691 2729 735 2763 C·
919 2725 1084 2760 discendo
1107 2726 1136 2761 G
1151 2725 1261 2769 Any„
1286 2723 1440 2758 docendo
1458 2723 1604 2757 BLPT

147 2787 193 2821 20
210 2789 246 2821 et
263 2798 329 2822 om.
350 2786 515 2821 BCLPv
615 2795 844 2830 praemonens
868 2784 1055 2819 CL²PT¹v
1154 2782 1183 2816 si
1201 2781 1276 2825 alii]
1297 2781 1345 2835 sit
1361 2780 1431 2814 alio
1455 2780 1483 2815 C
1497 2791 1516 2812 o
1533 2790 1558 2813 s.
1577 2780 1598 2813 l.

148 2844 194 2878 22
211 2855 323 2878 errore
347 2844 377 2879 C
