1838 3152
93 871 141 911 15

161 217 245 257 634
686 213 881 249 Caecilii
907 214 1118 258 Cypriani

158 318 298 359 uenire
327 330 406 359 non
434 330 564 371 posse,
597 318 690 359 dare
719 330 784 358 me
806 318 855 358 ob
878 317 953 358 hoc
973 318 1216 371 praemium,
1251 330 1301 359 110
1323 318 1430 370 (111οᾶ
1460 331 1538 359 11011
1566 319 1664 360 licet

159 379 336 428 faciam'.
360 399 465 428 nunc
486 387 624 428 tamen
648 386 774 427 etiam
795 385 873 427 iste
895 386 964 438 qui
987 386 1129 428 libello
1152 387 1384 428 maculatus
1407 388 1481 437 est,
1503 387 1664 439 postea-

162 467 285 507 quam
307 455 422 496 nobis
444 455 756 496 admonentibus
777 454 924 495 didicit
945 467 1018 496 nec
1038 455 1113 496 hoc
1135 467 1175 496 se
1197 454 1330 497 facere
1352 455 1552 505 debuisse,
1586 455 1664 496 etsi

159 537 304 565 manus
334 537 436 577 pura
464 523 519 564 sit
541 525 582 564 et
610 537 653 565 os
684 523 769 565 eius
798 522 936 564 feralis
966 523 1047 564 cibi
1078 524 1265 578 contagia
1293 524 1407 565 nulla
1428 525 1662 576 polluerint,

159 593 448 634 conscientiam
488 593 627 633 tamen
668 592 755 633 eius
796 603 882 632 esse
922 591 1137 643 pollutam,
1179 592 1250 633 flet
1286 592 1440 634 auditis
1475 593 1591 634 nobis
1623 594 1694 634 ets>

158 661 410 702 lamentatur
439 661 479 702 et
508 661 615 713 quod
645 660 867 712 deliquerit
894 673 1001 701 nunc
1031 660 1272 701 admonetur
1301 662 1342 702 et
1364 673 1442 701 non
1471 662 1558 702 tam
1586 661 1664 703 cri-

157 730 268 771 mine
304 743 427 782 quam
465 742 597 771 errore
634 729 825 782 deceptus
861 729 968 782 quod
1003 728 1086 770 iam
1118 729 1168 770 de
1200 730 1332 771 cetero
1367 729 1594 772 instructus
1625 730 1666 771 et

157 801 323 852 paratus
346 799 401 840 sit
423 799 687 839 contestatur.

216 867 398 918 Quorum
421 869 454 909 si
476 867 772 920 paenitentiam
801 879 1040 919 respuamus
1070 867 1316 908 habentium
1349 867 1529 920 aliquam
1558 867 1664 908 fidu-

157 937 264 978 ciam
287 936 514 978 tolerabilis
536 935 818 985 conscientiae,
842 935 985 977 statim
1010 948 1104 977 cum
1121 948 1243 977 uxore
1265 948 1359 976 cum
1382 936 1537 987 liberis⁷
1561 949 1659 989 quos
1681 956 1713 980 10

157 1005 382 1047 incolumes
412 1005 734 1055 reseruauerant‚
764 1004 806 1045 in
834 1004 1036 1045 haeresim
1066 1005 1132 1045 uel
1163 1004 1343 1046 schisma
1372 1004 1533 1046 diabolo
1555 1004 1664 1045 inui-

156 1074 273 1115 tante
293 1074 528 1127 rapiuntur:
552 1074 593 1114 et
610 1072 865 1114 adscribetur
887 1072 1003 1114 nobis
1022 1073 1063 1114 in
1081 1073 1146 1114 die
1169 1073 1313 1114 iudicii
1335 1085 1408 1114 nec
1430 1085 1547 1114 ouem
1570 1086 1664 1114 sau-

156 1144 263 1184 ciam
281 1154 441 1183 curasse
459 1142 499 1183 et
515 1141 680 1195 propter
696 1154 819 1182 unam
837 1142 1017 1183 sauciam
1035 1142 1188 1182 multas
1211 1142 1393 1196 integras
1414 1141 1662 1194 perdidisse:

158 1213 199 1253 et
221 1224 314 1253 cum
335 1211 538 1253 Dominus
568 1211 723 1252 relictis
755 1211 979 1264 nonaginta
1008 1223 1155 1252 nouem
1185 1211 1294 1252 sanis
1316 1223 1438 1251 unam
1461 1211 1664 1251 errantem

157 1282 199 1322 et
230 1281 382 1322 lassam
422 1279 643 1332 quaesierit
673 1280 713 1320 et
740 1279 953 1320 inuentam
994 1279 1147 1320 umeris
1186 1279 1269 1320 suis
1308 1279 1393 1331 ipse
1423 1279 1663 1332 portauerit,
1682 1299 1713 1323 ιε»

157 1362 229 1391 1103
250 1362 329 1391 11011
350 1350 514 1390 tantum
535 1362 614 1390 non
635 1361 877 1402 quaeramus
898 1349 1040 1399 lassos,
1065 1348 1135 1390 sed
1153 1349 1193 1390 et
1211 1348 1419 1390 uenientes
1442 1361 1665 1398 arceamus,

160 1419 202 1459 et
223 1431 317 1460 cum
346 1417 721 1471 pseudoprophetae
750 1430 917 1471 gregem
940 1417 1094 1458 Christi
1115 1430 1221 1458 nunc
1244 1418 1405 1458 uastare
1427 1418 1468 1457 et
1488 1417 1666 1458 lacerare

158 1499 238 1528 non
269 1487 470 1537 desinant,
507 1487 759 1528 occasionem
792 1486 960 1527 canibus
990 1488 1030 1527 et
1052 1486 1160 1539 lupis
1192 1487 1336 1527 demus
1368 1486 1415 1526 ut
1446 1498 1545 1538 quos
1574 1498 1666 1538 per-

162 1555 315 1597 secutio
337 1555 487 1597 infesta
507 1569 587 1596 non
608 1555 788 1608 perdidit
810 1568 876 1597 eos
893 1568 964 1596 nos
982 1555 1136 1596 duritia
1152 1556 1292 1596 nostra
1309 1556 1350 1596 et
1366 1554 1667 1596 inhumanitate

160 1624 391 1677 perdamus.
431 1626 471 1666 et
501 1625 572 1665 ubi
609 1624 699 1674 erit,
736 1624 864 1665 frater
899 1623 1121 1674 carissime,
1159 1624 1265 1677 quod
1302 1623 1509 1676 apostolus
1544 1622 1665 1664 dicit:
1681 1641 1715 1666 20

160 1693 397 1735 omnibus
428 1706 515 1747 per
546 1693 710 1735 omnia
740 1693 938 1746 placeo,
977 1705 1070 1734 non
1102 1705 1349 1745 quaerens
1381 1692 1509 1745 quod
1541 1692 1666 1733 mihi

162 1764 239 1803 est
268 1762 422 1813 utile,
456 1763 540 1803 sed
572 1762 701 1815 quod
732 1761 935 1812 multis,
967 1762 1021 1802 ut
1053 1762 1334 1803 saluentur.
1367 1761 1668 1803 imitatores

160 1831 254 1872 mei
288 1832 473 1882 estote,
507 1831 645 1872 sicut
667 1831 715 1872 et
737 1843 824 1885 ego
848 1830 1058 1872 Christi.
1092 1831 1134 1872 et
1155 1830 1326 1871 iterum:
1360 1829 1531 1872 sactus
1561 1843 1667 1872 sum

296 1991 340 2025 21
366 1991 383 2024 Ι
411 1990 486 2025 Cor.
516 1991 567 2032 10,
594 1991 648 2025 33.
676 1991 730 2031 11,
757 1991 785 2024 1.
881 1990 924 2024 23
951 1990 968 2023 Ι
994 1990 1070 2025 Cor.
1098 1990 1129 2031 9,
1154 1990 1209 2024 22.

232 2146 250 2179 1
266 2145 387 2179 11011110
405 2155 450 2179 eoe
468 2146 541 2178 ucri
557 2144 593 2180 R
686 2145 744 2189 ob]
763 2145 807 2179 ad
823 2146 865 2186 Β,
885 2145 928 2178 ab
949 2145 992 2180 0¹
1093 2145 1114 2179 2
1132 2123 1368 2179 inmaculatus
1389 2145 1418 2180 0
1507 2145 1529 2179 4
1546 2145 1667 2179 feralis

165 2214 209 2238 ‹2oe
225 2203 367 2248 fragilis
391 2203 420 2238 O
523 2202 595 2236 cibi
614 2203 661 2236 M
688 2203 729 2237 ἐἴη
746 2213 833 2246 ras.5
861 2202 922 2246 qui
945 2202 973 2246 (3
1067 2192 1247 2246 contagia]
1267 2202 1446 2236 contraria
1464 2202 1500 2236 Β
1591 2202 1667 2246 pol-

160 2261 305 2294 luerunt
325 2260 397 2294 BG
523 2260 543 2293 6
561 2261 598 2294 et
615 2259 720 2304 quod]
740 2260 833 2304 quod
851 2260 887 2295 R
1015 2270 1106 2293 nunc
1124 2270 1189 2294 om.
1210 2260 1246 2294 Β
1374 2260 1392 2293 7
1413 2259 1568 2304 deceptis
1587 2260 1622 2294 Β

163 2320 321 2352 structus
339 2318 386 2352 M
403 2317 612 2360 (instructus
636 2317 678 2361 Q)
781 2317 825 2351 10
843 2317 1059 2351 conscientia
1077 2319 1131 2351 est
1149 2318 1185 2352 R
1279 2318 1319 2351 11
1341 2317 1603 2351 reseruauerint
1625 2317 1666 2358 V,

161 2376 404 2410 reseruanerat
425 2374 464 2419 Q,
484 2374 693 2409 reseruando
712 2375 747 2409 Β
888 2374 1081 2409 schismate
1099 2385 1142 2409 ex
1161 2374 1381 2409 schismatici
1406 2375 1434 2410 O
1571 2374 1665 2408 inui-

160 2434 237 2467 tate
254 2432 290 2467 R
423 2432 465 2466 12
483 2432 744 2466 adscriberetur
762 2432 807 2473 Β,
835 2432 1059 2477 adscriptura
1083 2433 1126 2468 C¹
1265 2433 1308 2466 14
1326 2433 1524 2477 nonaginta
1542 2443 1665 2467 nouem

160 2501 225 2525 om.
250 2491 280 2525 C
388 2490 431 2524 15
448 2491 484 2524 ct
501 2490 638 2534 lapsam
662 2489 698 2530 C,
717 2490 774 2523 uel
790 2490 922 2524 lassam
940 2490 975 2524 Β
1080 2490 1116 2524 111
1134 2490 1290 2524 humeris
1314 2490 1344 2525 G
1452 2491 1494 2524 16
1512 2491 1667 2524 alterum

160 2559 230 2582 non
247 2559 313 2582 om.
333 2547 404 2592 BQ
520 2546 722 2591 quaerimus
746 2547 782 2588 C,
802 2558 963 2581 curamus
985 2547 1014 2592 Q
1123 2548 1235 2581 lassos
1253 2547 1335 2588 RV,
1354 2547 1469 2581 lassus
1488 2548 1532 2587 L,
1550 2548 1666 2591 lapsos

167 2605 287 2650 GQRv
380 2605 422 2638 17
441 2606 477 2638 ct
495 2615 574 2638 cum
591 2604 631 2638 in
648 2615 711 2638 nec
728 2615 807 2638 cum
824 2615 915 2639 corr.
938 2605 968 2639 Ο
1050 2604 1363 2648 seudoprophetam
1380 2605 1416 2639 R
1510 2605 1552 2638 18
1569 2615 1666 2639 occa-

161 2663 258 2697 sione
276 2662 322 2704 R,
352 2662 594 2697 occansionem
619 2661 648 2707 Q
677 2660 906 2706 (occasionem
926 2662 986 2707 M)
1126 2662 1219 2706 lupis
1245 2673 1289 2696 eae
1315 2662 1413 2706 hpus
1437 2660 1473 2696 R
1610 2662 1664 2706 ut]

161 2722 197 2754 et
220 2720 285 2756 CR
402 2720 446 2754 19
463 2730 525 2753 nos
543 2719 578 2753 L
595 2729 620 2753 s.
641 2719 661 2753 z.
680 2730 724 2753 m.
743 2721 768 2754 2
875 2719 920 2753 20
937 2720 1013 2753 erat
1034 2719 1062 2764 ρ
1081 2719 1164 2763 (era
1180 2719 1240 2760 M)
1350 2708 1440 2753 krffi‘
1441 2720 1488 2753 M
1507 2719 1554 2763 (k.
1578 2718 1621 2763 Q>

161 2777 252 2811 dixit
266 2778 302 2811 Β
393 2777 436 2811 21
455 2787 600 2821 quaeres
619 2776 655 2812 R
746 2776 791 2810 22
808 2775 899 2810 utile
924 2778 977 2809 est
998 2776 1049 2821 Qu
1143 2778 1184 2810 ut
1202 2787 1245 2811 ex
1264 2779 1300 2811 et
1324 2777 1353 2812 C
1443 2776 1487 2811 23
1505 2776 1598 2810 sicut
1617 2775 1668 2819 et}

162 2834 255 2868 sicut
273 2835 308 2868 Β
401 2836 437 2868 et
454 2863 459 2868 .
477 2860 482 2866 .
498 2861 505 2868 .
526 2834 681 2868 lucrarer
700 2843 766 2868 om.
787 2833 822 2868 Β
