1838 3152
520 242 731 287 Epistula
755 241 1224 279 va111.-va1111.
1537 249 1617 290 749

124 345 302 387 sciamus
331 345 382 386 ad
411 357 533 398 quem
560 344 709 387 fratres
728 346 888 387 nostros
909 345 1085 401 dirigere
1115 349 1155 389 et
1184 348 1251 389 cui
1279 349 1453 393 scribere
1475 349 1620 394 debea-

125 426 230 455 muS.
253 414 346 466 opto
373 415 427 467 te,
449 412 577 456 frater
598 414 818 465 carissime,
841 426 999 467 semper
1020 414 1120 456 bene
1142 416 1290 459 ualere.

409 618 895 691 EPISTVLA
945 618 1336 692 LXVIIII.

536 764 803 801 CYPRIANVS
829 764 998 800 MAGNO
1023 764 1154 801 FILIO
1180 765 1213 799 S.

95 920 109 944 ⁵
182 903 262 945 Pro
284 905 356 945 tua
374 903 567 958 religiosa
580 903 800 958 diligentia
817 903 1059 946 consuluisti
1077 903 1405 946 mediocritatem
1424 906 1622 955 nostram,
1645 913 1660 952 1

126 971 186 1013 fili
208 972 430 1022 carissime,
452 984 503 1013 an
522 972 628 1013 inter
649 973 802 1013 ceteros
823 972 1050 1015 haereticos
1073 985 1139 1014 eos
1160 984 1320 1026 quoque
1342 972 1413 1026 qui
1436 985 1459 1015 a
1480 972 1622 1015 Noua-

126 1040 237 1083 tiano
259 1041 430 1083 ueniunt
450 1042 543 1095 post
563 1040 781 1094 profanum
803 1041 890 1083 eius
922 1041 1135 1083 lauacrum
1166 1042 1368 1096 baptizari
1400 1043 1440 1084 et
1469 1042 1622 1084 sancti-

126 1109 238 1151 ficari
268 1109 311 1151 in
338 1109 510 1152 ecclesia
539 1109 741 1151 catholica
768 1108 958 1161 legitimo
992 1111 1032 1151 et
1061 1122 1157 1152 uero
1195 1111 1236 1152 et
1272 1110 1390 1152 unico
1429 1110 1623 1152 ecclesiae

125 1178 329 1232 baptismo
364 1179 560 1231 oporteat.
600 1177 648 1219 de
677 1190 757 1231 qua
785 1190 827 1219 re
863 1179 1063 1231 quantum
1100 1178 1194 1220 fidei
1232 1179 1394 1221 nostrae
1423 1179 1625 1232 capacitas

86 1262 118 1286 ιο
131 1248 173 1288 et
194 1246 488 1301 scripturarum
511 1245 746 1288 diuinarum
768 1246 964 1288 sanctitas
986 1259 1032 1288 ac
1053 1247 1204 1289 ueritas
1226 1247 1425 1302 suggerit,
1448 1247 1625 1289 dicimus

127 1328 266 1358 omnes
295 1315 460 1357 omnino
477 1309 708 1358 'haereticos
730 1316 771 1357 et
791 1315 1076 1358 schismaticos
1099 1315 1203 1357 nihil
1231 1316 1379 1358 habere
1407 1316 1625 1369 potestatis

126 1397 173 1426 ac
194 1384 308 1426 iuris.
342 1386 509 1438 propter
537 1384 644 1438 quod
674 1384 931 1426 Nouatianus
961 1396 1033 1426 nec
1063 1384 1183 1426 debet
1215 1397 1289 1426 nec
1325 1385 1461 1438 potest
1494 1385 1624 1439 excipi

127 1466 206 1506 quo
226 1453 363 1495 minus
385 1454 473 1507 ipse
496 1465 655 1506 quoque
678 1454 792 1494 extra
812 1453 1028 1495 ecclesiam
1058 1453 1283 1495 consistens
1314 1454 1354 1494 et
1383 1455 1523 1495 contra
1550 1466 1624 1506 pa-

130 1534 219 1564 cem
256 1535 302 1563 ac
338 1521 601 1564 dilectionem
632 1521 785 1563 Christi
815 1521 968 1564 faciens
1003 1522 1110 1563 inter
1145 1522 1400 1564 aduersarios
1435 1523 1477 1563 et
1515 1522 1625 1563 anti-

84 1608 114 1632 15
129 1590 302 1633 christos
332 1591 588 1645 conputetur.
619 1603 749 1643 neque
780 1590 890 1631 enim
910 1590 1113 1632 Dominus
1142 1591 1278 1632 noster
1299 1590 1413 1632 Iesus
1435 1589 1624 1632 Christus

127 1672 221 1701 cum
243 1659 285 1700 in
307 1659 521 1713 euangelio
543 1672 616 1701 suo
638 1660 863 1701 testaretur
885 1658 1074 1701 inimicos
1096 1671 1190 1701 suos
1212 1671 1297 1700 esse
1315 1670 1381 1701 eos
1399 1659 1469 1712 qui
1486 1671 1623 1701 secum

127 1740 207 1770 non
243 1730 376 1770 essent
413 1727 595 1781 aliquam
633 1728 810 1782 speciem
846 1728 1056 1770 haereseos
1093 1728 1340 1783 designauit,
1379 1728 1448 1770 sed
1484 1740 1625 1769 omnes

129 1797 293 1839 omnino
322 1797 392 1850 qui
422 1809 559 1839 secum
581 1809 661 1838 non
682 1798 816 1838 essent
848 1798 889 1838 et
918 1808 1055 1838 secum
1084 1808 1164 1838 non
1193 1796 1434 1851 colligentes
1455 1808 1623 1850 gregem

197 2003 214 2036 1
230 2001 274 2036 ad
291 1991 357 2046 que
375 2013 420 2037 ea:
437 2001 513 2046 adq.
534 2002 562 2037 C
721 2001 886 2046 scribere]
906 2002 1038 2037 seruire
1056 2001 1091 2035 Z
1251 2001 1272 2035 2
1289 2011 1424 2045 semper
1441 2000 1474 2034 b.
1492 2000 1624 2044 ualere]

128 2070 264 2104 semper
289 2059 418 2094 habere
435 2061 470 2093 te
487 2059 574 2093 bene
599 2069 660 2093 nec
683 2069 750 2092 non
769 2059 805 2093 in
823 2047 903 2093 dfiB‘
917 2059 1033 2094 ualere
1053 2059 1092 2093 Z.
1114 2078 1152 2084 —
1174 2058 1328 2103 Explicit
1344 2057 1389 2092 ad
1406 2057 1626 2102 Stephanum

128 2116 226 2159 (add.
255 2116 304 2150 Z:
336 2116 378 2151 de
407 2116 584 2150 Martiano
617 2116 813 2150 arelatense
846 2116 907 2160 qui
940 2116 1113 2151 hereticos
1146 2115 1290 2160 recepit)
1321 2115 1383 2156 Zo,
1419 2114 1574 2159 Explicit
1602 2115 1626 2154 i,

127 2185 191 2209 om.
215 2174 273 2209 Co.
296 2194 335 2199 —

199 2231 312 2276 Epist.
332 2230 515 2265 LXVIIII.
542 2231 735 2275 —Incipit
763 2230 806 2265 de
833 2230 892 2264 his
921 2230 983 2274 qui
1009 2231 1046 2264 in
1071 2230 1161 2264 lecto
1189 2231 1451 2273 consequuntur
1469 2227 1531 2274 SQ
1554 2228 1627 2262 nisi

130 2289 225 2334 quod
256 2288 286 2334 Q
309 2289 437 2334 incipit
464 2299 544 2332 om,
574 2288 708 2332 Incipit
737 2288 781 2322 ad
808 2288 978 2333 Magnum
1008 2288 1050 2322 de
1075 2287 1276 2322 Nouatiano
1306 2274 1490 2331 (nouat‘C)
1514 2285 1626 2326 CLP,

128 2346 262 2391 Incipit
290 2345 334 2380 ad
351 2345 521 2390 Magnum
550 2345 591 2380 de
609 2345 813 2380 Nouatiano
830 2345 872 2380 de
902 2346 953 2388 (et
969 2345 1012 2380 de
1028 2345 1076 2388 R)
1105 2345 1163 2379 his
1191 2346 1251 2389 qui
1276 2344 1313 2378 in
1338 2344 1429 2378 lecto
1455 2342 1627 2387 (gratiam

129 2403 215 2438 add.
232 2404 279 2438 M
293 2414 320 2437 s.
339 2403 361 2437 l.
378 2414 422 2438 m.
440 2404 479 2446 2)
498 2405 729 2437 consecuntur
742 2403 835 2438 MR.
856 2422 899 2428 —
915 2403 938 2437 4
954 2402 1029 2437 filio
1045 2413 1110 2437 om.
1128 2401 1158 2437 S
1249 2401 1267 2435 7
1286 2401 1433 2435 ueniant
1446 2399 1583 2445 CPQR

130 2460 351 2506 prophanum
370 2459 419 2495 Sv
563 2462 600 2494 et
616 2470 680 2495 om.
701 2460 731 2494 C
867 2462 903 2494 et
920 2458 1131 2494 sanctificari
1149 2469 1213 2493 om.
1235 2458 1265 2493 S
1405 2459 1427 2491 8
1445 2457 1627 2492 ecclesiam

130 2517 344 2553 catholicam
363 2517 526 2562 legitime
544 2528 626 2552 uero
643 2519 679 2551 et
695 2528 763 2551 uno
781 2517 820 2557 C,
837 2527 904 2552 om.
923 2516 959 2552 R
1102 2516 1124 2550 9
1141 2515 1352 2560 baptissimo
1367 2514 1396 2550 S
1531 2513 1625 2557 fidei]

132 2575 213 2610 fidei
231 2586 367 2620 quoque
388 2574 418 2620 Q
526 2575 622 2609 nosti
638 2575 686 2610 M
699 2576 853 2619 (nostrae
873 2574 918 2619 Q)
1030 2574 1070 2607 11
1088 2573 1219 2617 omnes]
1238 2561 1350 2607 difssc·
1457 2570 1626 2605 chrisma-

132 2634 220 2668 ticos
241 2634 282 2669 S¹
423 2634 466 2668 12
483 2633 613 2668 debent
626 2634 662 2669 R
799 2632 877 2677 nec]
895 2643 959 2666 nea
979 2633 1013 2666 P
1150 2630 1193 2664 14
1210 2630 1304 2664 inter
1320 2646 1353 2663 a*
1371 2629 1406 2664 L
1422 2628 1471 2662 im
1489 2638 1580 2662 eras.

132 2690 346 2725 antichristo
364 2690 398 2725 L
554 2691 597 2725 16
614 2690 776 2725 inimicos
795 2689 832 2730 S,
851 2688 1070 2723 aduersarios
1089 2686 1284 2732 CLPQRv
1438 2685 1477 2719 17
1492 2684 1625 2741 essent]

130 2750 222 2782 esset
241 2748 286 2789 R,
314 2758 388 2782 csse
405 2747 440 2782 L
647 2747 844 2791 haereseos]
870 2746 1043 2780 hereticos
1073 2744 1102 2789 Q
1308 2743 1441 2787 omnes]
1467 2741 1532 2776 dns
1555 2741 1584 2777 G

131 2806 174 2840 18
191 2805 344 2849 omnino]
361 2804 536 2839 hereticos
554 2804 638 2839 add.
658 2804 724 2840 CR
869 2805 987 2837 essent
1005 2805 1039 2837 et
1058 2812 1174 2836 secum
1192 2811 1260 2836 non
1278 2811 1343 2835 om.
1364 2799 1394 2835 S
1529 2798 1628 2833 colli-

129 2865 255 2907 gerent
273 2864 431 2907 (gregem
450 2873 477 2896 s.
496 2863 703 2906 spargerent
719 2863 801 2904 om.)
820 2860 854 2896 R
