1838 3152
182 224 264 265 842
498 222 691 258 Caecilii
717 223 933 266 Cypriani
959 222 1160 267 epistula
1184 220 1367 257 LXXXI.

181 328 222 368 et
243 326 467 368 secundum
490 326 597 379 quod
616 339 682 367 me
702 326 906 368 tractante
929 326 1165 380 saepissime
1187 326 1402 378 didicistis,
1438 328 1618 381 quietem
1641 329 1682 370 et

181 395 529 448 tranquillitatem
546 396 695 452 tenete,
717 408 790 436 nec
806 395 1025 448 quisquam
1042 396 1228 436 uestrum
1249 395 1427 448 aliquem
1449 398 1681 439 tumultum

182 463 379 505 fratribus
417 464 582 506 moueat
617 465 689 505 aut
723 464 833 506 ultro
870 476 911 505 se
949 464 1175 519 gentilibus
1212 464 1367 506 offerat.
1408 467 1682 519 apprehensus

182 533 292 574 enim
314 534 355 574 et
376 532 555 574 traditus
576 532 689 586 loqui
710 532 844 583 debet,
868 532 1072 586 siquidem
1092 533 1203 574 Deus
1224 533 1266 573 in
1287 533 1404 574 nobis
1425 534 1583 587 positus
1604 535 1681 576 illa

181 602 280 643 hora
315 602 519 655 loquatur,
558 601 628 654 qui
662 613 734 642 nos
770 600 951 642 confiteri
987 602 1120 655 magis
1156 601 1290 642 uoluit
1326 614 1450 654 quam
1484 603 1679 655 profiteri.
1696 618 1710 641 5

183 670 282 723 quid
313 671 451 711 autem
473 670 522 711 de
544 670 676 711 cetero
708 682 781 711 nos
812 670 1028 711 obseruare
1059 670 1273 711 conueniat
1307 670 1529 723 antequam
1551 671 1594 712 in
1614 685 1682 712 me

183 752 303 793 super
334 739 583 781 confessione
615 740 793 781 nominis
824 740 902 782 Dei
936 740 1152 794 proconsul
1185 741 1434 782 sententiam
1465 741 1583 791 ferat,
1620 741 1684 782 in-

183 809 367 850 struente
382 809 557 850 Domino
575 809 618 850 in
634 809 861 851 comminus
883 809 1159 863 disponemus.
1182 809 1407 851 incolumes
1428 822 1513 859 uos⁷
1538 809 1686 851 fratres

185 878 399 931 carissimi,
422 878 623 920 Dominus
639 878 755 920 Iesus
776 878 819 919 in
840 878 1011 920 ecclesia
1032 891 1106 920 sua
1125 891 1361 932 permanere
1382 878 1507 920 faciat
1528 879 1570 920 et
1591 890 1693 920 con--

185 960 345 989 seruare
368 947 572 1001 dignetur.
1702 963 1734 987 ιο

256 1073 274 1106 1
293 1074 329 1106 et
346 1082 411 1107 om.
436 1071 468 1106 G
615 1073 652 1105 et
667 1071 972 1115 tranquillitatem
987 1081 1052 1105 om.
1071 1081 1091 1105 z
1240 1071 1262 1105 2
1279 1072 1399 1105 tenere
1416 1071 1452 1105 Z
1593 1071 1691 1116 quic-

189 1140 295 1173 quam
312 1140 333 1164 3
436 1129 458 1163 3
475 1129 516 1163 de
533 1129 705 1163 fratribus
723 1129 826 1174 Ζεγμ
927 1129 1001 1173 aut]
1019 1130 1061 1163 ut
1077 1129 1113 1163 Z
1212 1129 1236 1163 4
1253 1128 1385 1165 etenim
1402 1138 1458 1173 νμ,
1478 1130 1596 1162 autem
1613 1129 1649 1163 Z

188 1189 223 1221 et
241 1187 416 1231 siquidem
436 1198 469 1229 z,
495 1187 525 1221 si
543 1187 629 1231 quid
647 1198 725 1222 cum
742 1187 779 1221 Z
980 1186 1066 1221 deus
1083 1186 1121 1220 in
1137 1186 1238 1220 uobis
1264 1186 1307 1227 G,
1325 1188 1363 1220 in
1379 1186 1480 1220 uobis
1498 1186 1582 1220 deus
1600 1197 1633 1227 Ζ,
1651 1186 1689 1220 in

188 1245 290 1279 nobis
307 1255 328 1278 r
479 1245 630 1289 positus]
650 1244 764 1289 possit
781 1256 802 1279 z
857 1276 859 1278 .
956 1245 978 1279 5
993 1244 1173 1289 loquatur]
1191 1244 1416 1278 mandauerit
1432 1244 1596 1288 loquetur
1613 1243 1649 1277 Z

189 1304 210 1336 6
228 1302 319 1347 quod
342 1302 374 1337 G-
505 1301 546 1336 de
564 1302 690 1346 cetero]
709 1301 751 1336 de
769 1302 864 1336 certo
882 1312 911 1343 r,
930 1301 1031 1336 decet
1049 1312 1131 1346 ergo
1149 1301 1184 1335 Z
1311 1311 1374 1335 nos
1392 1311 1457 1335 om.
1478 1314 1502 1345 μ
1612 1310 1691 1335 con-

190 1361 289 1394 uenit
306 1360 386 1405 Ζνμ
488 1360 526 1394 in
543 1371 607 1395 om.
628 1362 721 1406 Ζγβμ
823 1360 842 1394 7
861 1360 977 1404 super]
997 1370 1133 1403 semper
1150 1370 1170 1393 z
1273 1358 1528 1393 confessionem
1544 1358 1658 1403 Ζνμῑ·

190 1418 260 1463 dei]
279 1417 321 1452 de
338 1418 414 1462 ipso
431 1429 451 1453 z
616 1418 836 1463 proconsulis
859 1418 974 1463 (ν’τβμ,
991 1417 1197 1462 proconsule
1214 1417 1256 1459 Z,
1275 1417 1415 1451 consule
1434 1428 1454 1451 z
1616 1427 1694 1450 sen-

192 1477 309 1510 tentia
334 1476 441 1510 feriat
464 1476 581 1521 θνβμ,
606 1475 787 1510 sententia
803 1475 921 1510 fuerat
937 1487 958 1510 z
1154 1474 1176 1508 8
1192 1475 1229 1508 in
1246 1475 1439 1509 comminus
1459 1499 1467 1508 .
1483 1499 1489 1505 .
1506 1499 1512 1505 .
1532 1473 1696 1507 dominus

192 1535 288 1569 iesus
306 1545 372 1569 om.
390 1545 410 1568 r
544 1534 738 1568 comminus
760 1533 835 1576 ΘΖ,
853 1544 1034 1568 commune
1051 1533 1169 1578 νεβμυ
1306 1532 1327 1566 9
1344 1531 1452 1576 iesus]
1470 1532 1587 1565 noster
1604 1542 1652 1575 μυ

193 1593 238 1627 10
262 1592 429 1637 dignetur
454 1602 555 1626 amen
572 1592 647 1636 Zz,·
678 1591 762 1626 add.
790 1591 969 1625 Baluzius
993 1601 1039 1625 ex
1063 1590 1155 1624 libro
1178 1589 1350 1624 Fuoeensi
1367 1587 1440 1633 (9).-
1470 1588 1524 1621 ita
1548 1587 1612 1621 fiat
1637 1598 1699 1632 per

195 1660 295 1684 suam
319 1649 606 1684 misericordiam.
626 1669 668 1674 —
686 1649 743 1683 Ad
766 1648 899 1683 clerum
915 1648 957 1682 de
974 1648 1106 1682 sucessi
1123 1647 1267 1691 explicit
1283 1646 1325 1688 Z,
1350 1645 1406 1680 Ad
1422 1645 1646 1690 presbyteros
1663 1645 1700 1677 et

195 1708 359 1742 diaconos
377 1706 523 1752 explicit
539 1717 573 1748 Ζ,
590 1717 654 1741 om.
680 1705 794 1752 Θνβμ.
813 1725 857 1731 -
